%Ética em IA
%1 Estado Atual da Indústria na Ética em IA
@article{vakkuri2020current,
  title={The Current State of Industrial Practice in Artificial Intelligence Ethics},
  author={Vakkuri, Ville and Kemell, Kai-Kristian and Kultanen, Joni and Abrahamsson, Pekka},
  journal={IEEE Software},
  year={2020},
  publisher={IEEE}
}

@article{hagendorff2020ethics,
  title = {The Ethics of AI Ethics: An Evaluation of Guidelines},
  volume = {30},
  ISSN = {1572-8641},
  DOI = {10.1007/s11023-020-09517-8},
  number = {1},
  journal = {Minds and Machines},
  publisher = {Springer},
  author = {Hagendorff,  Thilo},
  year = {2020},
  month = feb,
  pages = {99–120}
}

@inproceedings{mcnamara2018does,
  title={Does ACM’s code of ethics change ethical decision making in software development?},
  author={McNamara, Andrew and Smith, Justin and Murphy-Hill, Emerson},
  booktitle={Proceedings of the 2018 26th ACM Joint Meeting on European Software Engineering Conference and Symposium on the Foundations of Software Engineering},
  pages={729--733},
  year={2018}
}

@article{fromwhattohow2019floridi,
  title={From What to How: An Initial Review of Publicly Available AI Ethics Tools, Methods and Research to Translate Principles into Practices},
  author={Morley, Jessica and Floridi, Luciano and Kinsey, Libby and Elhalal, Anat},
  journal={arXiv preprint arXiv:1905.06876},
  year={2019}
}

@inproceedings{siqueira2021ethical,
  title={Ethical Perspectives in AI: A Two-folded Exploratory Study From Literature and Active Development Projects},
  author={Siqueira De Cerqueira, Jos{\'e} Antonio and Dos Santos Althoff, Lucas and Santos De Almeida, Paulo and Dias Canedo, Edna},
  booktitle={Proceedings of the 54th Hawaii International Conference on System Sciences},
  pages={5240},
  year={2021}
}

@article{Ryan2020ArtificialIE,
  title={Artificial intelligence ethics guidelines for developers and users: clarifying their content and normative implications},
  author={Ryan, Mark and Stahl, Bernd Carsten},
  journal={Journal of Information, Communication and Ethics in Society},
  volume       = {19},
  number       = {1},
  pages        = {61--86},
  year         = {2021},
  publisher={Emerald Publishing Limited},
  doi={10.1108/JICES-12-2019-0138},
}

@article{vakkuri2019aireserachframework,
  title={AI Ethics in Industry: A Research Framework},
  author={Vakkuri, Ville and Kemell, Kai-Kristian and Abrahamsson, Pekka},
  journal={arXiv preprint arXiv:1910.12695},
  year={2019}
}

@article{siau2020artificial,
  title={Artificial Intelligence (AI) Ethics: Ethics of AI and Ethical AI},
  author={Siau, Keng and Wang, Weiyu},
  journal={Journal of Database Management (JDM)},
  volume={31},
  number={2},
  pages={74--87},
  year={2020},
  publisher={IGI Global}
}

@inproceedings{rothenberger2019relevance,
  author    = {Lea Rothenberger and
               Benjamin Fabian and
               Elmar Arunov},
  editor    = {Jan vom Brocke and
               Shirley Gregor and
               Oliver M{\"{u}}ller},
  title     = {Relevance of Ethical Guidelines for Artificial Intelligence - a Survey
               and Evaluation},
  booktitle = {27th European Conference on Information Systems - Information Systems
               for a Sharing Society, {ECIS} 2019, Stockholm and Uppsala, Sweden,
               June 8-14, 2019},
  year      = {2019},
  url       = {https://aisel.aisnet.org/ecis2019\_rip/26},
  timestamp = {Wed, 05 Jun 2019 13:28:56 +0200},
  biburl    = {https://dblp.org/rec/conf/ecis/RothenbergerFA19.bib},
  bibsource = {dblp computer science bibliography, https://dblp.org}
}

@article{hagerty2019global,
  title={Global AI Ethics: A Review of the Social Impacts and Ethical Implications of Artificial Intelligence},
  author={Hagerty, Alexa and Rubinov, Igor},
  journal={arXiv preprint arXiv:1907.07892},
  year={2019}
}

@article{jobin2019globallandscape,
  author       = {Anna Jobin and
                  Marcello Ienca and
                  Effy Vayena},
  title        = {The global landscape of {AI} ethics guidelines},
  journal      = {Nature Machine Intelligence},
  volume       = {1},
  number       = {9},
  pages        = {389--399},
  year         = {2019},
  publisher    = {Nature Publishing Group},
  doi          = {10.1038/S42256-019-0088-2}
}

@article{floridi2018ai4people,
  title={AI4People—An ethical framework for a good AI society: Opportunities, risks, principles, and recommendations},
  author={Floridi, Luciano and Cowls, Josh and Beltrametti, Monica and Chatila, Raja and Chazerand, Patrice and Dignum, Virginia and Luetge, Christoph and Madelin, Robert and Pagallo, Ugo and Rossi, Francesca and others},
  journal={Minds and Machines},
  volume={28},
  number={4},
  pages={689--707},
  year={2018},
  publisher={Springer}
}

@article{vakkuri2020eccola,
  title={ECCOLA--a Method for Implementing Ethically Aligned AI Systems},
  author={Vakkuri, Ville and Kemell, Kai-Kristian and Abrahamsson, Pekka},
  journal={arXiv preprint arXiv:2004.08377},
  year={2020}
}

@inproceedings{vakkuri2020prototype,
  author    = {Ville Vakkuri and
               Kai{-}Kristian Kemell and
               Marianna Jantunen and
               Pekka Abrahamsson},
  editor    = {Viktoria Stray and
               Rashina Hoda and
               Maria Paasivaara and
               Philippe Kruchten},
  title     = {"This is Just a Prototype": How Ethics Are Ignored in Software Startup-Like Environments},
  booktitle = {Agile Processes in Software Engineering and Extreme Programming -
               21st International Conference on Agile Software Development, {XP}
               2020, Copenhagen, Denmark, June 8-12, 2020, Proceedings},
  series    = {Lecture Notes in Business Information Processing},
  volume    = {383},
  pages     = {195--210},
  publisher = {Springer},
  year      = {2020},
  doi       = {10.1007/978-3-030-49392-9\_13},
  timestamp = {Fri, 29 May 2020 14:11:12 +0200},
  biburl    = {https://dblp.org/rec/conf/xpu/VakkuriKJA20.bib},
  bibsource = {dblp computer science bibliography, https://dblp.org},
  address = {}
}

@article{vakkuri2024MakingEthicsPractical,
  author       = {Erika Halme and
                  Marianna Jantunen and
                  Ville Vakkuri and
                  Kai{-}Kristian Kemell and
                  Pekka Abrahamsson},
  title        = {Making ethics practical: User stories as a way of implementing ethical
                  consideration in Software Engineering},
  journal      = {Inf. Softw. Technol.},
  volume       = {167},
  pages        = {107379},
  year         = {2024},
  doi          = {10.1016/J.INFSOF.2023.107379},
  timestamp    = {Fri, 26 Jan 2024 07:57:03 +0100},
  biburl       = {https://dblp.org/rec/journals/infsof/HalmeJVKA24.bib},
  bibsource    = {dblp computer science bibliography, https://dblp.org}
}

@article{Correa2023WorldwideAIethics200,
  author       = {Nicholas Kluge Corr{\^{e}}a and
                  Camila Galv{\~{a}}o and
                  James William Santos and
                  Carolina Del Pino and
                  Edson Pontes Pinto and
                  Camila Barbosa and
                  Diogo Massmann and
                  Rodrigo Mambrini and
                  Luiza Galv{\~{a}}o and
                  Edmund Terem and
                  Nythamar de Oliveira},
  title        = {Worldwide {AI} ethics: {A} review of 200 guidelines and recommendations
                  for {AI} governance},
  journal      = {Patterns},
  volume       = {4},
  number       = {10},
  pages        = {100857},
  year         = {2023},
  doi          = {10.1016/J.PATTER.2023.100857}
}

@inproceedings{Cerqueira2022Guide,
  author       = {Jos{\'{e}} Antonio Siqueira de Cerqueira and
                  Anayran Pinheiro De Azevedo and
                  Heloise Acco Tives Le{\~{a}}o and
                  Edna Dias Canedo},
  title        = {Guide for Artificial Intelligence Ethical Requirements Elicitation
                  - {RE4AI} Ethical Guide},
  booktitle    = {55th Hawaii International Conference on System Sciences, {HICSS} 2022,
                  Virtual Event / Maui, Hawaii, USA, January 4-7, 2022},
  pages        = {1--10},
  publisher    = {ScholarSpace},
  year         = {2022},
  url          = {http://hdl.handle.net/10125/80015}
}

@article{Vakkuri2021ECCOLAjournal,
  author       = {Ville Vakkuri and
                  Kai{-}Kristian Kemell and
                  Marianna Jantunen and
                  Erika Halme and
                  Pekka Abrahamsson},
  title        = {{ECCOLA} - {A} method for implementing ethically aligned {AI} systems},
  journal      = {J. Syst. Softw.},
  volume       = {182},
  pages        = {111067},
  year         = {2021},
  doi          = {10.1016/J.JSS.2021.111067},
  timestamp    = {Wed, 16 Mar 2022 23:53:07 +0100},
  biburl       = {https://dblp.org/rec/journals/jss/VakkuriKJHA21.bib},
  bibsource    = {dblp computer science bibliography, https://dblp.org}
}

%%%%%%%%%%%%%%%%%%%%%%%%%%%%%%%%%%%%%%%%%%%%
% Trustworthy LLM

% 1 Prsents the taxonomy and some guidelines on how to evaluate LLMs according to their alignment
@article{liu2023trustworthy,
  title={Trustworthy LLMs: a Survey and Guideline for Evaluating Large Language Models' Alignment},
  author={Liu, Yang and Yao, Yuanshun and Ton, Jean-Francois and Zhang, Xiaoying and Cheng, Ruocheng Guo Hao and Klochkov, Yegor and Taufiq, Muhammad Faaiz and Li, Hang},
  journal={arXiv preprint arXiv:2308.05374},
  year={2023}
}

% 2 Presents a survey on the evaluations of LLMs with 
@article{chang2023survey,
  title={A survey on evaluation of large language models},
  author={Chang, Yupeng and Wang, Xu and Wang, Jindong and Wu, Yuan and Zhu, Kaijie and Chen, Hao and Yang, Linyi and Yi, Xiaoyuan and Wang, Cunxiang and Wang, Yidong and others},
  journal={arXiv preprint arXiv:2307.03109},
  year={2023}
}

@article{sun2024trustllm,
  title={TrustLLM: Trustworthiness in Large Language Models},
  author={Sun, Lichao and Huang, Yue and Wang, Haoran and Wu, Siyuan and Zhang, Qihui and Gao, Chujie and Huang, Yixin and Lyu, Wenhan and Zhang, Yixuan and Li, Xiner and others},
  journal={arXiv preprint arXiv:2401.05561},
  year={2024}
}

@article{Ray2023ChatGPTReview,
  title={ChatGPT: A comprehensive review on background, applications, key challenges, bias, ethics, limitations and future scope},
  author={Ray, Partha Pratim},
  journal={Internet of Things and Cyber-Physical Systems},
  volume = {3},
  ISSN = {2667-3452},
  year={2023},
  publisher={Elsevier},
  pages = {121–154},
  doi = {10.1016/j.iotcps.2023.04.003}
}

@article{hoffmann2022training,
  title={Training compute-optimal large language models},
  author={Hoffmann, Jordan and Borgeaud, Sebastian and Mensch, Arthur and Buchatskaya, Elena and Cai, Trevor and Rutherford, Eliza and Casas, Diego de Las and Hendricks, Lisa Anne and Welbl, Johannes and Clark, Aidan and others},
  journal={arXiv preprint arXiv:2203.15556},
  year={2022}
}

@article{floridi2020gpt3,
  author       = {Luciano Floridi and
                  Massimo Chiriatti},
  title        = {{GPT-3:} Its Nature, Scope, Limits, and Consequences},
  journal      = {Minds Mach.},
  volume       = {30},
  number       = {4},
  pages        = {681--694},
  year         = {2020},
  doi          = {10.1007/S11023-020-09548-1},
  timestamp    = {Sun, 22 Oct 2023 11:16:17 +0200},
  biburl       = {https://dblp.org/rec/journals/mima/FloridiC20.bib},
  bibsource    = {dblp computer science bibliography, https://dblp.org}
}

@article{Weidinger2023Ethical,
  author       = {Laura Weidinger and
                  John Mellor and
                  Maribeth Rauh and
                  Conor Griffin and
                  Jonathan Uesato and
                  Po{-}Sen Huang and
                  Myra Cheng and
                  Mia Glaese and
                  Borja Balle and
                  Atoosa Kasirzadeh and
                  Zac Kenton and
                  Sasha Brown and
                  Will Hawkins and
                  Tom Stepleton and
                  Courtney Biles and
                  Abeba Birhane and
                  Julia Haas and
                  Laura Rimell and
                  Lisa Anne Hendricks and
                  William Isaac and
                  Sean Legassick and
                  Geoffrey Irving and
                  Iason Gabriel},
  title        = {Ethical and social risks of harm from Language Models},
  journal      = {CoRR},
  volume       = {abs/2112.04359},
  year         = {2021},
  url          = {https://arxiv.org/abs/2112.04359},
  eprinttype    = {arXiv},
  eprint       = {2112.04359},
  timestamp    = {Fri, 05 May 2023 15:54:56 +0200},
  biburl       = {https://dblp.org/rec/journals/corr/abs-2112-04359.bib},
  bibsource    = {dblp computer science bibliography, https://dblp.org}
}

% HELM - To Evaluate LLMs
@article{Liang2023HolisticHELM,
  title={Holistic evaluation of language models},
  author={Liang, Percy and Bommasani, Rishi and Lee, Tony and Tsipras, Dimitris and Soylu, Dilara and Yasunaga, Michihiro and Zhang, Yian and Narayanan, Deepak and Wu, Yuhuai and Kumar, Ananya and others},
  journal={arXiv preprint arXiv:2211.09110},
  year={2023}
}

% To Evaluat LLMs

@inproceedings{Wang2023DecodingTrustAC,
  author       = {Boxin Wang and
                  Weixin Chen and
                  Hengzhi Pei and
                  Chulin Xie and
                  Mintong Kang and
                  Chenhui Zhang and
                  Chejian Xu and
                  Zidi Xiong and
                  Ritik Dutta and
                  Rylan Schaeffer and
                  Sang T. Truong and
                  Simran Arora and
                  Mantas Mazeika and
                  Dan Hendrycks and
                  Zinan Lin and
                  Yu Cheng and
                  Sanmi Koyejo and
                  Dawn Song and
                  Bo Li},
  title        = {DecodingTrust: {A} Comprehensive Assessment of Trustworthiness in
                  {GPT} Models},
  booktitle    = {Advances in Neural Information Processing Systems 36: Annual Conference
                  on Neural Information Processing Systems 2023, NeurIPS 2023},
  year         = {2023}
}

% A Survey that shows many LLM alignment methods
@article{shen2023largeAlignment,
  title={Large language model alignment: A survey},
  author={Shen, Tianhao and Jin, Renren and Huang, Yufei and Liu, Chuang and Dong, Weilong and Guo, Zishan and Wu, Xinwei and Liu, Yan and Xiong, Deyi},
  journal={arXiv preprint arXiv:2309.15025},
  year={2023}
}

%%%%%%%%%%%%%%%%%%%%%%%%%%%%%%%%%%%%%%%%%%%%
% Multi-agent

@article{Lemon2022,
  title = {Conversational AI for multi-agent communication in Natural Language: Research directions at the Interaction Lab},
  volume = {35},
  ISSN = {0921-7126},
  DOI = {10.3233/aic-220147},
  number = {4},
  journal = {AI Communications},
  publisher = {IOS Press},
  author = {Lemon,  Oliver},
  editor = {Albrecht,  Stefano V. and Woolridge,  Michael},
  year = {2022},
  pages = {295–308}
}

@article{Du2023ImprovingFA,
  title={Improving Factuality and Reasoning in Language Models through Multiagent Debate},
  author={Yilun Du and Shuang Li and Antonio Torralba and Joshua B. Tenenbaum and Igor Mordatch},
  journal={arXiv preprint arXiv:2305.14325},
  year={2023}
}


@article{Wu2023AutoGenEN,
  title={Autogen: Enabling next-gen llm applications via multi-agent conversation framework},
  author={Wu, Qingyun and Bansal, Gagan and Zhang, Jieyu and Wu, Yiran and Zhang, Shaokun and Zhu, Erkang and Li, Beibin and Jiang, Li and Zhang, Xiaoyun and Wang, Chi},
  journal={arXiv preprint arXiv:2308.08155},
  year={2023}
}

@article{Talebirad2023MultiAgentCH,
  title={Multi-agent collaboration: Harnessing the power of intelligent llm agents},
  author={Talebirad, Yashar and Nadiri, Amirhossein},
  journal={arXiv preprint arXiv:2306.03314},
  year={2023}
}

% MetaGPT

@article{Hong2023MetaGPT,
  title={MetaGPT: Meta Programming for Multi-Agent Collaborative Framework},
  author={Sirui Hong and Xiawu Zheng and Jonathan P. Chen and Yuheng Cheng and Ceyao Zhang and Zili Wang and Steven Ka Shing Yau and Zi Hen Lin and Liyang Zhou and Chenyu Ran and Lingfeng Xiao and Chenglin Wu},
  journal={ArXiv},
  year={2023},
  volume={abs/2308.00352}
}

% ChatDEV
@article{Qian2023CommunicativeChatDev,
  title={Communicative agents for software development},
  author={Qian, Chen and Cong, Xin and Yang, Cheng and Chen, Weize and Su, Yusheng and Xu, Juyuan and Liu, Zhiyuan and Sun, Maosong},
  journal={arXiv preprint arXiv:2307.07924},
  year={2023}
}

%%%%%%%%%%%%%%%%%%%%%%%%%%%%%%%%%%%%%%%%%%%%
% OpenAI's ChatGPT
@misc{openai2023chatgpt,
  author = {{OpenAI}},
  title = {ChatGPT: Optimizing Language Models for Dialogue},
  howpublished = {\url{https://openai.com/chatgpt}},
  note = {[Accessed 18 February 2024]},
  year = {2023}
}


%%%%%%%%%%%%%%%%%%%%%%%%%%%%%%%%%%%%%%%%%%%%
% Zeeshan CodePori
@misc{rasheed2024codepori,
      title={CodePori: Large Scale Model for Autonomous Software Development by Using Multi-Agents}, 
      author={Zeeshan Rasheed and Muhammad Waseem and Mika Saari and Kari Systä and Pekka Abrahamsson},
      year={2024},
      eprint={2402.01411},
      archivePrefix={arXiv},
      primaryClass={cs.SE}
}

%%%%%%%%%%%%%%%%%%%%%%%%%%%%%%%%%%%%%%%%%%%%
%Thematic Analysis and LLM
@inproceedings{dai2023llmforthematicanalysis,
  author       = {Shih{-}Chieh Dai and
                  Aiping Xiong and
                  Lun{-}Wei Ku},
  editor       = {Houda Bouamor and
                  Juan Pino and
                  Kalika Bali},
  title        = {LLM-in-the-loop: Leveraging Large Language Model for Thematic Analysis},
  booktitle    = {Findings of the Association for Computational Linguistics: {EMNLP}
                  2023, Singapore, December 6-10, 2023},
  pages        = {9993--10001},
  publisher    = {Association for Computational Linguistics},
  year         = {2023},
  doi          = {10.18653/V1/2023.FINDINGS-EMNLP.669}
}

@article{Drapal2023UsingLL,
  title={Using Large Language Models to Support Thematic Analysis in Empirical Legal Studies},
  author={Jakub Dr{\'a}pal and Hannes Westermann and Jarom{\'i}r {\v{S}}avelka},
  journal={ArXiv},
  year={2023},
  volume={abs/2310.18729}
}




%%%%%%%%%%%%%%%%%%%%%%%%%%%%%%%%%%%%%%%%%%%%
% Methodology

% 1 Langley
@article{Langley1999StrategiesFT,
  title={Strategies for Theorizing from Process Data},
  author={Ann Langley},
  journal={Academy of Management Review},
  year={1999},
  volume={24},
  pages={691-710},
  url={https://api.semanticscholar.org/CorpusID:167678307}
}

% 2 Thematic Analysis
@article{Braun2006,
  title = {Using thematic analysis in psychology},
  volume = {3},
  ISSN = {1478-0895},
  number = {2},
  journal = {Qualitative Research in Psychology},
  publisher = {Informa UK Limited},
  author = {Braun,  Virginia and Clarke,  Victoria},
  year = {2006},
  month = jan,
  pages = {77–101}
}

# 3 Narrative Analysis
@article{Riessman1993,
  title={Doing narrative analysis},
  author={Riessman, CK},
  journal={Narrative Analysis. London: Sage Publications},
  year={1993}
}

@article{Eastmond2007Stories,title={Stories as Lived Experience: Narratives in Forced Migration Research},author={Marita Eastmond},journal={Journal of Refugee Studies},year={2007},volume={20},pages={248-264},doi={10.1093/JRS/FEM007}}

% 4 Grounded Theory
@book{Glaser2017,
  title = {The Discovery of Grounded Theory: Strategies for Qualitative Research},
  ISBN = {9780203793206},
  DOI = {10.4324/9780203793206},
  publisher = {Routledge},
  author = {Glaser,  Barney G. and Strauss,  Anselm L.},
  year = {2017},
  month = jul 
}

@article{Lal2015Examining,
  title = {Examining the Potential of Combining the Methods of Grounded Theory and Narrative Inquiry: A Comparative Analysis},
  ISSN = {1052-0147},
  DOI = {10.46743/2160-3715/2012.1767},
  journal = {The Qualitative Report},
  publisher = {Nova Southeastern University},
  author = {Lal,  Shalini and Suto,  Melinda and Ungar,  Michael},
  year = {2015},
  month = jan 
}

% LLM 4 SE
@article{ozkaya2023application,
  author       = {Ipek Ozkaya},
  title        = {Application of Large Language Models to Software Engineering Tasks:
                  Opportunities, Risks, and Implications},
  journal      = {{IEEE} Software},
  publisher    = {IEEE},
  volume       = {40},
  number       = {3},
  pages        = {4--8},
  year         = {2023},
  doi          = {10.1109/MS.2023.3248401}
}

% LLM 4 SE
@article{peng2023software,
  title={Software development in the age of intelligence: embracing large language models with the right approach},
  author={Peng, Xin},
  journal={Frontiers of Information Technology \& Electronic Engineering},
  volume={24},
  number={11},
  pages={1513--1519},
  year={2023},
  doi={10.1631/FITEE.2300537},
  publisher={Springer}
}

%%%%%%%%%%%%%%%%%%%%%%%%%%%%%%%%%%%%%%%%%%%%
% LLM 4 Qualitative Analysis

% 1
@article{bano2024large,
  author       = {Muneera Bano and
                  Rashina Hoda and
                  Didar Zowghi and
                  Christoph Treude},
  title        = {Large language models for qualitative research in software engineering:
                  exploring opportunities and challenges},
  journal      = {Autom. Softw. Eng.},
  volume       = {31},
  number       = {1},
  pages        = {8},
  year         = {2024},
  doi          = {10.1007/S10515-023-00407-8}
}

% 2
@article{hamilton2023exploring,
  title={Exploring the use of AI in qualitative analysis: A comparative study of guaranteed income data},
  author={Hamilton, Leah and Elliott, Desha and Quick, Aaron and Smith, Simone and Choplin, Victoria},
  journal={International Journal of Qualitative Methods},
  volume={22},
  ISSN = {1609-4069},
  year={2023},
  publisher={SAGE Publications},
  doi = {10.1177/16094069231201504}
}

% 3
@inproceedings{siiman2023opportunities,
  title={Opportunities and Challenges for AI-Assisted Qualitative Data Analysis: An Example from Collaborative Problem-Solving Discourse Data},
  author={Siiman, Leo A and Rannastu-Avalos, Meeli and P{\"o}ys{\"a}-Tarhonen, Johanna and H{\"a}kkinen, P{\"a}ivi and Pedaste, Margus},
  booktitle={International Conference on Innovative Technologies and Learning},
  pages={87--96},
  volume={14099},
  year={2023},
  publisher={Springer},
  doi={10.1007/978-3-031-40113-8\_9},
}

% 4
@article{rasheed2024can,
  title={Can Large Language Models Serve as Data Analysts? A Multi-Agent Assisted Approach for Qualitative Data Analysis},
  author={Rasheed, Zeeshan and Waseem, Muhammad and Ahmad, Aakash and Kemell, Kai-Kristian and Xiaofeng, Wang and Duc, Anh Nguyen and Abrahamsson, Pekka},
  journal={arXiv preprint arXiv:2402.01386},
  year={2024}
}

% 5 
@article{David2023ExploringTheUseofAIQualitative,
  title={Exploring the use of artificial intelligence for qualitative data analysis: The case of ChatGPT},
  author={Morgan, David L},
  journal={International journal of qualitative methods},
  volume={22},
  pages={16094069231211248},
  year={2023},
  publisher={SAGE},
  doi={10.1177/160940692312112}
}


@inproceedings{cabrero2023perceived,
  title={Perceived trustworthiness of natural language generators},
  author={Cabrero-Daniel, Beatriz and Sanagust{\'\i}n Cabrero, Andrea},
  booktitle={Proceedings of the First International Symposium on Trustworthy Autonomous Systems},
  pages={1--9},
  year={2023}
}

@article{Floersch2010IntegratingTG,
  title={Integrating Thematic, Grounded Theory and Narrative Analysis},
  author={Jerry E. Floersch and Jeffrey L. Longhofer and Derrick Kranke and Lisa Townsend},
  journal={Qualitative Social Work},
  year={2010},
  volume={9},
  pages={407 - 425},
  url={https://api.semanticscholar.org/CorpusID:145081892}
}

@article{ni2024mechagents,
  title = {MechAgents: Large language model multi-agent collaborations can solve mechanics problems, generate new data, and integrate knowledge},
  volume = {67},
  ISSN = {2352-4316},
  DOI = {10.1016/j.eml.2024.102131},
  journal = {Extreme Mechanics Letters},
  publisher = {Elsevier},
  author = {Ni, Bo and Buehler, Markus J.},
  year = {2024},
  pages = {102131}
}


@article{cidell2010content,
  title={Content clouds as exploratory qualitative data analysis},
  author={Cidell, Julie},
  journal={Area},
  volume={42},
  number={4},
  pages={514--523},
  year={2010},
  publisher={Wiley Online Library}
}

@article{hevner2004design,
  author       = {Alan R. Hevner and
                  Salvatore T. March and
                  Jinsoo Park and
                  Sudha Ram},
  title        = {Design Science in Information Systems Research},
  journal      = {{MIS} Q.},
  volume       = {28},
  number       = {1},
  pages        = {75--105},
  year         = {2004}
}

@incollection{blair2023comparative,
  title={Comparative Analysis},
  author={Blair-Walcott, Kenisha},
  booktitle={Varieties of Qualitative Research Methods: Selected Contextual Perspectives},
  pages={79--84},
  year={2023},
  publisher={Springer}
}
@article{hosseini2023ethics,
  title={The ethics of disclosing the use of artificial intelligence tools in writing scholarly manuscripts},
  author={Hosseini, Mohammad and Resnik, David B and Holmes, Kristi},
  journal={Research Ethics},
  volume={19},
  number={4},
  pages={449--465},
  year={2023},
  publisher={SAGE Publications Sage UK: London, England}
}
@article{porsdam2024autogen,
  title={AUTOGEN and the Ethics of Co-Creation with Personalized LLMs—Reply to the Commentaries},
  author={Porsdam Mann, Sebastian and Earp, Brian D and M{\o}ller, Nikolaj and Suren, Vynn and Savulescu, Julian},
  journal={The American Journal of Bioethics},
  pages={1--9},
  year={2024},
  publisher={Taylor \& Francis}
}

%%%%%%%%%%%%%%%%%%%%%%%%%%%%%%%%%%%%%%%%%%%%
% AI Definition 
@article{simmons1988artificial,
  title={Artificial intelligence-definition and practice},
  author={Simmons, Asa B and Chappell, Steven G},
  journal={IEEE journal of oceanic engineering},
  volume={13},
  number={2},
  pages={14--42},
  year={1988},
  publisher={IEEE}
}

@book{russell2010artificial,
  author       = {Stuart Russell and
                  Peter Norvig},
  title        = {Artificial Intelligence: {A} Modern Approach (3rd Edition)},
  publisher    = {Pearson},
  year         = {2010},
  isbn         = {9780136042594}
}

@misc{europaActFirst_EUAIAct,
	author = {European Commission},
	title = {{E}{U} {A}{I} {A}ct: first regulation on artificial intelligence},
	howpublished = {\url{https://www.europarl.europa.eu/topics/en/article/20230601STO93804/eu-ai-act-first-regulation-on-artificial-intelligence}},
	year = {2023},
	note = {[Accessed 01 April 2024]},
}

% AI4SE

@inproceedings{DBLP:conf/fose-ws/Lo23,
  author       = {David Lo},
  title        = {Trustworthy and Synergistic Artificial Intelligence for Software Engineering:
                  Vision and Roadmaps},
  booktitle    = {{IEEE/ACM} International Conference on Software Engineering: Future
                  of Software Engineering, ICSE-FoSE 2023, Melbourne, Australia, May
                  14-20, 2023},
  pages        = {69--85},
  publisher    = {{IEEE}},
  year         = {2023},
  doi          = {10.1109/ICSE-FOSE59343.2023.00010},
  timestamp    = {Tue, 07 May 2024 20:13:21 +0200},
  biburl       = {https://dblp.org/rec/conf/fose-ws/Lo23.bib},
  bibsource    = {dblp computer science bibliography, https://dblp.org}
}

@article{Hou2023LLM4SEaSLR,
  title={Large language models for software engineering: A systematic literature review},
  author={Hou, Xinyi and Zhao, Yanjie and Liu, Yue and Yang, Zhou and Wang, Kailong and Li, Li and Luo, Xiapu and Lo, David and Grundy, John and Wang, Haoyu},
  journal={ACM Transactions on Software Engineering and Methodology},
  year={2023},
  publisher={ACM New York, NY},
  doi={10.1145/3695988}
}

% Cases that gone wrong

@inproceedings{Pearce2022Asleep,
  author       = {Hammond Pearce and
                  Baleegh Ahmad and
                  Benjamin Tan and
                  Brendan Dolan{-}Gavitt and
                  Ramesh Karri},
  title        = {Asleep at the Keyboard? Assessing the Security of GitHub Copilot's
                  Code Contributions},
  booktitle    = {43rd {IEEE} Symposium on Security and Privacy},
  pages        = {754--768},
  publisher    = {{IEEE}},
  year         = {2022},
  doi          = {10.1109/SP46214.2022.9833571}
}

@article{Liu2024RefiningChatGPTCode,
  author       = {Yue Liu and
                  Thanh Le{-}Cong and
                  Ratnadira Widyasari and
                  Chakkrit Tantithamthavorn and
                  Li Li and
                  Xuan{-}Bach Dinh Le and
                  David Lo},
  title        = {Refining ChatGPT-Generated Code: Characterizing and Mitigating Code
                  Quality Issues},
  journal      = {{ACM} Trans. Softw. Eng. Methodol.},
  volume       = {33},
  number       = {5},
  pages        = {116:1--116:26},
  year         = {2024},
  doi          = {10.1145/3643674},
  timestamp    = {Thu, 04 Jul 2024 22:03:34 +0200},
  biburl       = {https://dblp.org/rec/journals/tosem/LiuLWTLLL24.bib},
  bibsource    = {dblp computer science bibliography, https://dblp.org}
}

@article{newell1975tutorialablation,
  title={A tutorial on speech understanding systems},
  author={Newell, Allen},
  journal={Speech recognition},
  pages={4--54},
  year={1975}
}

@article{meyes2019ablation,
  title={Ablation studies in artificial neural networks},
  author={Meyes, Richard and Lu, Melanie and de Puiseau, Constantin Waubert and Meisen, Tobias},
  journal={arXiv preprint arXiv:1901.08644},
  year={2019}
}

@article{floridi2022unified,
  title={A unified framework of five principles for AI in society},
  author={Floridi, Luciano and Cowls, Josh},
  journal={Machine learning and the city: Applications in architecture and urban design},
  pages={535--545},
  year={2022},
  publisher={Wiley Online Library}
}

@misc{google2025endingaiban,
  author       = {Lucy Hooker and Chris Vallance},
  title        = {Concern over Google ending ban on AI weapons},
  year         = {2025},
  month        = {February},
  day          = {5},
  url          = {https://www.bbc.com/news/articles/cy081nqx2zjo},
  note         = {Accessed: 2025-02-20},
  howpublished = {BBC News}
}

@misc{elysee_2025,
  author       = {Élysée},
  title        = {Statement on Inclusive and Sustainable Artificial Intelligence for People and the Planet},
  year         = {2025},
  month        = {February},
  day          = {11},
  url          = {https://www.elysee.fr/en/emmanuel-macron/2025/02/11/statement-on-inclusive-and-sustainable-artificial-intelligence-for-people-and-the-planet},
  note         = {Accessed: 2025-02-20},
  howpublished = {Official statement from the Élysée website}
}

@article{aria2017bibliometrix,
  author       = {Massimo Aria and
                  Corrado Cuccurullo},
  title        = {bibliometrix: An R-tool for comprehensive science mapping analysis},
  journal      = {J. Informetrics},
  volume       = {11},
  number       = {4},
  pages        = {959--975},
  year         = {2017},
  url          = {https://doi.org/10.1016/j.joi.2017.08.007},
  doi          = {10.1016/J.JOI.2017.08.007},
  timestamp    = {Mon, 28 Aug 2023 21:26:36 +0200},
  biburl       = {https://dblp.org/rec/journals/joi/AriaC17.bib},
  bibsource    = {dblp computer science bibliography, https://dblp.org}
}

@article{Donthu2021HowTCbibliometric,
  title={How to conduct a bibliometric analysis: An overview and guidelines},
  author={Naveen Donthu and Satish Kumar and Debmalya Mukherjee and Nitesh Pandey and Weng Marc Lim},
  journal={Journal of Business Research},
  year={2021},
  volume={133},
  pages={285-296}
}

@misc{smith2025responsiblegenerativeaiuse,
      title={Responsible Generative AI Use by Product Managers: Recoupling Ethical Principles and Practices}, 
      author={Genevieve Smith and Natalia Luka and Merrick Osborne and Brian Lattimore and Jessica Newman and Brandie Nonnecke and Brent Mittelstadt},
      year={2025},
      eprint={2501.16531},
      archivePrefix={arXiv},
      primaryClass={cs.CY},
      url={https://arxiv.org/abs/2501.16531}, 
}

@article{Caputo2021DigitalizationAB,
  title={Digitalization and business models: Where are we going? A science map of the field},
  author={Andrea Caputo and Simone Pizzi and Massimiliano Matteo Pellegrini and Marina Dabi{\'c}},
  journal={Journal of Business Research},
  year={2021},
  url={https://api.semanticscholar.org/CorpusID:226328861}
}

@misc{sillberg2024euaiactgood,
      title={The EU AI Act is a good start but falls short}, 
      author={Chalisa Veesommai Sillberg and Jose Siqueira De Cerqueira and Pekka Sillberg and Kai-Kristian Kemell and Pekka Abrahamsson},
      year={2024},
      eprint={2411.08535},
      archivePrefix={arXiv},
      primaryClass={cs.SE},
      url={https://arxiv.org/abs/2411.08535}, 
}

@TechReport{TrustworthyAIHLEG,
  title        = {Ethics Guidelines for Trustworthy AI},
  author       = {{High-Level Expert Group on Artificial Intelligence}},
  institution  = {European Commission},
  year         = {2019},
  month        = {April},
  url          = {https://ec.europa.eu/digital-single-market/en/news/ethics-guidelines-trustworthy-ai}
}

%%%%%%%%%%%%%%%%%%%%%%%%%%%%%%%%%%%%%%%%%%%%%%%%%%%%%%%%%%%%%%%%%%%%%
%%%%%%%%%%%%%%%%HERE ARE THE REFERENCES TO THE REVIEW (Table Definition) %%%%%%%%%%%%%%%
%%%%%%%%%%%%%%%%%%%%%%%%%%%%%%%%%%%%%%%%%%%%%%%%%%%%%%%%%%%%%%%%%%%%%

% 1
@inproceedings{Jha2023Challenges,
  title = {Challenges and Opportunities in Neuro-Symbolic Composition of Foundation Models},
  url = {http://dx.doi.org/10.1109/MILCOM58377.2023.10356344},
  DOI = {10.1109/milcom58377.2023.10356344},
  booktitle = {MILCOM 2023 - 2023 IEEE Military Communications Conference (MILCOM)},
  publisher = {IEEE},
  author = {Jha,  Susmit and Roy,  Anirban and Cobb,  Adam and Berenbeim,  Alexander and Bastian,  Nathaniel D.},
  year = {2023},
  month = oct,
  pages = {156–161}
}

% 2
@inproceedings{Lucchese2023CanEmbeddings,
  series = {CIKM ’23},
  title = {Can Embeddings Analysis Explain Large Language Model Ranking?},
  url = {http://dx.doi.org/10.1145/3583780.3615225},
  DOI = {10.1145/3583780.3615225},
  booktitle = {Proceedings of the 32nd ACM International Conference on Information and Knowledge Management},
  publisher = {ACM},
  author = {Lucchese,  Claudio and Minello,  Giorgia and Nardini,  Franco Maria and Orlando,  Salvatore and Perego,  Raffaele and Veneri,  Alberto},
  year = {2023},
  month = oct,
  pages = {4150–4154},
  collection = {CIKM ’23}
}

% 3
@inproceedings{Chen2023CanLLMProvide,
  series = {ACSAC ’23},
  title = {Can Large Language Models Provide Security \& Privacy Advice? Measuring the Ability of LLMs to Refute Misconceptions},
  url = {http://dx.doi.org/10.1145/3627106.3627196},
  DOI = {10.1145/3627106.3627196},
  booktitle = {Annual Computer Security Applications Conference},
  publisher = {ACM},
  author = {Chen,  Yufan and Arunasalam,  Arjun and Celik,  Z. Berkay},
  year = {2023},
  month = dec,
  pages = {366–378},
  collection = {ACSAC ’23}
}

% 4
@article{Carnevale2023-CARHEF-2,
	author = {Antonio Carnevale and Claudia Falchi Delgado and Piercosma Bisconti},
	journal = {Humana Mente},
	number = {44},
	publisher = {Associazione Culturale Humana.Mente},
	title = {Hybrid Ethics for Generative Ai: Some Philosophical Inquiries on Gans},
	volume = {16},
	year = {2023}
}

% 5
@inproceedings{Wang2024InvestigatingTrust,
  series = {FAccT ’24},
  title = {Investigating and Designing for Trust in AI-powered Code Generation Tools},
  url = {http://dx.doi.org/10.1145/3630106.3658984},
  DOI = {10.1145/3630106.3658984},
  booktitle = {The 2024 ACM Conference on Fairness,  Accountability,  and Transparency},
  publisher = {ACM},
  author = {Wang,  Ruotong and Cheng,  Ruijia and Ford,  Denae and Zimmermann,  Thomas},
  year = {2024},
  month = jun,
  pages = {1475–1493},
  collection = {FAccT ’24}
}

% 6
@inproceedings{Ganapati2024PublicValue,
  series = {dg.o 2024},
  title = {Public Value Principles for Secure and Trusted AI},
  url = {http://dx.doi.org/10.1145/3657054.3657086},
  DOI = {10.1145/3657054.3657086},
  booktitle = {Proceedings of the 25th Annual International Conference on Digital Government Research},
  publisher = {ACM},
  author = {Ganapati,  Sukumar and Desouza,  Kevin},
  year = {2024},
  month = jun,
  pages = {251–257},
  collection = {dg.o 2024}
}

% 7
@inbook{ajewska2024,
  title = {Towards Reliable and Factual Response Generation: Detecting Unanswerable Questions in Information-Seeking Conversations},
  ISBN = {9783031560637},
  ISSN = {1611-3349},
  url = {http://dx.doi.org/10.1007/978-3-031-56063-7_25},
  DOI = {10.1007/978-3-031-56063-7_25},
  booktitle = {Advances in Information Retrieval},
  publisher = {Springer Nature Switzerland},
  author = {Łajewska,  Weronika and Balog,  Krisztian},
  year = {2024},
  pages = {336–344}
}

% 8
@article{Lacity2024,
  title = {IT’s a matter of trust: Literature reviews and analyses of human trust in information technology},
  ISSN = {1466-4437},
  url = {http://dx.doi.org/10.1177/02683962231226397},
  DOI = {10.1177/02683962231226397},
  journal = {Journal of Information Technology},
  publisher = {SAGE Publications},
  author = {Lacity,  Mary C and Schuetz,  Sebastian W and Kuai,  Le and Steelman,  Zachary R},
  year = {2024},
  month = jan 
}

% 9
@article{Gaur2024,
  title = {Building trustworthy NeuroSymbolic AI Systems: Consistency,  reliability,  explainability,  and safety},
  volume = {45},
  ISSN = {2371-9621},
  url = {http://dx.doi.org/10.1002/aaai.12149},
  DOI = {10.1002/aaai.12149},
  number = {1},
  journal = {AI Magazine},
  publisher = {Wiley},
  author = {Gaur,  Manas and Sheth,  Amit},
  year = {2024},
  month = feb,
  pages = {139–155}
}

% 10
@article{LuoJess2024,
  title = {How does GenAI affect trust in teacher-student relationships? Insights from students’ assessment experiences},
  ISSN = {1470-1294},
  url = {http://dx.doi.org/10.1080/13562517.2024.2341005},
  DOI = {10.1080/13562517.2024.2341005},
  journal = {Teaching in Higher Education},
  publisher = {Informa UK Limited},
  author = {Luo (Jess),  Jiahui},
  year = {2024},
  month = apr,
  pages = {1–16}
}

% 11
@article{Buchanan2024,
  title = {Do people trust humans more than ChatGPT?},
  volume = {112},
  ISSN = {2214-8043},
  url = {http://dx.doi.org/10.1016/j.socec.2024.102239},
  DOI = {10.1016/j.socec.2024.102239},
  journal = {Journal of Behavioral and Experimental Economics},
  publisher = {Elsevier BV},
  author = {Buchanan,  Joy and Hickman,  William},
  year = {2024},
  month = oct,
  pages = {102239}
}

% 12
@article{Ressel2024,
  title = {Addressing the notion of trust around ChatGPT in the high-stakes use case of insurance},
  volume = {78},
  ISSN = {0160-791X},
  url = {http://dx.doi.org/10.1016/j.techsoc.2024.102644},
  DOI = {10.1016/j.techsoc.2024.102644},
  journal = {Technology in Society},
  publisher = {Elsevier BV},
  author = {Ressel,  Juliane and V\"{o}ller,  Michaele and Murphy,  Finbarr and Mullins,  Martin},
  year = {2024},
  month = sep,
  pages = {102644}
}

% 13
@article{Califano2024,
  title = {Would you trust an AI chef? Examining what people think when AI becomes creative with food},
  volume = {37},
  ISSN = {1878-450X},
  url = {http://dx.doi.org/10.1016/j.ijgfs.2024.100973},
  DOI = {10.1016/j.ijgfs.2024.100973},
  journal = {International Journal of Gastronomy and Food Science},
  publisher = {Elsevier BV},
  author = {Califano,  Giovanbattista and Zhang,  Tianyi and Spence,  Charles},
  year = {2024},
  month = sep,
  pages = {100973}
}

% 14
@article{Jenks2024,
  title = {Communicating the cultural other: trust and bias in generative AI and large language models},
  ISSN = {1868-6311},
  url = {http://dx.doi.org/10.1515/applirev-2024-0196},
  DOI = {10.1515/applirev-2024-0196},
  journal = {Applied Linguistics Review},
  publisher = {Walter de Gruyter GmbH},
  author = {Jenks,  Christopher J.},
  year = {2024},
  month = jun 
}

% 15
@article{JasperJia2025,
  title = {Unpacking the impact of AI vs. human-generated review summary on hotel booking intentions},
  volume = {126},
  ISSN = {0278-4319},
  url = {http://dx.doi.org/10.1016/j.ijhm.2024.104030},
  DOI = {10.1016/j.ijhm.2024.104030},
  journal = {International Journal of Hospitality Management},
  publisher = {Elsevier BV},
  author = {(Jasper) Jia,  Shizhen and Chi,  Oscar Hengxuan and Chi,  Christina G.},
  year = {2025},
  month = apr,
  pages = {104030}
}

% 16
@article{Martell2024,
  title = {Mitigative Strategies for Recovering From Large Language Model Trust Violations},
  volume = {19},
  ISSN = {1555-3434},
  url = {http://dx.doi.org/10.1177/15553434241303577},
  DOI = {10.1177/15553434241303577},
  number = {1},
  journal = {Journal of Cognitive Engineering and Decision Making},
  publisher = {SAGE Publications},
  author = {Martell,  Max J. and Baweja,  Jessica A. and Dreslin,  Brandon D.},
  year = {2024},
  month = dec,
  pages = {76–95}
}

% 17
@article{Zhou2024,
  title = {The effect of trust on user adoption of AI-generated content},
  volume = {43},
  ISSN = {1758-616X},
  url = {http://dx.doi.org/10.1108/EL-08-2024-0244},
  DOI = {10.1108/el-08-2024-0244},
  number = {1},
  journal = {The Electronic Library},
  publisher = {Emerald},
  author = {Zhou,  Tao and Lu,  Hailin},
  year = {2024},
  month = dec,
  pages = {61–76}
}

% 18
@inproceedings{BaezaYates2024,
  series = {WSDM ’24},
  title = {Introduction to Responsible AI},
  url = {http://dx.doi.org/10.1145/3616855.3636455},
  DOI = {10.1145/3616855.3636455},
  booktitle = {Proceedings of the 17th ACM International Conference on Web Search and Data Mining},
  publisher = {ACM},
  author = {Baeza-Yates,  Ricardo},
  year = {2024},
  month = mar,
  pages = {1114–1117},
  collection = {WSDM ’24}
}

% END ORIGINAL REFERENCES FROM TABLE DEFINITIONS
%%%%%%%%%%%%%%%%%%%%%%%%%%%%%%%%%%%%%%%%%%%%%%%%%%%%%%%%%
% BEGIN CITED REFERENCES WITHIN TABLE DEFINITION

@article{Lee2004,
  title = {Trust in Automation: Designing for Appropriate Reliance},
  volume = {46},
  ISSN = {0018-7208},
  url = {http://dx.doi.org/10.1518/hfes.46.1.50_30392},
  DOI = {10.1518/hfes.46.1.50_30392},
  number = {1},
  journal = {Human Factors: The Journal of the Human Factors and Ergonomics Society},
  publisher = {Oxford University Press (OUP)},
  author = {Lee,  J. D. and See,  K. A.},
  year = {2004},
  month = jan,
  pages = {50–80}
}

@inproceedings{Liao2022,
  series = {FAccT ’22},
  title = {Designing for Responsible Trust in AI Systems: A Communication Perspective},
  url = {http://dx.doi.org/10.1145/3531146.3533182},
  DOI = {10.1145/3531146.3533182},
  booktitle = {2022 ACM Conference on Fairness,  Accountability,  and Transparency},
  publisher = {ACM},
  author = {Liao,  Q.Vera and Sundar,  S. Shyam},
  year = {2022},
  month = jun,
  pages = {1257–1268},
  collection = {FAccT ’22}
}

@article{Vereschak2021,
  title = {How to Evaluate Trust in AI-Assisted Decision Making? A Survey of Empirical Methodologies},
  volume = {5},
  ISSN = {2573-0142},
  url = {http://dx.doi.org/10.1145/3476068},
  DOI = {10.1145/3476068},
  number = {CSCW2},
  journal = {Proceedings of the ACM on Human-Computer Interaction},
  publisher = {Association for Computing Machinery (ACM)},
  author = {Vereschak,  Oleksandra and Bailly,  Gilles and Caramiaux,  Baptiste},
  year = {2021},
  month = oct,
  pages = {1–39}
}

@misc{EuropeanCommission2019,
  author       = {European Commission},
  title        = {Communication: Building Trust in Human-Centric Artificial Intelligence},
  year         = {2019},
  month        = {April},
  url          = {https://digital-strategy.ec.europa.eu/en/library/communication-building-trust-human-centric-artificial-intelligence},
  note         = {Communication from the Commission to the European Parliament, the Council, the European Economic and Social Committee, and the Committee of the Regions - COM(2019)168},
  institution  = {European Commission},
  urldate      = {2025-02-25}
}

@misc{das2020opportunitieschallengesexplainableartificial,
      title={Opportunities and Challenges in Explainable Artificial Intelligence (XAI): A Survey}, 
      author={Arun Das and Paul Rad},
      year={2020},
      eprint={2006.11371},
      archivePrefix={arXiv},
      primaryClass={cs.CV},
      url={https://arxiv.org/abs/2006.11371}, 
}

@article{Boubin2017,
  title = {Quantifying Compliance and Reliance Trust Behaviors to Influence Trust in Human-Automation Teams},
  volume = {61},
  ISSN = {2169-5067},
  url = {http://dx.doi.org/10.1177/1541931213601672},
  DOI = {10.1177/1541931213601672},
  number = {1},
  journal = {Proceedings of the Human Factors and Ergonomics Society Annual Meeting},
  publisher = {SAGE Publications},
  author = {Boubin,  Jayson G. and Rusnock,  Christina F. and Bindewald,  Jason M.},
  year = {2017},
  month = sep,
  pages = {750–754}
}

@article{OConnor2019,
  title = {A question of trust: can we build an evidence base to gain trust in systematic review automation technologies?},
  volume = {8},
  ISSN = {2046-4053},
  url = {http://dx.doi.org/10.1186/s13643-019-1062-0},
  DOI = {10.1186/s13643-019-1062-0},
  number = {1},
  journal = {Systematic Reviews},
  publisher = {Springer Science and Business Media LLC},
  author = {O’Connor,  Annette M. and Tsafnat,  Guy and Thomas,  James and Glasziou,  Paul and Gilbert,  Stephen B. and Hutton,  Brian},
  year = {2019},
  month = jun 
}

@inproceedings{Pearce2022,
  title = {Asleep at the Keyboard? Assessing the Security of GitHub Copilot’s Code Contributions},
  url = {http://dx.doi.org/10.1109/SP46214.2022.9833571},
  DOI = {10.1109/sp46214.2022.9833571},
  booktitle = {2022 IEEE Symposium on Security and Privacy (SP)},
  publisher = {IEEE},
  author = {Pearce,  Hammond and Ahmad,  Baleegh and Tan,  Benjamin and Dolan-Gavitt,  Brendan and Karri,  Ramesh},
  year = {2022},
  month = may,
  pages = {754–768}
}

@inproceedings{Perry2023,
  series = {CCS ’23},
  title = {Do Users Write More Insecure Code with AI Assistants?},
  url = {http://dx.doi.org/10.1145/3576915.3623157},
  DOI = {10.1145/3576915.3623157},
  booktitle = {Proceedings of the 2023 ACM SIGSAC Conference on Computer and Communications Security},
  publisher = {ACM},
  author = {Perry,  Neil and Srivastava,  Megha and Kumar,  Deepak and Boneh,  Dan},
  year = {2023},
  month = nov,
  pages = {2785–2799},
  collection = {CCS ’23}
}

@article{Mayer1995,
  title = {An Integrative Model of Organizational Trust},
  volume = {20},
  ISSN = {0363-7425},
  url = {http://dx.doi.org/10.2307/258792},
  DOI = {10.2307/258792},
  number = {3},
  journal = {The Academy of Management Review},
  publisher = {Academy of Management},
  author = {Mayer,  Roger C. and Davis,  James H. and Schoorman,  F. David},
  year = {1995},
  month = jul,
  pages = {709}
}

@book{DesouzaDawson2023,
  author    = {Kevin C. Desouza and Gregory S. Dawson},
  title     = {Pathways to Trusted Progress with Artificial Intelligence},
  year      = {2023},
  publisher = {IBM Center for the Business of Government},
  url       = {https://www.businessofgovernment.org/sites/default/files/Pathways%20to%20Trusted%20Progress%20with%20AI.pdf}
}

@article{Porra2019,
  title = {“Can Computer Based Human-Likeness Endanger Humanness?” – A Philosophical and Ethical Perspective on Digital Assistants Expressing Feelings They Can’t Have”},
  volume = {22},
  ISSN = {1572-9419},
  url = {http://dx.doi.org/10.1007/s10796-019-09969-z},
  DOI = {10.1007/s10796-019-09969-z},
  number = {3},
  journal = {Information Systems Frontiers},
  publisher = {Springer Science and Business Media LLC},
  author = {Porra,  Jaana and Lacity,  Mary and Parks,  Michael S.},
  year = {2019},
  month = dec,
  pages = {533–547}
}

@article{Belanger2019,
  title = {Dealing with digital traces: Understanding protective behaviors on mobile devices},
  volume = {28},
  ISSN = {0963-8687},
  url = {http://dx.doi.org/10.1016/j.jsis.2018.11.002},
  DOI = {10.1016/j.jsis.2018.11.002},
  number = {1},
  journal = {The Journal of Strategic Information Systems},
  publisher = {Elsevier BV},
  author = {Belanger,  France and Crossler,  Robert E.},
  year = {2019},
  month = mar,
  pages = {34–49}
}

@article{Kim2009,
  title = {Trust and Satisfaction, Two Stepping Stones for Successful E-Commerce Relationships: A Longitudinal Exploration},
  volume = {20},
  ISSN = {1526-5536},
  url = {http://dx.doi.org/10.1287/isre.1080.0188},
  DOI = {10.1287/isre.1080.0188},
  number = {2},
  journal = {Information Systems Research},
  publisher = {Institute for Operations Research and the Management Sciences (INFORMS)},
  author = {Kim,  Dan J. and Ferrin,  Donald L. and Rao,  H. Raghav},
  year = {2009},
  month = jun,
  pages = {237–257}
}

@article{Lowry2013,
  title = {The Drivers in the Use of Online Whistle-Blowing Reporting Systems},
  volume = {30},
  ISSN = {1557-928X},
  url = {http://dx.doi.org/10.2753/MIS0742-1222300105},
  DOI = {10.2753/mis0742-1222300105},
  number = {1},
  journal = {Journal of Management Information Systems},
  publisher = {Informa UK Limited},
  author = {Lowry,  Paul Benjamin and Moody,  Gregory D. and Galletta,  Dennis F. and Vance,  Anthony},
  year = {2013},
  month = jul,
  pages = {153–190}
}

@article{Hoy1999,
  title = {Five Faces of Trust: An Empirical Confirmation in Urban Elementary Schools},
  volume = {9},
  ISSN = {1052-6846},
  url = {http://dx.doi.org/10.1177/105268469900900301},
  DOI = {10.1177/105268469900900301},
  number = {3},
  journal = {Journal of School Leadership},
  publisher = {SAGE Publications},
  author = {Hoy,  Wayne K. and Tschannen-Moran,  Megan},
  year = {1999},
  month = may,
  pages = {184–208}
}

@book{cook2001trust,
  title={Trust in society},
  author={Cook, Karen},
  year={2001},
  publisher={Russell Sage Foundation}
}

@article{Araujo2020,
  title = {In AI we trust? Perceptions about automated decision-making by artificial intelligence},
  volume = {35},
  ISSN = {1435-5655},
  url = {http://dx.doi.org/10.1007/s00146-019-00931-w},
  DOI = {10.1007/s00146-019-00931-w},
  number = {3},
  journal = {AI \& SOCIETY},
  publisher = {Springer Science and Business Media LLC},
  author = {Araujo,  Theo and Helberger,  Natali and Kruikemeier,  Sanne and de Vreese,  Claes H.},
  year = {2020},
  month = jan,
  pages = {611–623}
}

@misc{EuropeanCommission2025,
  author    = {European Commission},
  title     = {European Approach to Artificial Intelligence},
  year      = {2025},
  url       = {https://digital-strategy.ec.europa.eu/en/policies/european-approach-artificial-intelligence},
  note      = {Accessed: 25 February 2025}
}

@inproceedings{Yang2020,
  series = {IUI ’20},
  title = {How do visual explanations foster end users’ appropriate trust in machine learning?},
  url = {http://dx.doi.org/10.1145/3377325.3377480},
  DOI = {10.1145/3377325.3377480},
  booktitle = {Proceedings of the 25th International Conference on Intelligent User Interfaces},
  publisher = {ACM},
  author = {Yang,  Fumeng and Huang,  Zhuanyi and Scholtz,  Jean and Arendt,  Dustin L.},
  year = {2020},
  month = mar,
  pages = {189–201},
  collection = {IUI ’20}
}

@article{Aroyo2021,
  title = {Overtrusting robots: Setting a research agenda to mitigate overtrust in automation},
  volume = {12},
  ISSN = {2081-4836},
  url = {http://dx.doi.org/10.1515/pjbr-2021-0029},
  DOI = {10.1515/pjbr-2021-0029},
  number = {1},
  journal = {Paladyn,  Journal of Behavioral Robotics},
  publisher = {Walter de Gruyter GmbH},
  author = {Aroyo,  Alexander M. and de Bruyne,  Jan and Dheu,  Orian and Fosch-Villaronga,  Eduard and Gudkov,  Aleksei and Hoch,  Holly and Jones,  Steve and Lutz,  Christoph and Sætra,  Henrik and Solberg,  Mads and Tamò-Larrieux,  Aurelia},
  year = {2021},
  month = jan,
  pages = {423–436}
}

@article{Hoff2014,
  title = {Trust in Automation: Integrating Empirical Evidence on Factors That Influence Trust},
  volume = {57},
  ISSN = {1547-8181},
  url = {http://dx.doi.org/10.1177/0018720814547570},
  DOI = {10.1177/0018720814547570},
  number = {3},
  journal = {Human Factors: The Journal of the Human Factors and Ergonomics Society},
  publisher = {SAGE Publications},
  author = {Hoff,  Kevin Anthony and Bashir,  Masooda},
  year = {2014},
  month = sep,
  pages = {407–434}
}

@article{Dietz2006,
  title = {Measuring trust inside organisations},
  volume = {35},
  ISSN = {0048-3486},
  url = {http://dx.doi.org/10.1108/00483480610682299},
  DOI = {10.1108/00483480610682299},
  number = {5},
  journal = {Personnel Review},
  publisher = {Emerald},
  author = {Dietz,  Graham and Den Hartog,  Deanne N.},
  editor = {Sanders,  Karin},
  year = {2006},
  month = sep,
  pages = {557–588}
}

@inproceedings{Toreini2020,
  series = {FAT* ’20},
  title = {The relationship between trust in AI and trustworthy machine learning technologies},
  url = {http://dx.doi.org/10.1145/3351095.3372834},
  DOI = {10.1145/3351095.3372834},
  booktitle = {Proceedings of the 2020 Conference on Fairness,  Accountability,  and Transparency},
  publisher = {ACM},
  author = {Toreini,  Ehsan and Aitken,  Mhairi and Coopamootoo,  Kovila and Elliott,  Karen and Zelaya,  Carlos Gonzalez and van Moorsel,  Aad},
  year = {2020},
  month = jan,
  pages = {272–283},
  collection = {FAT* ’20}
}

@article{Zhang2014,
  title = {Examining the moderating effect of inconsistent reviews and its gender differences on consumers’ online shopping decision},
  volume = {34},
  ISSN = {0268-4012},
  url = {http://dx.doi.org/10.1016/j.ijinfomgt.2013.12.001},
  DOI = {10.1016/j.ijinfomgt.2013.12.001},
  number = {2},
  journal = {International Journal of Information Management},
  publisher = {Elsevier BV},
  author = {Zhang,  Kem Z.K. and Cheung,  Christy M.K. and Lee,  Matthew K.O.},
  year = {2014},
  month = apr,
  pages = {89–98}
}

@article{Wang2016,
  title = {Effects of rational and social appeals of online recommendation agents on cognition- and affect-based trust},
  volume = {86},
  ISSN = {0167-9236},
  url = {http://dx.doi.org/10.1016/j.dss.2016.03.007},
  DOI = {10.1016/j.dss.2016.03.007},
  journal = {Decision Support Systems},
  publisher = {Elsevier BV},
  author = {Wang,  Weiquan and Qiu,  Lingyun and Kim,  Dongmin and Benbasat,  Izak},
  year = {2016},
  month = jun,
  pages = {48–60}
}

@article{Stewart2003,
  title = {Trust Transfer on the World Wide Web},
  volume = {14},
  ISSN = {1526-5455},
  url = {http://dx.doi.org/10.1287/orsc.14.1.5.12810},
  DOI = {10.1287/orsc.14.1.5.12810},
  number = {1},
  journal = {Organization Science},
  publisher = {Institute for Operations Research and the Management Sciences (INFORMS)},
  author = {Stewart,  Katherine J.},
  year = {2003},
  month = feb,
  pages = {5–17}
}

% END OF CITED REFERENCES WITHIN TABLE DEFINITION
%%%%%%%%%%%%%%%%%%%%%%%%%%%%%%%%%%%%%%%%%%%%%%%%%%%%%%%%%
% BEGIN OF REFERENCES FOR TRUSTWORTHINESS-ENHANCING TECHNIQUES

@inproceedings{Kilhoffer2024,
  title = {Cloud Privacy Beyond Legal Compliance: An NLP Analysis of Certifiable Privacy and Security Standards},
  url = {http://dx.doi.org/10.1109/Cloud-Summit61220.2024.00020},
  DOI = {10.1109/cloud-summit61220.2024.00020},
  booktitle = {2024 IEEE Cloud Summit},
  publisher = {IEEE},
  author = {Kilhoffer,  Zachary and Bashir,  Masooda},
  year = {2024},
  month = jun,
  pages = {79–86}
}

@article{Barman2024,
  title = {The Dark Side of Language Models: Exploring the Potential of LLMs in Multimedia Disinformation Generation and Dissemination},
  volume = {16},
  ISSN = {2666-8270},
  url = {http://dx.doi.org/10.1016/j.mlwa.2024.100545},
  DOI = {10.1016/j.mlwa.2024.100545},
  journal = {Machine Learning with Applications},
  publisher = {Elsevier BV},
  author = {Barman,  Dipto and Guo,  Ziyi and Conlan,  Owen},
  year = {2024},
  month = jun,
  pages = {100545}
}

@article{Chen2024,
  title = {Combating misinformation in the age of LLMs: Opportunities and challenges},
  volume = {45},
  ISSN = {2371-9621},
  url = {http://dx.doi.org/10.1002/aaai.12188},
  DOI = {10.1002/aaai.12188},
  number = {3},
  journal = {AI Magazine},
  publisher = {Wiley},
  author = {Chen,  Canyu and Shu,  Kai},
  year = {2024},
  month = aug,
  pages = {354–368}
}

@article{Roumeliotis2025,
  title = {Fake News Detection and Classification: A Comparative Study of Convolutional Neural Networks,  Large Language Models,  and Natural Language Processing Models},
  volume = {17},
  ISSN = {1999-5903},
  url = {http://dx.doi.org/10.3390/fi17010028},
  DOI = {10.3390/fi17010028},
  number = {1},
  journal = {Future Internet},
  publisher = {MDPI AG},
  author = {Roumeliotis,  Konstantinos I. and Tselikas,  Nikolaos D. and Nasiopoulos,  Dimitrios K.},
  year = {2025},
  month = jan,
  pages = {28}
}

@inproceedings{Lan2024,
  title = {Securing Applications of Large Language Models: A Shift-Left Approach},
  url = {http://dx.doi.org/10.1109/eIT60633.2024.10609922},
  DOI = {10.1109/eit60633.2024.10609922},
  booktitle = {2024 IEEE International Conference on Electro Information Technology (eIT)},
  publisher = {IEEE},
  author = {Lan,  Qianlong and Kaul,  Anuj and Das Pattanaik,  Nishant Kumar and Pattanayak,  Piyush and Pandurangan,  Vinothini},
  year = {2024},
  month = may,
  pages = {1–2}
}

@article{Hannah2025,
  title = {On the legal implications of Large Language Model answers: A prompt engineering approach and a view beyond by exploiting Knowledge Graphs},
  volume = {84},
  ISSN = {1570-8268},
  url = {http://dx.doi.org/10.1016/j.websem.2024.100843},
  DOI = {10.1016/j.websem.2024.100843},
  journal = {Journal of Web Semantics},
  publisher = {Elsevier BV},
  author = {Hannah,  George and Sousa,  Rita T. and Dasoulas,  Ioannis and d’Amato,  Claudia},
  year = {2025},
  month = jan,
  pages = {100843}
}

@inproceedings{Bhattacharya2023,
  series = {CIKM ’23},
  title = {RT2S: A Framework for Learning with Noisy Labels},
  url = {http://dx.doi.org/10.1145/3583780.3615996},
  DOI = {10.1145/3583780.3615996},
  booktitle = {Proceedings of the 32nd ACM International Conference on Information and Knowledge Management},
  publisher = {ACM},
  author = {Bhattacharya,  Indranil and Ye,  Ze and Pavani,  Kaushik and Dasgupta,  Sunny},
  year = {2023},
  month = oct,
  pages = {5234–5235},
  collection = {CIKM ’23}
}

@inproceedings{Wang2024,
  series = {CHI ’24},
  title = {Rapport Matters: Enhancing HIV mHealth Communication through Linguistic Analysis and Large Language Models},
  url = {http://dx.doi.org/10.1145/3613905.3651077},
  DOI = {10.1145/3613905.3651077},
  booktitle = {Extended Abstracts of the CHI Conference on Human Factors in Computing Systems},
  publisher = {ACM},
  author = {Wang,  Zhiyuan and Reddy,  Varun and Ingersoll,  Karen and Flickinger,  Tabor and Barnes,  Laura E.},
  year = {2024},
  month = may,
  pages = {1–8},
  collection = {CHI ’24}
}

@inproceedings{Mousavi2024,
  series = {ASIA CCS ’24},
  title = {An Investigation into Misuse of Java Security APIs by Large Language Models},
  url = {http://dx.doi.org/10.1145/3634737.3661134},
  DOI = {10.1145/3634737.3661134},
  booktitle = {Proceedings of the 19th ACM Asia Conference on Computer and Communications Security},
  publisher = {ACM},
  author = {Mousavi,  Zahra and Islam,  Chadni and Moore,  Kristen and Abuadbba,  Alsharif and Babar,  M. Ali},
  year = {2024},
  month = jul,
  pages = {1299–1315},
  collection = {ASIA CCS ’24}
}

@article{Nag2023,
  title = {Transfer Learning for Low-Resource Multilingual Relation Classification},
  volume = {22},
  ISSN = {2375-4702},
  url = {http://dx.doi.org/10.1145/3554734},
  DOI = {10.1145/3554734},
  number = {2},
  journal = {ACM Transactions on Asian and Low-Resource Language Information Processing},
  publisher = {Association for Computing Machinery (ACM)},
  author = {Nag,  Arijit and Samanta,  Bidisha and Mukherjee,  Animesh and Ganguly,  Niloy and Chakrabarti,  Soumen},
  year = {2023},
  month = feb,
  pages = {1–24}
}

@article{Chari2023,
  title = {Informing clinical assessment by contextualizing post-hoc explanations of risk prediction models in type-2 diabetes},
  volume = {137},
  ISSN = {0933-3657},
  url = {http://dx.doi.org/10.1016/j.artmed.2023.102498},
  DOI = {10.1016/j.artmed.2023.102498},
  journal = {Artificial Intelligence in Medicine},
  publisher = {Elsevier BV},
  author = {Chari,  Shruthi and Acharya,  Prasant and Gruen,  Daniel M. and Zhang,  Olivia and Eyigoz,  Elif K. and Ghalwash,  Mohamed and Seneviratne,  Oshani and Saiz,  Fernando Suarez and Meyer,  Pablo and Chakraborty,  Prithwish and McGuinness,  Deborah L.},
  year = {2023},
  month = mar,
  pages = {102498}
}

@inproceedings{Zhang2024,
  series = {SIGIR 2024},
  title = {Multi-Layer Ranking with Large Language Models for News Source Recommendation},
  url = {http://dx.doi.org/10.1145/3626772.3657966},
  DOI = {10.1145/3626772.3657966},
  booktitle = {Proceedings of the 47th International ACM SIGIR Conference on Research and Development in Information Retrieval},
  publisher = {ACM},
  author = {Zhang,  Wenjia and Gui,  Lin and Procter,  Rob and He,  Yulan},
  year = {2024},
  month = jul,
  pages = {2537–2542},
  collection = {SIGIR 2024}
}

@inproceedings{Sudhi2024,
  series = {SIGIR 2024},
  title = {RAG-Ex: A Generic Framework for Explaining Retrieval Augmented Generation},
  url = {http://dx.doi.org/10.1145/3626772.3657660},
  DOI = {10.1145/3626772.3657660},
  booktitle = {Proceedings of the 47th International ACM SIGIR Conference on Research and Development in Information Retrieval},
  publisher = {ACM},
  author = {Sudhi,  Viju and Bhat,  Sinchana Ramakanth and Rudat,  Max and Teucher,  Roman},
  year = {2024},
  month = jul,
  pages = {2776–2780},
  collection = {SIGIR 2024}
}

@inproceedings{Kim2024,
  series = {CHI ’24},
  title = {Establishing Appropriate Trust in AI through Transparency and Explainability},
  url = {http://dx.doi.org/10.1145/3613905.3638184},
  DOI = {10.1145/3613905.3638184},
  booktitle = {Extended Abstracts of the CHI Conference on Human Factors in Computing Systems},
  publisher = {ACM},
  author = {Kim,  Sunnie S. Y.},
  year = {2024},
  month = may,
  pages = {1–6},
  collection = {CHI ’24}
}

@inproceedings{FernandezNieto2024,
  series = {EASE 2024},
  title = {Toward a Human-Centered Framework for Trustworthy,  Safe and Ethical Generative Artificial Intelligence: A Multi-Level Analysis of Large Language Models Social Impact},
  url = {http://dx.doi.org/10.1145/3661167.3661177},
  DOI = {10.1145/3661167.3661177},
  booktitle = {Proceedings of the 28th International Conference on Evaluation and Assessment in Software Engineering},
  publisher = {ACM},
  author = {Fernandez Nieto,  Berenice},
  year = {2024},
  month = jun,
  pages = {505–509},
  collection = {EASE 2024}
}

@article{Fan2024,
  title = {Blockchain as a trust machine: From disillusionment to enlightenment in the era of generative AI},
  volume = {182},
  ISSN = {0167-9236},
  url = {http://dx.doi.org/10.1016/j.dss.2024.114251},
  DOI = {10.1016/j.dss.2024.114251},
  journal = {Decision Support Systems},
  publisher = {Elsevier BV},
  author = {Fan,  Shaokun and Ilk,  Noyan and Kumar,  Akhil and Xu,  Ruiyun and Zhao,  J. Leon},
  year = {2024},
  month = jul,
  pages = {114251}
}

@article{Mersha2025,
  title = {Evaluating the effectiveness of XAI techniques for encoder-based language models},
  volume = {310},
  ISSN = {0950-7051},
  url = {http://dx.doi.org/10.1016/j.knosys.2025.113042},
  DOI = {10.1016/j.knosys.2025.113042},
  journal = {Knowledge-Based Systems},
  publisher = {Elsevier BV},
  author = {Mersha,  Melkamu Abay and Yigezu,  Mesay Gemeda and Kalita,  Jugal},
  year = {2025},
  month = feb,
  pages = {113042}
}

@article{Kasneci2023,
  title = {ChatGPT for good? On opportunities and challenges of large language models for education},
  volume = {103},
  ISSN = {1041-6080},
  url = {http://dx.doi.org/10.1016/j.lindif.2023.102274},
  DOI = {10.1016/j.lindif.2023.102274},
  journal = {Learning and Individual Differences},
  publisher = {Elsevier BV},
  author = {Kasneci,  Enkelejda and Sessler,  Kathrin and K\"{u}chemann,  Stefan and Bannert,  Maria and Dementieva,  Daryna and Fischer,  Frank and Gasser,  Urs and Groh,  Georg and G\"{u}nnemann,  Stephan and H\"{u}llermeier,  Eyke and Krusche,  Stephan and Kutyniok,  Gitta and Michaeli,  Tilman and Nerdel,  Claudia and Pfeffer,  J\"{u}rgen and Poquet,  Oleksandra and Sailer,  Michael and Schmidt,  Albrecht and Seidel,  Tina and Stadler,  Matthias and Weller,  Jochen and Kuhn,  Jochen and Kasneci,  Gjergji},
  year = {2023},
  month = apr,
  pages = {102274}
}

@article{Dwivedi2023,
  title = {Opinion Paper: “So what if ChatGPT wrote it?” Multidisciplinary perspectives on opportunities,  challenges and implications of generative conversational AI for research,  practice and policy},
  volume = {71},
  ISSN = {0268-4012},
  url = {http://dx.doi.org/10.1016/j.ijinfomgt.2023.102642},
  DOI = {10.1016/j.ijinfomgt.2023.102642},
  journal = {International Journal of Information Management},
  publisher = {Elsevier BV},
  author = {Dwivedi,  Yogesh K. and Kshetri,  Nir and Hughes,  Laurie and Slade,  Emma Louise and Jeyaraj,  Anand and Kar,  Arpan Kumar and Baabdullah,  Abdullah M. and Koohang,  Alex and Raghavan,  Vishnupriya and Ahuja,  Manju and Albanna,  Hanaa and Albashrawi,  Mousa Ahmad and Al-Busaidi,  Adil S. and Balakrishnan,  Janarthanan and Barlette,  Yves and Basu,  Sriparna and Bose,  Indranil and Brooks,  Laurence and Buhalis,  Dimitrios and Carter,  Lemuria and Chowdhury,  Soumyadeb and Crick,  Tom and Cunningham,  Scott W. and Davies,  Gareth H. and Davison,  Robert M. and Dé,  Rahul and Dennehy,  Denis and Duan,  Yanqing and Dubey,  Rameshwar and Dwivedi,  Rohita and Edwards,  John S. and Flavián,  Carlos and Gauld,  Robin and Grover,  Varun and Hu,  Mei-Chih and Janssen,  Marijn and Jones,  Paul and Junglas,  Iris and Khorana,  Sangeeta and Kraus,  Sascha and Larsen,  Kai R. and Latreille,  Paul and Laumer,  Sven and Malik,  F. Tegwen and Mardani,  Abbas and Mariani,  Marcello and Mithas,  Sunil and Mogaji,  Emmanuel and Nord,  Jeretta Horn and O’Connor,  Siobhan and Okumus,  Fevzi and Pagani,  Margherita and Pandey,  Neeraj and Papagiannidis,  Savvas and Pappas,  Ilias O. and Pathak,  Nishith and Pries-Heje,  Jan and Raman,  Ramakrishnan and Rana,  Nripendra P. and Rehm,  Sven-Volker and Ribeiro-Navarrete,  Samuel and Richter,  Alexander and Rowe,  Frantz and Sarker,  Suprateek and Stahl,  Bernd Carsten and Tiwari,  Manoj Kumar and van der Aalst,  Wil and Venkatesh,  Viswanath and Viglia,  Giampaolo and Wade,  Michael and Walton,  Paul and Wirtz,  Jochen and Wright,  Ryan},
  year = {2023},
  month = aug,
  pages = {102642},
  keywords = {ChatGPT, Conversational agent, Generative AI, Generative artificial intelligence, Large language models}
}

@article{Sallam2023,
  title = {ChatGPT Utility in Healthcare Education,  Research,  and Practice: Systematic Review on the Promising Perspectives and Valid Concerns},
  volume = {11},
  ISSN = {2227-9032},
  url = {http://dx.doi.org/10.3390/healthcare11060887},
  DOI = {10.3390/healthcare11060887},
  number = {6},
  journal = {Healthcare},
  publisher = {MDPI AG},
  author = {Sallam,  Malik},
  year = {2023},
  month = mar,
  pages = {887}
}
@article{Mittelstadt2019,
    title = {{Principles alone cannot guarantee ethical AI}},
    year = {2019},
    journal = {Nature Machine Intelligence},
    author = {Mittelstadt, Brent},
    number = {11},
    pages = {501--507},
    volume = {1},
    publisher = {Springer US},
    url = {http://dx.doi.org/10.1038/s42256-019-0114-4},
    doi = {10.1038/s42256-019-0114-4},
    issn = {25225839}
}
@article{Guizzardi2020,
    title = {{Ethical Requirements for AI Systems Ethical Requirements for AI Systems}},
    year = {2020},
    author = {Guizzardi, Renata and Amaral, Glenda and Guizzardi, Giancarlo},
    number = {March}
}

% AUTHORS INSIDE COUPLING ANALYSIS

@article{Yan2023,
  title = {Practical and ethical challenges of large language models in education: A systematic scoping review},
  volume = {55},
  ISSN = {1467-8535},
  url = {http://dx.doi.org/10.1111/bjet.13370},
  DOI = {10.1111/bjet.13370},
  number = {1},
  journal = {British Journal of Educational Technology},
  publisher = {Wiley},
  author = {Yan,  Lixiang and Sha,  Lele and Zhao,  Linxuan and Li,  Yuheng and Martinez‐Maldonado,  Roberto and Chen,  Guanliang and Li,  Xinyu and Jin,  Yueqiao and Gašević,  Dragan},
  year = {2023},
  month = aug,
  pages = {90–112}
}

@article{Kim2023,
  title = {When ChatGPT Gives Incorrect Answers: The Impact of Inaccurate Information by Generative AI on Tourism Decision-Making},
  volume = {64},
  ISSN = {1552-6763},
  url = {http://dx.doi.org/10.1177/00472875231212996},
  DOI = {10.1177/00472875231212996},
  number = {1},
  journal = {Journal of Travel Research},
  publisher = {SAGE Publications},
  author = {Kim,  Jeong Hyun and Kim,  Jungkeun and Park,  Jooyoung and Kim,  Changju and Jhang,  Jihoon and King,  Brian},
  year = {2023},
  month = nov,
  pages = {51–73}
}

@article{Longo2024,
  title = {Explainable Artificial Intelligence (XAI) 2.0: A manifesto of open challenges and interdisciplinary research directions},
  volume = {106},
  ISSN = {1566-2535},
  url = {http://dx.doi.org/10.1016/j.inffus.2024.102301},
  DOI = {10.1016/j.inffus.2024.102301},
  journal = {Information Fusion},
  publisher = {Elsevier BV},
  author = {Longo,  Luca and Brcic,  Mario and Cabitza,  Federico and Choi,  Jaesik and Confalonieri,  Roberto and Ser,  Javier Del and Guidotti,  Riccardo and Hayashi,  Yoichi and Herrera,  Francisco and Holzinger,  Andreas and Jiang,  Richard and Khosravi,  Hassan and Lecue,  Freddy and Malgieri,  Gianclaudio and Páez,  Andrés and Samek,  Wojciech and Schneider,  Johannes and Speith,  Timo and Stumpf,  Simone},
  year = {2024},
  month = jun,
  pages = {102301}
}

@article{Zhu2024,
  title = {Could AI Ethical Anxiety,  Perceived Ethical Risks and Ethical Awareness About AI Influence University Students’ Use of Generative AI Products? An Ethical Perspective},
  volume = {41},
  ISSN = {1532-7590},
  url = {http://dx.doi.org/10.1080/10447318.2024.2323277},
  DOI = {10.1080/10447318.2024.2323277},
  number = {1},
  journal = {International Journal of Human–Computer Interaction},
  publisher = {Informa UK Limited},
  author = {Zhu,  Wenjuan and Huang,  Lei and Zhou,  Xinni and Li,  Xiaoya and Shi,  Gaojun and Ying,  Jingxin and Wang,  Chaoyue},
  year = {2024},
  month = mar,
  pages = {742–764}
}

% This one goes to Related Work
@article{Albahri2023,
  title = {A systematic review of trustworthy and explainable artificial intelligence in healthcare: Assessment of quality,  bias risk,  and data fusion},
  volume = {96},
  ISSN = {1566-2535},
  url = {http://dx.doi.org/10.1016/j.inffus.2023.03.008},
  DOI = {10.1016/j.inffus.2023.03.008},
  journal = {Information Fusion},
  publisher = {Elsevier BV},
  author = {Albahri,  A.S. and Duhaim,  Ali M. and Fadhel,  Mohammed A. and Alnoor,  Alhamzah and Baqer,  Noor S. and Alzubaidi,  Laith and Albahri,  O.S. and Alamoodi,  A.H. and Bai,  Jinshuai and Salhi,  Asma and Santamaría,  Jose and Ouyang,  Chun and Gupta,  Ashish and Gu,  Yuantong and Deveci,  Muhammet},
  year = {2023},
  month = aug,
  pages = {156–191}
}
@article{Morley2019,
    title = {{From What to How : An Initial Review of Publicly Available AI Ethics Tools , Methods and Research to Translate Principles into Practices}},
    year = {2019},
    journal = {Science and Engineering Ethics},
    author = {Morley, Jessica and Floridi, Luciano and Kinsey, Libby and Elhalal, Anat},
    number = {0123456789},
    publisher = {Springer Netherlands},
    url = {https://doi.org/10.1007/s11948-019-00165-5},
    isbn = {1194801900},
    doi = {10.1007/s11948-019-00165-5},
    issn = {1471-5546},
    keywords = {-5, 10, 1007, 8-019-00165, Artificial intelligence,Applied ethics,Data govern, applied ethics, article, artificial intelligence, authorized users, contains supplementary material, data governance, digital ethics, doi, electronic supplementary material the, ethics of ai, governance, https, machine learning, online version of this, org, s1194, which is available to}
}