@InProceedings{KnowledgeGap_2020_CVPR,
author = {Liu, Yu and Jia, Xuhui and Tan, Mingxing and Vemulapalli, Raviteja and Zhu, Yukun and Green, Bradley and Wang, Xiaogang},
title = {Search to Distill: Pearls Are Everywhere but Not the Eyes},
booktitle = {Proceedings of the IEEE/CVF Conference on Computer Vision and Pattern Recognition},
month = {June},
year = {2020}
}

@inproceedings{Modelcompression2006,
  title={Model compression},
  author={Bucilu«é, Cristian and Caruana, Rich and Niculescu-Mizil, Alexandru},
  booktitle={Proceedings of the ACM SIGKDD International Conference on Knowledge Discovery and Data Mining},
  pages={535--541},
  year={2006}
}

@article{adriana2015fitnets,
  title={Fitnets: Hints for thin deep nets},
  author={Adriana, Romero and Nicolas, Ballas and Ebrahimi, K Samira and Antoine, Chassang and Carlo, Gatta and Yoshua, Bengio},
  journal={International Conference on Learning Representations},
  volume={2},
  number={3},
  pages={1},
  year={2015}
}

@article{allen2020towards,
  title={Towards understanding ensemble, knowledge distillation and self-distillation in deep learning},
  author={Allen-Zhu, Zeyuan and Li, Yuanzhi},
  journal={arXiv preprint arXiv:2012.09816},
  year={2020}
}

@article{anderson2008spaced,
  title={Spaced initial stimulus familiarization enhances novelty preference in Long-Evans rats},
  author={Anderson, Matthew J and Jablonski, Sarah A and Klimas, Diana B},
  journal={Behavioural Processes},
  volume={78},
  number={3},
  pages={481--486},
  year={2008},
  publisher={Elsevier}
}

@article{asif2019ensemble,
  title={Ensemble knowledge distillation for learning improved and efficient networks},
  author={Asif, Umar and Tang, Jianbin and Harrer, Stefan},
  journal={arXiv preprint arXiv:1909.08097},
  year={2019}
}

@article{beck2000learning,
  title={Learning performance of normal and mutantdrosophila after repeated conditioning trials with discrete stimuli},
  author={Beck, CDO and Schroeder, Bradley and Davis, Ronald L},
  journal={Journal of Neuroscience},
  volume={20},
  number={8},
  pages={2944--2953},
  year={2000},
  publisher={Soc Neuroscience}
}

@article{bello2013differential,
  title={Differential effects of spaced vs. massed training in long-term object-identity and object-location recognition memory},
  author={Bello-Medina, Paola C and S{\'a}nchez-Carrasco, Livia and Gonz{\'a}lez-Ornelas, Nadia R and Jeffery, Kathryn J and Ram{\'\i}rez-Amaya, V{\'\i}ctor},
  journal={Behavioural Brain Research},
  volume={250},
  pages={102--113},
  year={2013},
  publisher={Elsevier}
}

@inproceedings{das2023understanding,
  title={Understanding self-distillation in the presence of label noise},
  author={Das, Rudrajit and Sanghavi, Sujay},
  booktitle={International Conference on Machine Learning},
  pages={7102--7140},
  year={2023},
  organization={PMLR}
}

@inproceedings{deepMutual,
  title={Deep mutual learning},
  author={Zhang, Ying and Xiang, Tao and Hospedales, Timothy M and Lu, Huchuan},
  booktitle={Proceedings of the IEEE Conference on Computer Vision and Pattern Recognition},
  pages={4320--4328},
  year={2018}
}

@inproceedings{dinh2017sharp,
  title={Sharp minima can generalize for deep nets},
  author={Dinh, Laurent and Pascanu, Razvan and Bengio, Samy and Bengio, Yoshua},
  booktitle={International Conference on Machine Learning},
  pages={1019--1028},
  year={2017},
  organization={PMLR}
}

@article{donovan1999meta,
  title={A meta-analytic review of the distribution of practice effect: Now you see it, now you don't.},
  author={Donovan, John J and Radosevich, David J},
  journal={Journal of Applied Psychology},
  volume={84},
  number={5},
  pages={795},
  year={1999},
  publisher={American Psychological Association}
}

@InProceedings{earlystop,
author = {Cho, Jang Hyun and Hariharan, Bharath},
title = {On the Efficacy of Knowledge Distillation},
booktitle = {Proceedings of the IEEE/CVF International Conference on Computer Vision},
month = {October},
year = {2019}
}

@article{ebbingham1913memory,
  title={Memory: A contribution to experimental psychology},
  author={Ebbinghaus, Hermann},
  journal={Annals of Neurosciences},
  volume={20},
  number={4},
  pages={155},
  year={2013},
  publisher={SAGE Publications}
}

@article{gao2018embarrassingly,
  title={An embarrassingly simple approach for knowledge distillation},
  author={Gao, Mengya and Shen, Yujun and Li, Quanquan and Yan, Junjie and Wan, Liang and Lin, Dahua and Loy, Chen Change and Tang, Xiaoou},
  journal={arXiv preprint arXiv:1812.01819},
  year={2018}
}

@article{gluckman2014spacing,
  title={Spacing simultaneously promotes multiple forms of learning in children's science curriculum},
  author={Gluckman, Maxie and Vlach, Haley A and Sandhofer, Catherine M},
  journal={Applied Cognitive Psychology},
  volume={28},
  number={2},
  pages={266--273},
  year={2014},
  publisher={Wiley Online Library}
}

@article{gu2020search,
  title={Search for better students to learn distilled knowledge},
  author={Gu, Jindong and Tresp, Volker},
  journal={arXiv preprint arXiv:2001.11612},
  year={2020}
}

@article{he2019asymmetric,
  title={Asymmetric valleys: Beyond sharp and flat local minima},
  author={He, Haowei and Huang, Gao and Yuan, Yang},
  journal={Advances in Neural Information Processing Systems},
  volume={32},
  year={2019}
}

@article{hinton2015distilling,
  title={Distilling the knowledge in a neural network},
  author={Hinton, Geoffrey and Vinyals, Oriol and Dean, Jeff},
  journal={arXiv preprint arXiv:1503.02531},
  year={2015}
}

@article{hochreiter1994simplifying,
  title={Simplifying neural nets by discovering flat minima},
  author={Hochreiter, Sepp and Schmidhuber, J{\"u}rgen},
  journal={Advances in Neural Information Processing Systems},
  volume={7},
  year={1994}
}

@article{huang2017like,
  title={Like what you like: Knowledge distill via neuron selectivity transfer},
  author={Huang, Zehao and Wang, Naiyan},
  journal={arXiv preprint arXiv:1707.01219},
  year={2017}
}

@article{izmailov2018averaging,
  title={Averaging weights leads to wider optima and better generalization},
  author={Izmailov, Pavel and Podoprikhin, Dmitrii and Garipov, Timur and Vetrov, Dmitry and Wilson, Andrew Gordon},
  journal={arXiv preprint arXiv:1803.05407},
  year={2018}
}

@inproceedings{kang2020towards,
  title={Towards oracle knowledge distillation with neural architecture search},
  author={Kang, Minsoo and Mun, Jonghwan and Han, Bohyung},
  booktitle={Proceedings of the AAAI Conference on Artificial Intelligence},
  volume={34},
  number={04},
  pages={4404--4411},
  year={2020}
}

@article{keskar2016large,
  title={On large-batch training for deep learning: Generalization gap and sharp minima},
  author={Keskar, Nitish Shirish and Mudigere, Dheevatsa and Nocedal, Jorge and Smelyanskiy, Mikhail and Tang, Ping Tak Peter},
  journal={arXiv preprint arXiv:1609.04836},
  year={2016}
}

@article{landauer1969reinforcement,
  title={Reinforcement as consolidation.},
  author={Landauer, Thomas K},
  journal={Psychological Review},
  volume={76},
  number={1},
  pages={82},
  year={1969},
  publisher={American Psychological Association}
}

@article{lee2019rethinking,
  title={Rethinking data augmentation: Self-supervision and self-distillation},
  author={Lee, Hankook and Hwang, Sung Ju and Shin, Jinwoo},
  year={2019}
}

@article{li2020explicit,
  title={Explicit connection distillation},
  author={Li, Lujun and Wang, Yikai and Yao, Anbang and Qian, Yi and Zhou, Xiao and He, Ke},
  year={2020}
}

@article{li2022shadow,
  title={Shadow knowledge distillation: Bridging offline and online knowledge transfer},
  author={Li, Lujun and Jin, Zhe},
  journal={Advances in Neural Information Processing Systems},
  volume={35},
  pages={635--649},
  year={2022}
}

@inproceedings{liu2020search,
  title={Search to distill: Pearls are everywhere but not the eyes},
  author={Liu, Yu and Jia, Xuhui and Tan, Mingxing and Vemulapalli, Raviteja and Zhu, Yukun and Green, Bradley and Wang, Xiaogang},
  booktitle={Proceedings of the IEEE/CVF Conference on Computer Vision and Pattern Recognition},
  pages={7539--7548},
  year={2020}
}

@article{liu2021semi,
  title={Semi-online knowledge distillation},
  author={Liu, Zhiqiang and Liu, Yanxia and Huang, Chengkai},
  journal={arXiv preprint arXiv:2111.11747},
  year={2021}
}

@article{medin1974comparative,
  title={The comparative study of memory},
  author={Medin, Douglas L},
  journal={Journal of Human Evolution},
  volume={3},
  number={6},
  pages={455--463},
  year={1974},
  publisher={Elsevier}
}

@article{menzel2001massed,
  title={Massed and spaced learning in honeybees: the role of CS, US, the intertrial interval, and the test interval},
  author={Menzel, Randolf and Manz, Gisela and Menzel, Rebecca and Greggers, Uwe},
  journal={Learning \& Memory},
  volume={8},
  number={4},
  pages={198--208},
  year={2001},
  publisher={Cold Spring Harbor Lab}
}

@inproceedings{mirzadeh2020improved,
  title={Improved knowledge distillation via teacher assistant},
  author={Mirzadeh, Seyed Iman and Farajtabar, Mehrdad and Li, Ang and Levine, Nir and Matsukawa, Akihiro and Ghasemzadeh, Hassan},
  booktitle={Proceedings of the AAAI Conference on Artificial Intelligence},
  volume={34},
  number={04},
  pages={5191--5198},
  year={2020}
}

@article{mobahi2020self,
  title={Self-distillation amplifies regularization in hilbert space},
  author={Mobahi, Hossein and Farajtabar, Mehrdad and Bartlett, Peter},
  journal={Advances in Neural Information Processing Systems},
  volume={33},
  pages={3351--3361},
  year={2020}
}

@inproceedings{multiTeacher,
  title={Online knowledge distillation with diverse peers},
  author={Chen, Defang and Mei, Jian-Ping and Wang, Can and Feng, Yan and Chen, Chun},
  booktitle={Proceedings of the AAAI Conference on Artificial Intelligence},
  volume={34},
  number={04},
  pages={3430--3437},
  year={2020}
}

@article{pagani2009phosphatase,
  title={The phosphatase SHP2 regulates the spacing effect for long-term memory induction},
  author={Pagani, Mario R and Oishi, Kimihiko and Gelb, Bruce D and Zhong, Yi},
  journal={Cell},
  volume={139},
  number={1},
  pages={186--198},
  year={2009},
  publisher={Elsevier}
}

@article{peterson1966short,
  title={Short-term verbal memory and learning.},
  author={Peterson, Lloyd R},
  journal={Psychological Review},
  volume={73},
  number={3},
  pages={193},
  year={1966},
  publisher={American Psychological Association}
}

@article{robbins1973memory,
  title={Memory in great apes.},
  author={Robbins, Donald and Bush, Carol T},
  journal={Journal of Experimental Psychology},
  volume={97},
  number={3},
  pages={344},
  year={1973},
  publisher={American Psychological Association}
}

@article{roediger2008learning,
  title={Learning and memory: A comprehensive reference (Vol. 2)},
  author={Roediger, Henry L and Byrne, JH},
  journal={Cognitive Psychology of Memory},
  year={2008}
}

@InProceedings{self-kd,
author = {Zhang, Linfeng and Song, Jiebo and Gao, Anni and Chen, Jingwei and Bao, Chenglong and Ma, Kaisheng},
title = {Be Your Own Teacher: Improve the Performance of Convolutional Neural Networks via Self Distillation},
booktitle = {Proceedings of the IEEE/CVF International Conference on Computer Vision},
month = {October},
year = {2019}
}

@article{shea2000spacing,
  title={Spacing practice sessions across days benefits the learning of motor skills},
  author={Shea, Charles H and Lai, Qin and Black, Charles and Park, Jin-Hoon},
  journal={Human Movement Science},
  volume={19},
  number={5},
  pages={737--760},
  year={2000},
  publisher={Elsevier}
}

@article{sobel2011spacing,
  title={Spacing effects in real-world classroom vocabulary learning},
  author={Sobel, Hailey S and Cepeda, Nicholas J and Kapler, Irina V},
  journal={Applied Cognitive Psychology},
  volume={25},
  number={5},
  pages={763--767},
  year={2011},
  publisher={Wiley Online Library}
}

@inproceedings{teacherassistant,
  title={Improved knowledge distillation via teacher assistant},
  author={Mirzadeh, Seyed Iman and Farajtabar, Mehrdad and Li, Ang and Levine, Nir and Matsukawa, Akihiro and Ghasemzadeh, Hassan},
  booktitle={Proceedings of the AAAI Conference on Artificial Intelligence},
  volume={34},
  number={04},
  pages={5191--5198},
  year={2020}
}

@article{vlach2014spacing,
  title={The spacing effect in children's generalization of knowledge: Allowing children time to forget promotes their ability to learn},
  author={Vlach, Haley A},
  journal={Child Development Perspectives},
  volume={8},
  number={3},
  pages={163--168},
  year={2014},
  publisher={Wiley Online Library}
}

@article{wickelgren1972trace,
  title={Trace resistance and the decay of long-term memory},
  author={Wickelgren, Wayne A},
  journal={Journal of Mathematical Psychology},
  volume={9},
  number={4},
  pages={418--455},
  year={1972},
  publisher={Elsevier}
}

@inproceedings{wu2021peer,
  title={Peer collaborative learning for online knowledge distillation},
  author={Wu, Guile and Gong, Shaogang},
  booktitle={Proceedings of the AAAI Conference on Artificial Intelligence},
  volume={35},
  number={12},
  pages={10302--10310},
  year={2021}
}

@article{yan2024orchestrate,
  title={Orchestrate Latent Expertise: Advancing Online Continual Learning with Multi-Level Supervision and Reverse Self-Distillation},
  author={Yan, HongWei and Wang, Liyuan and Ma, Kaisheng and Zhong, Yi},
  journal={arXiv preprint arXiv:2404.00417},
  year={2024}
}

@inproceedings{yang2019snapshot,
  title={Snapshot distillation: Teacher-student optimization in one generation},
  author={Yang, Chenglin and Xie, Lingxi and Su, Chi and Yuille, Alan L},
  booktitle={Proceedings of the IEEE/CVF Conference on Computer Vision and Pattern Recognition},
  pages={2859--2868},
  year={2019}
}

@inproceedings{zhai2019lifelong,
  title={Lifelong gan: Continual learning for conditional image generation},
  author={Zhai, Mengyao and Chen, Lei and Tung, Frederick and He, Jiawei and Nawhal, Megha and Mori, Greg},
  booktitle={Proceedings of the IEEE/CVF international conference on computer vision},
  pages={2759--2768},
  year={2019}
}

@article{zhang2020self,
  title={Self-distillation as instance-specific label smoothing},
  author={Zhang, Zhilu and Sabuncu, Mert},
  journal={Advances in Neural Information Processing Systems},
  volume={33},
  pages={2184--2195},
  year={2020}
}

@inproceedings{zhao2023dot,
  title={DOT: A Distillation-Oriented Trainer},
  author={Zhao, Borui and Cui, Quan and Song, Renjie and Liang, Jiajun},
  booktitle={Proceedings of the IEEE/CVF International Conference on Computer Vision},
  pages={6189--6198},
  year={2023}
}

