% Use this file for citations not found in the ACL Anthology (contained in "anthology.bib").

@book{parsons1949structure,
  title={The structure of social action},
  author={Parsons, Talcott and others},
  volume={491}
}

@article{homans1958social,
  title={Social behavior as exchange},
  author={Homans, George C},
  journal={American journal of sociology},
  volume={63},
  number={6},
  pages={597--606},
  year={1958},
  publisher={University of Chicago Press}
}

@book{blau2017exchange,
  title={Exchange and power in social life},
  author={Blau, Peter},
  year={2017},
  publisher={Routledge}
}
@article{cropanzano2005social,
  title={Social exchange theory: An interdisciplinary review},
  author={Cropanzano, Russell and Mitchell, Marie S},
  journal={Journal of management},
  volume={31},
  number={6},
  pages={874--900},
  year={2005},
  publisher={Sage Publications Sage CA: Thousand Oaks, CA}
}
@article{cropanzano2017social,
  title={Social exchange theory: A critical review with theoretical remedies},
  author={Cropanzano, Russell and Anthony, Erica L and Daniels, Shanna R and Hall, Alison V},
  journal={Academy of management annals},
  volume={11},
  number={1},
  pages={479--516},
  year={2017},
  publisher={Briarcliff Manor, NY}
}
@article{orpen1994effects,
  title={The effects of exchange ideology on the relationship between perceived organizational support and job performance},
  author={Orpen, Christopher},
  year={1994},
  publisher={Taylor \& Francis}
}
@article{witt2001interactive,
  title={The interactive effects of procedural justice and exchange ideology on supervisor-rated commitment},
  author={Witt, LA and Kacmar, K Michele and Andrews, Martha C},
  journal={Journal of Organizational Behavior: The International Journal of Industrial, Occupational and Organizational Psychology and Behavior},
  volume={22},
  number={5},
  pages={505--515},
  year={2001},
  publisher={Wiley Online Library}
}
@incollection{foa1980resource,
  title={Resource theory: Interpersonal behavior as exchange},
  author={Foa, Edna B and Foa, Uriel G},
  booktitle={Social exchange: Advances in theory and research},
  pages={77--94},
  year={1980},
  publisher={Springer}
}
@article{meeker1971decisions,
  title={Decisions and exchange},
  author={Meeker, Barbara F},
  journal={American Sociological Review},
  pages={485--495},
  year={1971},
  publisher={JSTOR}
}
@article{enayat2022computational,
  title={A computational approach to Homans social exchange theory},
  author={Enayat, Taha and Ardebili, Mohsen Mehrani and Kivi, Ramtin Reyhani and Amjadi, Bahador and Jamali, Yousef},
  journal={Physica A: Statistical Mechanics and its Applications},
  volume={597},
  pages={127263},
  year={2022},
  publisher={Elsevier}
}
@article{zhao2023survey,
  title={A survey of large language models},
  author={Zhao, Wayne Xin and Zhou, Kun and Li, Junyi and Tang, Tianyi and Wang, Xiaolei and Hou, Yupeng and Min, Yingqian and Zhang, Beichen and Zhang, Junjie and Dong, Zican and others},
  journal={arXiv preprint arXiv:2303.18223},
  year={2023}
}
@article{kojima2022large,
  title={Large language models are zero-shot reasoners},
  author={Kojima, Takeshi and Gu, Shixiang Shane and Reid, Machel and Matsuo, Yutaka and Iwasawa, Yusuke},
  journal={Advances in neural information processing systems},
  volume={35},
  pages={22199--22213},
  year={2022}
}

@article{achiam2023gpt,
  title={Gpt-4 technical report},
  author={Achiam, Josh and Adler, Steven and Agarwal, Sandhini and Ahmad, Lama and Akkaya, Ilge and Aleman, Florencia Leoni and Almeida, Diogo and Altenschmidt, Janko and Altman, Sam and Anadkat, Shyamal and others},
  journal={arXiv preprint arXiv:2303.08774},
  year={2023}
}

@article{mou2024individual,
  title={From Individual to Society: A Survey on Social Simulation Driven by Large Language Model-based Agents},
  author={Mou, Xinyi and Ding, Xuanwen and He, Qi and Wang, Liang and Liang, Jingcong and Zhang, Xinnong and Sun, Libo and Lin, Jiayu and Zhou, Jie and Huang, Xuanjing and others},
  journal={arXiv preprint arXiv:2412.03563},
  year={2024}
}
@techreport{horton2023large,
  title={Large language models as simulated economic agents: What can we learn from homo silicus?},
  author={Horton, John J},
  year={2023},
  institution={National Bureau of Economic Research}
}
@article{xiao2023simulating,
  title={Simulating public administration crisis: A novel generative agent-based simulation system to lower technology barriers in social science research},
  author={Xiao, Bushi and Yin, Ziyuan and Shan, Zixuan},
  journal={arXiv preprint arXiv:2311.06957},
  year={2023}
}

@article{ren2024emergence,
  title={Emergence of Social Norms in Large Language Model-based Agent Societies},
  author={Ren, Siyue and Cui, Zhiyao and Song, Ruiqi and Wang, Zhen and Hu, Shuyue},
  journal={arXiv preprint arXiv:2403.08251},
  year={2024}
}
@article{wang2024user,
  title={User Behavior Simulation with Large Language Model-based Agents for Recommender Systems},
  author={Wang, Lei and Zhang, Jingsen and Yang, Hao and Chen, Zhi-Yuan and Tang, Jiakai and Zhang, Zeyu and Chen, Xu and Lin, Yankai and Sun, Hao and Song, Ruihua and others},
  journal={ACM Transactions on Information Systems},
  year={2024},
  publisher={ACM New York, NY}
}
@article{gao2023s,
  title={S $\^{} 3$: Social-network Simulation System with Large Language Model-Empowered Agents},
  author={Gao, Chen and Lan, Xiaochong and Lu, Zhihong and Mao, Jinzhu and Piao, Jinghua and Wang, Huandong and Jin, Depeng and Li, Yong},
  journal={arXiv preprint arXiv:2307.14984},
  year={2023}
}

@inproceedings{park2023generative,
  title={Generative agents: Interactive simulacra of human behavior},
  author={Park, Joon Sung and O'Brien, Joseph and Cai, Carrie Jun and Morris, Meredith Ringel and Liang, Percy and Bernstein, Michael S},
  booktitle={Proceedings of the 36th annual acm symposium on user interface software and technology},
  pages={1--22},
  year={2023}
}

@inproceedings{li2024econagent,
  title={Econagent: large language model-empowered agents for simulating macroeconomic activities},
  author={Li, Nian and Gao, Chen and Li, Mingyu and Li, Yong and Liao, Qingmin},
  booktitle={Proceedings of the 62nd Annual Meeting of the Association for Computational Linguistics (Volume 1: Long Papers)},
  pages={15523--15536},
  year={2024}
}
@article{li2023tradinggpt,
  title={TradingGPT: Multi-agent system with layered memory and distinct characters for enhanced financial trading performance},
  author={Li, Yang and Yu, Yangyang and Li, Haohang and Chen, Zhi and Khashanah, Khaldoun},
  journal={arXiv preprint arXiv:2309.03736},
  year={2023}
}
@inproceedings{wu2024shall,
  title={Shall we team up: Exploring spontaneous cooperation of competing llm agents},
  author={Wu, Zengqing and Peng, Run and Zheng, Shuyuan and Liu, Qianying and Han, Xu and Kwon, Brian and Onizuka, Makoto and Tang, Shaojie and Xiao, Chuan},
  booktitle={Findings of the Association for Computational Linguistics: EMNLP 2024},
  pages={5163--5186},
  year={2024}
}

@inproceedings{zhaocompeteai,
  title={CompeteAI: Understanding the Competition Dynamics of Large Language Model-based Agents},
  author={Zhao, Qinlin and Wang, Jindong and Zhang, Yixuan and Jin, Yiqiao and Zhu, Kaijie and Chen, Hao and Xie, Xing},
  booktitle={Forty-first International Conference on Machine Learning}
}
@article{xie2024can,
  title={Can Large Language Model Agents Simulate Human Trust Behaviors?},
  author={Xie, Chengxing and Chen, Canyu and Jia, Feiran and Ye, Ziyu and Shu, Kai and Bibi, Adel and Hu, Ziniu and Torr, Philip and Ghanem, Bernard and Li, Guohao},
  journal={arXiv preprint arXiv:2402.04559},
  year={2024}
}
@inproceedings{georgeff1999belief,
  title={The belief-desire-intention model of agency},
  author={Georgeff, Michael and Pell, Barney and Pollack, Martha and Tambe, Milind and Wooldridge, Michael},
  booktitle={Intelligent Agents V: Agents Theories, Architectures, and Languages: 5th International Workshop, ATALâ€™98 Paris, France, July 4--7, 1998 Proceedings 5},
  pages={1--10},
  year={1999},
  organization={Springer}
}

@book{skinner2019behavior,
  title={The behavior of organisms: An experimental analysis},
  author={Skinner, Burrhus Frederic},
  year={2019},
  publisher={BF Skinner Foundation}
}
@article{keaton2017rational,
  title={Rational-Experiential Inventory-40 (REI-40) (Pacini \& Epstein, 1999)},
  author={Keaton, Shaughan A},
  journal={The sourcebook of listening research: Methodology and measures},
  pages={530--536},
  year={2017},
  publisher={Wiley Online Library}
}
@article{murphy2011measuring,
  title={Measuring social value orientation},
  author={Murphy, Ryan O and Ackermann, Kurt A and Handgraaf, Michel JJ},
  journal={Judgment and Decision making},
  volume={6},
  number={8},
  pages={771--781},
  year={2011},
  publisher={Cambridge University Press}
}
@article{mcclintock1966reward,
  title={Reward and score feedback as determinants of cooperative and competitive game behavior.},
  author={McClintock, Charles G and McNeel, Steven P},
  journal={Journal of Personality and Social Psychology},
  volume={4},
  number={6},
  pages={606},
  year={1966},
  publisher={American Psychological Association}
}

@article{bogaert2008social,
  title={Social value orientation and cooperation in social dilemmas: A review and conceptual model},
  author={Bogaert, Sandy and Boone, Christophe and Declerck, Carolyn},
  journal={British journal of social psychology},
  volume={47},
  number={3},
  pages={453--480},
  year={2008},
  publisher={Wiley Online Library}
}

@article{ahmad2023social,
  title={Social exchange theory: Systematic review and future directions},
  author={Ahmad, Rehan and Nawaz, Muhammad Rafay and Ishaq, Muhammad Ishtiaq and Khan, Mumtaz Muhammad and Ashraf, Hafiz Ahmad},
  journal={Frontiers in Psychology},
  volume={13},
  pages={1015921},
  year={2023},
  publisher={Frontiers Media SA}
}

@article{lawler2001affect,
  title={An affect theory of social exchange},
  author={Lawler, Edward J},
  journal={American journal of sociology},
  volume={107},
  number={2},
  pages={321--352},
  year={2001},
  publisher={The University of Chicago Press}
}


@article{methot2016workplace,
  title={Are workplace friendships a mixed blessing? Exploring tradeoffs of multiplex relationships and their associations with job performance},
  author={Methot, Jessica R and Lepine, Jeffery A and Podsakoff, Nathan P and Christian, Jessica Siegel},
  journal={Personnel psychology},
  volume={69},
  number={2},
  pages={311--355},
  year={2016},
  publisher={Wiley Online Library}
}

@article{laursen1999nature,
  title={The nature and functions of social exchange in adolescent romantic relationships},
  author={Laursen, Brett and Jensen-Campbell, Lauri A},
  journal={The development of romantic relationships in adolescence},
  pages={50--74},
  year={1999}
}

@article{lawler2006social,
  title={Social exchange theory of emotions},
  author={Lawler, Edward J and Thye, Shane R},
  journal={Handbook of the sociology of emotions},
  pages={295--320},
  year={2006},
  publisher={Springer}
}
@article{wang2024survey,
  title={A survey on large language model based autonomous agents},
  author={Wang, Lei and Ma, Chen and Feng, Xueyang and Zhang, Zeyu and Yang, Hao and Zhang, Jingsen and Chen, Zhiyuan and Tang, Jiakai and Chen, Xu and Lin, Yankai and others},
  journal={Frontiers of Computer Science},
  volume={18},
  number={6},
  pages={186345},
  year={2024},
  publisher={Springer}
}
@article{gao2024large,
  title={Large language models empowered agent-based modeling and simulation: A survey and perspectives},
  author={Gao, Chen and Lan, Xiaochong and Li, Nian and Yuan, Yuan and Ding, Jingtao and Zhou, Zhilun and Xu, Fengli and Li, Yong},
  journal={Humanities and Social Sciences Communications},
  volume={11},
  number={1},
  pages={1--24},
  year={2024},
  publisher={Palgrave}
}



@article{wang2023user,
  title={User behavior simulation with large language model based agents},
  author={Wang, Lei and Zhang, Jingsen and Yang, Hao and Chen, Zhiyuan and Tang, Jiakai and Zhang, Zeyu and Chen, Xu and Lin, Yankai and Song, Ruihua and Zhao, Wayne Xin and others},
  journal={arXiv preprint arXiv:2306.02552},
  year={2023}
}

@article{zhao2023competeai,
  title={Competeai: Understanding the competition behaviors in large language model-based agents},
  author={Zhao, Qinlin and Wang, Jindong and Zhang, Yixuan and Jin, Yiqiao and Zhu, Kaijie and Chen, Hao and Xie, Xing},
  journal={arXiv preprint arXiv:2310.17512},
  year={2023}
}

@article{adorno1982trying,
  title={Trying to understand Endgame},
  author={Adorno, Theodor W and Jones, Michael T},
  journal={New German Critique},
  number={26},
  pages={119--150},
  year={1982},
  publisher={JSTOR}
}

@article{gode1993allocative,
  title={Allocative efficiency of markets with zero-intelligence traders: Market as a partial substitute for individual rationality},
  author={Gode, Dhananjay K and Sunder, Shyam},
  journal={Journal of political economy},
  volume={101},
  number={1},
  pages={119--137},
  year={1993},
  publisher={The University of Chicago Press}
}

@article{cook1987social,
  title={Social exchange theory},
  author={Cook, Karen S and Emerson, Richard Marc},
  journal={Newbury Park},
  year={1987}
}
@article{mighfar2015social,
  title={Social exchange theory: Telaah konsep george c. homans tentang teori pertukaran sosial},
  author={Mighfar, Shokhibul},
  journal={LISAN AL-HAL: Jurnal Pengembangan Pemikiran Dan Kebudayaan},
  volume={9},
  number={2},
  pages={259--282},
  year={2015}
}
@article{gao2024agentscope,
  title={Agentscope: A flexible yet robust multi-agent platform},
  author={Gao, Dawei and Li, Zitao and Pan, Xuchen and Kuang, Weirui and Ma, Zhijian and Qian, Bingchen and Wei, Fei and Zhang, Wenhao and Xie, Yuexiang and Chen, Daoyuan and others},
  journal={arXiv preprint arXiv:2402.14034},
  year={2024}
}