@article{ahmad2023social,
  title={Social exchange theory: Systematic review and future directions},
  author={Ahmad, Rehan and Nawaz, Muhammad Rafay and Ishaq, Muhammad Ishtiaq and Khan, Mumtaz Muhammad and Ashraf, Hafiz Ahmad},
  journal={Frontiers in Psychology},
  volume={13},
  pages={1015921},
  year={2023},
  publisher={Frontiers Media SA}
}

@article{cropanzano2005social,
  title={Social exchange theory: An interdisciplinary review},
  author={Cropanzano, Russell and Mitchell, Marie S},
  journal={Journal of management},
  volume={31},
  number={6},
  pages={874--900},
  year={2005},
  publisher={Sage Publications Sage CA: Thousand Oaks, CA}
}

@article{cropanzano2017social,
  title={Social exchange theory: A critical review with theoretical remedies},
  author={Cropanzano, Russell and Anthony, Erica L and Daniels, Shanna R and Hall, Alison V},
  journal={Academy of management annals},
  volume={11},
  number={1},
  pages={479--516},
  year={2017},
  publisher={Briarcliff Manor, NY}
}

@article{enayat2022computational,
  title={A computational approach to Homans social exchange theory},
  author={Enayat, Taha and Ardebili, Mohsen Mehrani and Kivi, Ramtin Reyhani and Amjadi, Bahador and Jamali, Yousef},
  journal={Physica A: Statistical Mechanics and its Applications},
  volume={597},
  pages={127263},
  year={2022},
  publisher={Elsevier}
}

@article{gao2024large,
  title={Large language models empowered agent-based modeling and simulation: A survey and perspectives},
  author={Gao, Chen and Lan, Xiaochong and Li, Nian and Yuan, Yuan and Ding, Jingtao and Zhou, Zhilun and Xu, Fengli and Li, Yong},
  journal={Humanities and Social Sciences Communications},
  volume={11},
  number={1},
  pages={1--24},
  year={2024},
  publisher={Palgrave}
}

@article{homans1958social,
  title={Social behavior as exchange},
  author={Homans, George C},
  journal={American journal of sociology},
  volume={63},
  number={6},
  pages={597--606},
  year={1958},
  publisher={University of Chicago Press}
}

@article{laursen1999nature,
  title={The nature and functions of social exchange in adolescent romantic relationships},
  author={Laursen, Brett and Jensen-Campbell, Lauri A},
  journal={The development of romantic relationships in adolescence},
  pages={50--74},
  year={1999}
}

@article{lawler2006social,
  title={Social exchange theory of emotions},
  author={Lawler, Edward J and Thye, Shane R},
  journal={Handbook of the sociology of emotions},
  pages={295--320},
  year={2006},
  publisher={Springer}
}

@inproceedings{li2024econagent,
  title={Econagent: large language model-empowered agents for simulating macroeconomic activities},
  author={Li, Nian and Gao, Chen and Li, Mingyu and Li, Yong and Liao, Qingmin},
  booktitle={Proceedings of the 62nd Annual Meeting of the Association for Computational Linguistics (Volume 1: Long Papers)},
  pages={15523--15536},
  year={2024}
}

@article{methot2016workplace,
  title={Are workplace friendships a mixed blessing? Exploring tradeoffs of multiplex relationships and their associations with job performance},
  author={Methot, Jessica R and Lepine, Jeffery A and Podsakoff, Nathan P and Christian, Jessica Siegel},
  journal={Personnel psychology},
  volume={69},
  number={2},
  pages={311--355},
  year={2016},
  publisher={Wiley Online Library}
}

@inproceedings{park2023generative,
  title={Generative agents: Interactive simulacra of human behavior},
  author={Park, Joon Sung and O'Brien, Joseph and Cai, Carrie Jun and Morris, Meredith Ringel and Liang, Percy and Bernstein, Michael S},
  booktitle={Proceedings of the 36th annual acm symposium on user interface software and technology},
  pages={1--22},
  year={2023}
}

@article{wang2023user,
  title={User behavior simulation with large language model based agents},
  author={Wang, Lei and Zhang, Jingsen and Yang, Hao and Chen, Zhiyuan and Tang, Jiakai and Zhang, Zeyu and Chen, Xu and Lin, Yankai and Song, Ruihua and Zhao, Wayne Xin and others},
  journal={arXiv preprint arXiv:2306.02552},
  year={2023}
}

@article{xie2024can,
  title={Can Large Language Model Agents Simulate Human Trust Behaviors?},
  author={Xie, Chengxing and Chen, Canyu and Jia, Feiran and Ye, Ziyu and Shu, Kai and Bibi, Adel and Hu, Ziniu and Torr, Philip and Ghanem, Bernard and Li, Guohao},
  journal={arXiv preprint arXiv:2402.04559},
  year={2024}
}

@article{zhao2023competeai,
  title={Competeai: Understanding the competition behaviors in large language model-based agents},
  author={Zhao, Qinlin and Wang, Jindong and Zhang, Yixuan and Jin, Yiqiao and Zhu, Kaijie and Chen, Hao and Xie, Xing},
  journal={arXiv preprint arXiv:2310.17512},
  year={2023}
}

