%% This BibTeX bibliography file was created using BibDesk.
%% http://bibdesk.sourceforge.net/

%% Created for Francisco Jesus Rodriguez Ruiz at 2019-03-04 16:01:20 -0500 


%% Saved with string encoding Unicode (UTF-8) 

@article{friedman2023vendi,
title={{The Vendi Score: A Diversity Evaluation Metric for Machine Learning}},
author={Friedman, Dan and Dieng, Adji Bousso},
journal={Transactions on Machine Learning Research},
year={2023}
}
@article{oquab2023dinov2,
  title={Dinov2: Learning robust visual features without supervision},
  author={Oquab, Maxime and Darcet, Timoth{\'e}e and Moutakanni, Th{\'e}o and Vo, Huy and Szafraniec, Marc and Khalidov, Vasil and Fernandez, Pierre and Haziza, Daniel and Massa, Francisco and El-Nouby, Alaaeldin and others},
  journal={arXiv preprint arXiv:2304.07193},
  year={2023}
}
@article{rezaei2025alpha,
  title={The $alpha$-Alternator: Dynamic Adaptation To Varying Noise Levels In Sequences Using The Vendi Score For Improved Robustness and Performance},
  author={Rezaei, Mohammad Reza and Dieng, Adji Bousso},
  journal={arXiv preprint arXiv:2502.04593},
  year={2025}
}
@article{stein2023exposing,
  title={Exposing flaws of generative model evaluation metrics and their unfair treatment of diffusion models},
  author={Stein, George and Cresswell, Jesse C and Hosseinzadeh, Rasa and Sui, Yi and Ross, Brendan Leigh and Villecroze, Valentin and Liu, Zhaoyan and Caterini, Anthony L and Taylor, J Eric T and Loaiza-Ganem, Gabriel},
  journal={arXiv preprint arXiv:2306.04675},
  year={2023}
}
@article{whittaker1972evolution,
  title={Evolution and measurement of species diversity},
  author={Whittaker, Robert H},
  journal={Taxon},
  volume={21},
  number={2-3},
  pages={213--251},
  year={1972},
  publisher={Wiley Online Library}
}
@inproceedings{pasarkar2024cousins,
title={{Cousins Of The Vendi Score: A Family Of Similarity-Based Diversity Metrics For Science And Machine Learning}},
author={Pasarkar, Amey P.\ and Dieng, Adji Bousso},
booktitle={International Conference on Artificial Intelligence and Statistics},
pages={3808--3816},
year={2024},
organization={PMLR}
}
@inproceedings{nguyen2024quality,
title={{Quality-Weighted Vendi Scores And Their Application To Diverse Experimental Design}},
author={Nguyen, Quan and Dieng, Adji Bousso},
booktitle={International Conference on Machine Learning},
year={2024},
}
@article{pasarkar2023vendi,
title={{Vendi Sampling For Molecular Simulations:
Diversity As A Force For Faster Convergence And
Better Exploration}},
author={Pasarkar, Amey P and Bencomo, Gianluca M and Olsson, Simon and Dieng, Adji Bousso},
journal={The Journal of Chemical Physics},
volume={159},
number={14},
year={2023},
publisher={AIP Publishing}
}
@article{kannen2024beyond,
  title={Beyond Aesthetics: Cultural Competence in Text-to-Image Models},
  author={Kannen, Nithish and Ahmad, Arif and Andreetto, Marco and Prabhakaran, Vinodkumar and Prabhu, Utsav and Dieng, Adji Bousso and Bhattacharyya, Pushpak and Dave, Shachi},
  journal={arXiv preprint arXiv:2407.06863},
  year={2024}
}
@article{wu2023self,
title={{Self-Evolved Diverse Data Sampling for Efficient Instruction Tuning}},
author={Wu, Shengguang and Lu, Keming and Xu, Benfeng and Lin, Junyang and Su, Qi and Zhou, Chang},
note={arXiv:2311.08182 [cs.CL]},
journal={arXiv preprint},
year={2023}
}
@article{liu2024diversity,
  title={Diversity-driven, efficient exploration of a MOF design space to optimize MOF properties},
  author={Liu, Tsung-Wei and Nguyen, Quan and Dieng, Adji Bousso and G{\'o}mez-Gualdr{\'o}n, Diego A},
  journal={Chemical Science},
  volume={15},
  number={45},
  pages={18903--18919},
  year={2024},
  publisher={Royal Society of Chemistry}
}
@article{mousavi2024vsi,
title={{VSI: An Interpretable Bayesian Feature Ranking Method Based on Vendi Score}},
author={Mousavi, Mohsen and Khalili, Nasser},
journal={SSRN},
year={2024},
}
@article{hemmat2024improving,
  title={Improving Geo-diversity of Generated Images with Contextualized Vendi Score Guidance},
  author={Hemmat, Reyhane Askari and Hall, Melissa and Sun, Alicia and Ross, Candace and Drozdzal, Michal and Romero-Soriano, Adriana},
  journal={arXiv preprint arXiv:2406.04551},
  year={2024}
}
@article{elazar2023s,
  title={What's In My Big Data?},
  author={Elazar, Yanai and Bhagia, Akshita and Magnusson, Ian and Ravichander, Abhilasha and Schwenk, Dustin and Suhr, Alane and Walsh, Pete and Groeneveld, Dirk and Soldaini, Luca and Singh, Sameer and others},
  journal={arXiv preprint arXiv:2310.20707},
  year={2023}
}
@article{kocetkov2022stack,
  title={The stack: 3 tb of permissively licensed source code},
  author={Kocetkov, Denis and Li, Raymond and Allal, Loubna Ben and Li, Jia and Mou, Chenghao and Ferrandis, Carlos Mu{\~n}oz and Jernite, Yacine and Mitchell, Margaret and Hughes, Sean and Wolf, Thomas and others},
  journal={arXiv preprint arXiv:2211.15533},
  year={2022}
}

@article{jones2024rethinking,
  title={Rethinking Fair Representation Learning for Performance-Sensitive Tasks},
  author={Jones, Charles and Ribeiro, Fabio de Sousa and Roschewitz, M{\'e}lanie and Castro, Daniel C and Glocker, Ben},
  journal={arXiv preprint arXiv:2410.04120},
  year={2024}
}
@inproceedings{askari2024improving,
  title={Improving Geo-Diversity of Generated Images with Contextualized Vendi Score Guidance},
  author={Askari Hemmat, Reyhane and Hall, Melissa and Sun, Alicia and Ross, Candace and Drozdzal, Michal and Romero-Soriano, Adriana},
  booktitle={European Conference on Computer Vision},
  pages={213--229},
  year={2024},
  organization={Springer}
}
@article{oala2023dmlr,
  title={DMLR: Data-centric Machine Learning Research--Past, Present and Future},
  author={Oala, Luis and Maskey, Manil and Bat-Leah, Lilith and Parrish, Alicia and G{\"u}rel, Nezihe Merve and Kuo, Tzu-Sheng and Liu, Yang and Dror, Rotem and Brajovic, Danilo and Yao, Xiaozhe and others},
  journal={arXiv preprint arXiv:2311.13028},
  year={2023}
}
@article{thaiyalnayaki2018indexing,
  title={Indexing near-duplicate images in web search using minhash algorithm},
  author={Thaiyalnayaki, S and Sasikala, J and Ponraj, R},
  journal={Materials Today: Proceedings},
  volume={5},
  number={1},
  pages={1943--1949},
  year={2018},
  publisher={Elsevier}
}
@article{chang2020convokit,
  title={Convokit: A toolkit for the analysis of conversations},
  author={Chang, Jonathan P and Chiam, Caleb and Fu, Liye and Wang, Andrew Z and Zhang, Justine and Danescu-Niculescu-Mizil, Cristian},
  journal={arXiv preprint arXiv:2005.04246},
  year={2020}
}
@article{barz2020we,
  title={Do we train on test data? purging cifar of near-duplicates},
  author={Barz, Bj{\"o}rn and Denzler, Joachim},
  journal={Journal of Imaging},
  volume={6},
  number={6},
  pages={41},
  year={2020},
  publisher={MDPI}
}
@article{lee2021deduplicating,
  title={Deduplicating training data makes language models better},
  author={Lee, Katherine and Ippolito, Daphne and Nystrom, Andrew and Zhang, Chiyuan and Eck, Douglas and Callison-Burch, Chris and Carlini, Nicholas},
  journal={arXiv preprint arXiv:2107.06499},
  year={2021}
}
@inproceedings{broder2000identifying,
  title={Identifying and filtering near-duplicate documents},
  author={Broder, Andrei Z},
  booktitle={Annual symposium on combinatorial pattern matching},
  pages={1--10},
  year={2000},
  organization={Springer}
}
@misc{Howard_Whitaker_2023, 
    title={Can LLMs learn from a single example?}, 
    url={https://www.fast.ai/posts/2023-09-04-learning-jumps/},
    journal={fast.ai}, 
    author={Howard, Jeremy and Whitaker, Jonathan}, 
    year={2023}, 
    month={Sep}} 
@article{berns2023towards,
  title={Towards Mode Balancing of Generative Models via Diversity Weights},
  author={Berns, Sebastian and Colton, Simon and Guckelsberger, Christian},
  journal={arXiv preprint arXiv:2304.11961},
  year={2023}
}
@inproceedings{somepalli2023diffusion,
  title={Diffusion art or digital forgery? investigating data replication in diffusion models},
  author={Somepalli, Gowthami and Singla, Vasu and Goldblum, Micah and Geiping, Jonas and Goldstein, Tom},
  booktitle={Proceedings of the IEEE/CVF Conference on Computer Vision and Pattern Recognition},
  pages={6048--6058},
  year={2023}
}
@article{jagielski2022measuring,
  title={Measuring forgetting of memorized training examples},
  author={Jagielski, Matthew and Thakkar, Om and Tramer, Florian and Ippolito, Daphne and Lee, Katherine and Carlini, Nicholas and Wallace, Eric and Song, Shuang and Thakurta, Abhradeep and Papernot, Nicolas and others},
  journal={arXiv preprint arXiv:2207.00099},
  year={2022}
}
@inproceedings{broder1997resemblance,
  title={On the resemblance and containment of documents},
  author={Broder, Andrei Z},
  booktitle={Proceedings. Compression and Complexity of SEQUENCES 1997 (Cat. No. 97TB100171)},
  pages={21--29},
  year={1997},
  organization={IEEE}
}
@article{gyawali2020deduplication,
  title={Deduplication of scholarly documents using locality sensitive hashing and word embeddings},
  author={Gyawali, Bikash and Anastasiou, Lucas and Knoth, Petr},
  year={2020},
  publisher={European Language Resources Association}
}
@article{nguyen2023culturax,
  title={Culturax: A cleaned, enormous, and multilingual dataset for large language models in 167 languages},
  author={Nguyen, Thuat and Van Nguyen, Chien and Lai, Viet Dac and Man, Hieu and Ngo, Nghia Trung and Dernoncourt, Franck and Rossi, Ryan A and Nguyen, Thien Huu},
  journal={arXiv preprint arXiv:2309.09400},
  year={2023}
}
@article{har2012approximate,
  title={Approximate nearest neighbor: Towards removing the curse of dimensionality},
  author={Har-Peled, Sariel and Indyk, Piotr and Motwani, Rajeev},
  year={2012},
  publisher={Theory of Computing Exchange}
}
@article{jafari2021survey,
  title={A survey on locality sensitive hashing algorithms and their applications},
  author={Jafari, Omid and Maurya, Preeti and Nagarkar, Parth and Islam, Khandker Mushfiqul and Crushev, Chidambaram},
  journal={arXiv preprint arXiv:2102.08942},
  year={2021}
}
@article{satuluri2011bayesian,
  title={Bayesian locality sensitive hashing for fast similarity search},
  author={Satuluri, Venu and Parthasarathy, Srinivasan},
  journal={arXiv preprint arXiv:1110.1328},
  year={2011}
}
@article{xiao2011efficient,
  title={Efficient similarity joins for near-duplicate detection},
  author={Xiao, Chuan and Wang, Wei and Lin, Xuemin and Yu, Jeffrey Xu and Wang, Guoren},
  journal={ACM Transactions on Database Systems (TODS)},
  volume={36},
  number={3},
  pages={1--41},
  year={2011},
  publisher={ACM New York, NY, USA}
}
@inproceedings{kandpal2022deduplicating,
  title={Deduplicating training data mitigates privacy risks in language models},
  author={Kandpal, Nikhil and Wallace, Eric and Raffel, Colin},
  booktitle={International Conference on Machine Learning},
  pages={10697--10707},
  year={2022},
  organization={PMLR}
}
@article{tirumala2022memorization,
  title={Memorization without overfitting: Analyzing the training dynamics of large language models},
  author={Tirumala, Kushal and Markosyan, Aram and Zettlemoyer, Luke and Aghajanyan, Armen},
  journal={Advances in Neural Information Processing Systems},
  volume={35},
  pages={38274--38290},
  year={2022}
}
@article{pondenkandath2018leveraging,
  title={Leveraging random label memorization for unsupervised pre-training},
  author={Pondenkandath, Vinaychandran and Alberti, Michele and Puran, Sammer and Ingold, Rolf and Liwicki, Marcus},
  journal={arXiv preprint arXiv:1811.01640},
  year={2018}
}
@article{hartmann2023sok,
  title={SoK: Memorization in General-Purpose Large Language Models},
  author={Hartmann, Valentin and Suri, Anshuman and Bindschaedler, Vincent and Evans, David and Tople, Shruti and West, Robert},
  journal={arXiv preprint arXiv:2310.18362},
  year={2023}
}
@inproceedings{carlini2021extracting,
  title={Extracting training data from large language models},
  author={Carlini, Nicholas and Tramer, Florian and Wallace, Eric and Jagielski, Matthew and Herbert-Voss, Ariel and Lee, Katherine and Roberts, Adam and Brown, Tom and Song, Dawn and Erlingsson, Ulfar and others},
  booktitle={30th USENIX Security Symposium (USENIX Security 21)},
  pages={2633--2650},
  year={2021}
}
@inproceedings{meehan2020non,
  title={A non-parametric test to detect data-copying in generative models},
  author={Meehan, Casey and Chaudhuri, Kamalika and Dasgupta, Sanjoy},
  booktitle={International Conference on Artificial Intelligence and Statistics},
  year={2020}
}
@article{carlini2022quantifying,
  title={Quantifying memorization across neural language models},
  author={Carlini, Nicholas and Ippolito, Daphne and Jagielski, Matthew and Lee, Katherine and Tramer, Florian and Zhang, Chiyuan},
  journal={arXiv preprint arXiv:2202.07646},
  year={2022}
}
@article{chen2011projection,
  title={Projection onto a simplex},
  author={Chen, Yunmei and Ye, Xiaojing},
  journal={arXiv preprint arXiv:1101.6081},
  year={2011}
}
@article{abbas2023semdedup,
  title={SemDeDup: Data-efficient learning at web-scale through semantic deduplication},
  author={Abbas, Amro and Tirumala, Kushal and Simig, D{\'a}niel and Ganguli, Surya and Morcos, Ari S},
  journal={arXiv preprint arXiv:2303.09540},
  year={2023}
}
@article{birhane2021multimodal,
  title={Multimodal datasets: misogyny, pornography, and malignant stereotypes},
  author={Birhane, Abeba and Prabhu, Vinay Uday and Kahembwe, Emmanuel},
  journal={arXiv preprint arXiv:2110.01963},
  year={2021}
}
@inproceedings{luccioni2023bugs,
  title={Bugs in the data: How ImageNet misrepresents biodiversity},
  author={Luccioni, Alexandra Sasha and Rolnick, David},
  booktitle={Proceedings of the AAAI Conference on Artificial Intelligence},
  volume={37},
  number={12},
  pages={14382--14390},
  year={2023}
}
@article{uniprot2023uniprot,
  title={UniProt: the universal protein knowledgebase in 2023},
  journal={Nucleic acids research},
  volume={51},
  number={D1},
  pages={D523--D531},
  year={2023},
  publisher={Oxford University Press}
}
@article{tesmer1996crystal,
  title={The crystal structure of GMP synthetase reveals a novel catalytic triad and is a structural paradigm for two enzyme families},
  author={Tesmer, John JG and Klem, Thomas J and Deras, Michael L and Davisson, V Jo and Smith, Janet L},
  journal={Nature structural biology},
  volume={3},
  number={1},
  pages={74--86},
  year={1996},
  publisher={Nature Publishing Group UK London}
}
@article{pan2021benchmarking,
  title={Benchmarking coordination number prediction algorithms on inorganic crystal structures},
  author={Pan, Hillary and Ganose, Alex M and Horton, Matthew and Aykol, Muratahan and Persson, Kristin A and Zimmermann, Nils ER and Jain, Anubhav},
  journal={Inorganic chemistry},
  volume={60},
  number={3},
  pages={1590--1603},
  year={2021},
  publisher={ACS Publications}
}
@article{michelot1986finite,
  title={A finite algorithm for finding the projection of a point onto the canonical simplex of $\mathbb{R}^n$},
  author={Michelot, Christian},
  journal={Journal of Optimization Theory and Applications},
  volume={50},
  pages={195--200},
  year={1986},
  publisher={Springer}
}
@article{cominetti2014newton,
  title={A Newton’s method for the continuous quadratic knapsack problem},
  author={Cominetti, Roberto and Mascarenhas, Walter F and Silva, Paulo JS},
  journal={Mathematical Programming Computation},
  volume={6},
  number={2},
  pages={151--169},
  year={2014},
  publisher={Springer}
}
@article{condat2016fast,
  title={Fast projection onto the simplex and the l 1 ball},
  author={Condat, Laurent},
  journal={Mathematical Programming},
  volume={158},
  number={1},
  pages={575--585},
  year={2016},
  publisher={Springer}
}
@article{zhang2023retsim,
  title={RETSim: Resilient and Efficient Text Similarity},
  author={Zhang, Marina and Vallis, Owen and Bumin, Aysegul and Vakharia, Tanay and Bursztein, Elie},
  journal={arXiv preprint arXiv:2311.17264},
  year={2023}
}
@article{schutze2022nearest,
  title={Nearest neighbor search on embeddings rapidly identifies distant protein relations},
  author={Sch{\"u}tze, Konstantin and Heinzinger, Michael and Steinegger, Martin and Rost, Burkhard},
  journal={Frontiers in Bioinformatics},
  volume={2},
  pages={1033775},
  year={2022},
  publisher={Frontiers}
}
@article{ou2023recent,
  title={Recent advances in features generation for membrane protein sequences: From multiple sequence alignment to pre-trained language models},
  author={Ou, Yu-Yen and Ho, Quang-Thai and Chang, Heng-Ta},
  journal={Proteomics},
  volume={23},
  number={23-24},
  pages={2200494},
  year={2023},
  publisher={Wiley Online Library}
}
@article{villegas2021unsupervised,
  title={Unsupervised protein embeddings outperform hand-crafted sequence and structure features at predicting molecular function},
  author={Villegas-Morcillo, Amelia and Makrodimitris, Stavros and van Ham, Roeland CHJ and Gomez, Angel M and Sanchez, Victoria and Reinders, Marcel JT},
  journal={Bioinformatics},
  volume={37},
  number={2},
  pages={162--170},
  year={2021},
  publisher={Oxford University Press}
}
@article{varadi2024alphafold,
  title={AlphaFold Protein Structure Database in 2024: providing structure coverage for over 214 million protein sequences},
  author={Varadi, Mihaly and Bertoni, Damian and Magana, Paulyna and Paramval, Urmila and Pidruchna, Ivanna and Radhakrishnan, Malarvizhi and Tsenkov, Maxim and Nair, Sreenath and Mirdita, Milot and Yeo, Jingi and others},
  journal={Nucleic acids research},
  volume={52},
  number={D1},
  pages={D368--D375},
  year={2024},
  publisher={Oxford University Press}
}
@article{schlicker2006new,
  title={A new measure for functional similarity of gene products based on Gene Ontology},
  author={Schlicker, Andreas and Domingues, Francisco S and Rahnenf{\"u}hrer, J{\"o}rg and Lengauer, Thomas},
  journal={BMC bioinformatics},
  volume={7},
  pages={1--16},
  year={2006},
  publisher={Springer}
}
@article{sangar2007quantitative,
  title={Quantitative sequence-function relationships in proteins based on gene ontology},
  author={Sangar, Vineet and Blankenberg, Daniel J and Altman, Naomi and Lesk, Arthur M},
  journal={BMC bioinformatics},
  volume={8},
  pages={1--15},
  year={2007},
  publisher={Springer}
}
@article{zhao2018gogo,
  title={GOGO: An improved algorithm to measure the semantic similarity between gene ontology terms},
  author={Zhao, Chenguang and Wang, Zheng},
  journal={Scientific reports},
  volume={8},
  number={1},
  pages={15107},
  year={2018},
  publisher={Nature Publishing Group UK London}
}
@article{li2024feature,
  title={Feature reuse and scaling: Understanding transfer learning with protein language models},
  author={Li, Francesca-Zhoufan and Amini, Ava P and Yue, Yisong and Yang, Kevin K and Lu, Alex X},
  journal={bioRxiv},
  pages={2024--02},
  year={2024},
  publisher={Cold Spring Harbor Laboratory}
}
@article{bhardwaj2025robust,
  title={A Robust Machine Learned Interatomic Potential for Nb: Collision Cascade Simulations with accurate Defect Configurations},
  author={Bhardwaj, Utkarsh and Mishra, Vinayak and Mondal, Suman and Warrier, Manoj},
  journal={arXiv preprint arXiv:2502.03126},
  year={2025}
}
@article{jensen1976enzyme,
  title={Enzyme recruitment in evolution of new function},
  author={Jensen, Roy A},
  journal={Annual review of microbiology},
  volume={30},
  number={1},
  pages={409--425},
  year={1976}
}
@article{wang2016frizzled,
  title={Frizzled receptors in development and disease},
  author={Wang, Yanshu and Chang, Hao and Rattner, Amir and Nathans, Jeremy},
  journal={Current topics in developmental biology},
  volume={117},
  pages={113--139},
  year={2016},
  publisher={Elsevier}
}
@article{zlotnik2006chemokine,
  title={The chemokine and chemokine receptor superfamilies and their molecular evolution},
  author={Zlotnik, Albert and Yoshie, Osamu and Nomiyama, Hisayuki},
  journal={Genome biology},
  volume={7},
  pages={1--11},
  year={2006},
  publisher={Springer}
}
@article{steinegger2018clustering,
  title={Clustering huge protein sequence sets in linear time},
  author={Steinegger, Martin and S{\"o}ding, Johannes},
  journal={Nature communications},
  volume={9},
  number={1},
  pages={2542},
  year={2018},
  publisher={Nature Publishing Group UK London}
}

@article{chen2019graph,
  title={Graph networks as a universal machine learning framework for molecules and crystals},
  author={Chen, Chi and Ye, Weike and Zuo, Yunxing and Zheng, Chen and Ong, Shyue Ping},
  journal={Chemistry of Materials},
  volume={31},
  number={9},
  pages={3564--3572},
  year={2019},
  publisher={ACS Publications}
}

@article{xie2018crystal,
  title={Crystal graph convolutional neural networks for an accurate and interpretable prediction of material properties},
  author={Xie, Tian and Grossman, Jeffrey C},
  journal={Physical review letters},
  volume={120},
  number={14},
  pages={145301},
  year={2018},
  publisher={APS}
}

@article{choudhary2021atomistic,
  title={Atomistic line graph neural network for improved materials property predictions},
  author={Choudhary, Kamal and DeCost, Brian},
  journal={npj Computational Materials},
  volume={7},
  number={1},
  pages={185},
  year={2021},
  publisher={Nature Publishing Group UK London}
}

@article{elnaggar2021prottrans,
  title={Prottrans: Toward understanding the language of life through self-supervised learning},
  author={Elnaggar, Ahmed and Heinzinger, Michael and Dallago, Christian and Rehawi, Ghalia and Wang, Yu and Jones, Llion and Gibbs, Tom and Feher, Tamas and Angerer, Christoph and Steinegger, Martin and others},
  journal={IEEE transactions on pattern analysis and machine intelligence},
  volume={44},
  number={10},
  pages={7112--7127},
  year={2021},
  publisher={IEEE}
}

@article{ding2024protein,
  title={Protein language models are biased by unequal sequence sampling across the tree of life},
  author={Ding, Frances and Steinhardt, Jacob Noah},
  journal={bioRxiv},
  pages={2024--03},
  year={2024},
  publisher={Cold Spring Harbor Laboratory}
}

@article{griffiths2021dataset,
  title={Dataset bias in the natural sciences: a case study in chemical reaction prediction and synthesis design},
  author={Griffiths, Ryan-Rhys and Schwaller, Philippe and Lee, Alpha A},
  journal={arXiv preprint arXiv:2105.02637},
  year={2021}
}

@article{hart2024trust,
  title={Trust Not Verify? The Critical Need for Data Curation Standards in Materials Informatics},
  author={Hart, Matthew and Idanwekhai, Kelvin and Alves, Vinicius M and Miller, Alexander JM and Dempsey, Jillian L and Cahoon, James F and Chen, Chun-Hsing and Winkler, David A and Muratov, Eugene N and Tropsha, Alexander},
  journal={Chemistry of Materials},
  volume={36},
  number={19},
  pages={9046--9055},
  year={2024},
  publisher={ACS Publications}
}

@article{vickers2021quantifying,
  title={Quantifying the taxonomic bias in enzymology},
  author={Vickers, Chelsea J and Fraga, Dean and Patrick, Wayne M},
  journal={Protein Science},
  volume={30},
  number={4},
  pages={914--921},
  year={2021},
  publisher={Wiley Online Library}
}

@article{liu2021visually,
  title={Visually grounded reasoning across languages and cultures},
  author={Liu, Fangyu and Bugliarello, Emanuele and Ponti, Edoardo Maria and Reddy, Siva and Collier, Nigel and Elliott, Desmond},
  journal={arXiv preprint arXiv:2109.13238},
  year={2021}
}

@article{longpre2024large,
  title={A large-scale audit of dataset licensing and attribution in AI},
  author={Longpre, Shayne and Mahari, Robert and Chen, Anthony and Obeng-Marnu, Naana and Sileo, Damien and Brannon, William and Muennighoff, Niklas and Khazam, Nathan and Kabbara, Jad and Perisetla, Kartik and others},
  journal={Nature Machine Intelligence},
  volume={6},
  number={8},
  pages={975--987},
  year={2024},
  publisher={Nature Publishing Group UK London}
}

@inproceedings{sambasivan2021everyone,
  title={“Everyone wants to do the model work, not the data work”: Data Cascades in High-Stakes AI},
  author={Sambasivan, Nithya and Kapania, Shivani and Highfill, Hannah and Akrong, Diana and Paritosh, Praveen and Aroyo, Lora M},
  booktitle={proceedings of the 2021 CHI Conference on Human Factors in Computing Systems},
  pages={1--15},
  year={2021}
}

@article{zhong2024explaining,
  title={Explaining Datasets in Words: Statistical Models with Natural Language Parameters},
  author={Zhong, Ruiqi and Wang, Heng and Klein, Dan and Steinhardt, Jacob},
  journal={arXiv preprint arXiv:2409.08466},
  year={2024}
}

@article{webster2021person,
  title={This person (probably) exists. identity membership attacks against gan generated faces},
  author={Webster, Ryan and Rabin, Julien and Simon, Loic and Jurie, Frederic},
  journal={arXiv preprint arXiv:2107.06018},
  year={2021}
}

@article{li2023exploiting,
  title={Exploiting redundancy in large materials datasets for efficient machine learning with less data},
  author={Li, Kangming and Persaud, Daniel and Choudhary, Kamal and DeCost, Brian and Greenwood, Michael and Hattrick-Simpers, Jason},
  journal={Nature Communications},
  volume={14},
  number={1},
  pages={7283},
  year={2023},
  publisher={Nature Publishing Group UK London}
}

@book{varga2011gervsgorin,
  title={Ger{\v{s}}gorin and his circles},
  author={Varga, Richard S},
  volume={36},
  year={2011},
  publisher={Springer Science \& Business Media}
}

@article{omee2022scalable,
  title={Scalable deeper graph neural networks for high-performance materials property prediction},
  author={Omee, Sadman Sadeed and Louis, Steph-Yves and Fu, Nihang and Wei, Lai and Dey, Sourin and Dong, Rongzhi and Li, Qinyang and Hu, Jianjun},
  journal={Patterns},
  volume={3},
  number={5},
  year={2022},
  publisher={Elsevier}
}

@article{bach2022information,
  title={Information theory with kernel methods},
  author={Bach, Francis},
  journal={IEEE Transactions on Information Theory},
  volume={69},
  number={2},
  pages={752--775},
  year={2022},
  publisher={IEEE}
}


%the below are the 13 tested generative models ======================
@inproceedings{nichol2021improved,
  title={Improved denoising diffusion probabilistic models},
  author={Nichol, Alexander Quinn and Dhariwal, Prafulla},
  booktitle={International conference on machine learning},
  pages={8162--8171},
  year={2021},
  organization={PMLR}
}

@article{wu2019logan,
  title={Logan: Latent optimisation for generative adversarial networks},
  author={Wu, Yan and Donahue, Jeff and Balduzzi, David and Simonyan, Karen and Lillicrap, Timothy},
  journal={arXiv preprint arXiv:1912.00953},
  year={2019}
}

@inproceedings{odena2017conditional,
  title={Conditional image synthesis with auxiliary classifier gans},
  author={Odena, Augustus and Olah, Christopher and Shlens, Jonathon},
  booktitle={International conference on machine learning},
  pages={2642--2651},
  year={2017},
  organization={PMLR}
}
@inproceedings{brock2018large,
  title={Large Scale {GAN} Training for High Fidelity Natural Image Synthesis},
  author={Andrew Brock and Jeff Donahue and Karen Simonyan},
  booktitle={International Conference on Learning Representations},
  year={2019},
  url={https://openreview.net/forum?id=B1xsqj09Fm},
}

@article{kang2021rebooting,
  title={Rebooting acgan: Auxiliary classifier gans with stable training},
  author={Kang, Minguk and Shim, Woohyeon and Cho, Minsu and Park, Jaesik},
  journal={Advances in neural information processing systems},
  volume={34},
  pages={23505--23518},
  year={2021}
}

@inproceedings{turner2019metropolis,
  title={Metropolis-hastings generative adversarial networks},
  author={Turner, Ryan and Hung, Jane and Frank, Eric and Saatchi, Yunus and Yosinski, Jason},
  booktitle={International Conference on Machine Learning},
  pages={6345--6353},
  year={2019},
  organization={PMLR}
}

@article{gulrajani2017improved,
  title={Improved training of wasserstein gans},
  author={Gulrajani, Ishaan and Ahmed, Faruk and Arjovsky, Martin and Dumoulin, Vincent and Courville, Aaron C},
  journal={Advances in neural information processing systems},
  volume={30},
  year={2017}
}

@article{vahdat2020nvae,
  title={NVAE: A deep hierarchical variational autoencoder},
  author={Vahdat, Arash and Kautz, Jan},
  journal={Advances in neural information processing systems},
  volume={33},
  pages={19667--19679},
  year={2020}
}

@article{vahdat2021score,
  title={Score-based generative modeling in latent space},
  author={Vahdat, Arash and Kreis, Karsten and Kautz, Jan},
  journal={Advances in neural information processing systems},
  volume={34},
  pages={11287--11302},
  year={2021}
}

@article{karras2020training,
  title={Training generative adversarial networks with limited data},
  author={Karras, Tero and Aittala, Miika and Hellsten, Janne and Laine, Samuli and Lehtinen, Jaakko and Aila, Timo},
  journal={Advances in neural information processing systems},
  volume={33},
  pages={12104--12114},
  year={2020}
}

@inproceedings{sauer2022stylegan,
  title={Stylegan-xl: Scaling stylegan to large diverse datasets},
  author={Sauer, Axel and Schwarz, Katja and Geiger, Andreas},
  booktitle={ACM SIGGRAPH 2022 conference proceedings},
  pages={1--10},
  year={2022}
}

@article{chen2019residual,
  title={Residual flows for invertible generative modeling},
  author={Chen, Ricky TQ and Behrmann, Jens and Duvenaud, David K and Jacobsen, J{\"o}rn-Henrik},
  journal={Advances in Neural Information Processing Systems},
  volume={32},
  year={2019}
}

@inproceedings{xu2023pfgm++,
  title={Pfgm++: Unlocking the potential of physics-inspired generative models},
  author={Xu, Yilun and Liu, Ziming and Tian, Yonglong and Tong, Shangyuan and Tegmark, Max and Jaakkola, Tommi},
  booktitle={International Conference on Machine Learning},
  pages={38566--38591},
  year={2023},
  organization={PMLR}
}



%end of generative model citations ============================

@article{khan2024lshbloom,
  title={LSHBloom: Memory-efficient, Extreme-scale Document Deduplication},
  author={Khan, Arham and Underwood, Robert and Siebenschuh, Carlo and Babuji, Yadu and Ajith, Aswathy and Hippe, Kyle and Gokdemir, Ozan and Brace, Alexander and Chard, Kyle and Foster, Ian},
  journal={arXiv preprint arXiv:2411.04257},
  year={2024}
}

@inproceedings{selvitopi2022extreme,
  title={Extreme-scale many-against-many protein similarity search},
  author={Selvitopi, Oguz and Ekanayake, Saliya and Guidi, Giulia and Awan, Muaaz G and Pavlopoulos, Georgios A and Azad, Ariful and Kyrpides, Nikos and Oliker, Leonid and Yelick, Katherine and Bulu{\c{c}}, Aydin},
  booktitle={SC22: International Conference for High Performance Computing, Networking, Storage and Analysis},
  pages={1--12},
  year={2022},
  organization={IEEE}
}


% ========= Uniprot models

@article{jumper2021highly,
  title={Highly accurate protein structure prediction with AlphaFold},
  author={Jumper, John and Evans, Richard and Pritzel, Alexander and Green, Tim and Figurnov, Michael and Ronneberger, Olaf and Tunyasuvunakool, Kathryn and Bates, Russ and {\v{Z}}{\'\i}dek, Augustin and Potapenko, Anna and others},
  journal={nature},
  volume={596},
  number={7873},
  pages={583--589},
  year={2021},
  publisher={Nature Publishing Group}
}

@article{brandes2022proteinbert,
  title={ProteinBERT: a universal deep-learning model of protein sequence and function},
  author={Brandes, Nadav and Ofer, Dan and Peleg, Yam and Rappoport, Nadav and Linial, Michal},
  journal={Bioinformatics},
  volume={38},
  number={8},
  pages={2102--2110},
  year={2022},
  publisher={Oxford University Press}
}

%=========

@article{wei2024memorization,
  title={Memorization in deep learning: A survey},
  author={Wei, Jiaheng and Zhang, Yanjun and Zhang, Leo Yu and Ding, Ming and Chen, Chao and Ong, Kok-Leong and Zhang, Jun and Xiang, Yang},
  journal={arXiv preprint arXiv:2406.03880},
  year={2024}
}


@article{raffel2020exploring,
  title={Exploring the limits of transfer learning with a unified text-to-text transformer},
  author={Raffel, Colin and Shazeer, Noam and Roberts, Adam and Lee, Katherine and Narang, Sharan and Matena, Michael and Zhou, Yanqi and Li, Wei and Liu, Peter J},
  journal={Journal of machine learning research},
  volume={21},
  number={140},
  pages={1--67},
  year={2020}
}

@article{penedo2024fineweb,
  title={The fineweb datasets: Decanting the web for the finest text data at scale},
  author={Penedo, Guilherme and Kydl{\'\i}{\v{c}}ek, Hynek and Lozhkov, Anton and Mitchell, Margaret and Raffel, Colin and Von Werra, Leandro and Wolf, Thomas and others},
  journal={arXiv preprint arXiv:2406.17557},
  year={2024}
}

@article{suzek2015uniref,
  title={UniRef clusters: a comprehensive and scalable alternative for improving sequence similarity searches},
  author={Suzek, Baris E and Wang, Yuqi and Huang, Hongzhan and McGarvey, Peter B and Wu, Cathy H and UniProt Consortium},
  journal={Bioinformatics},
  volume={31},
  number={6},
  pages={926--932},
  year={2015},
  publisher={Oxford University Press}
}

@article{sieber2018recovery,
  title={Recovery of genomes from metagenomes via a dereplication, aggregation and scoring strategy},
  author={Sieber, Christian MK and Probst, Alexander J and Sharrar, Allison and Thomas, Brian C and Hess, Matthias and Tringe, Susannah G and Banfield, Jillian F},
  journal={Nature microbiology},
  volume={3},
  number={7},
  pages={836--843},
  year={2018},
  publisher={Nature Publishing Group UK London}
}

@article{jain2013commentary,
  title={Commentary: The Materials Project: A materials genome approach to accelerating materials innovation},
  author={Jain, Anubhav and Ong, Shyue Ping and Hautier, Geoffroy and Chen, Wei and Richards, William Davidson and Dacek, Stephen and Cholia, Shreyas and Gunter, Dan and Skinner, David and Ceder, Gerbrand and others},
  journal={APL materials},
  volume={1},
  number={1},
  year={2013},
  publisher={AIP Publishing}
}

@article{recht2018cifar,
  title={Do cifar-10 classifiers generalize to cifar-10?},
  author={Recht, Benjamin and Roelofs, Rebecca and Schmidt, Ludwig and Shankar, Vaishaal},
  journal={arXiv preprint arXiv:1806.00451},
  year={2018}
}

@article{gene2023gene,
  title={The gene ontology knowledgebase in 2023},
  author={Aleksander, Suzi A and Balhoff, James and Carbon, Seth and Cherry, J Michael and Drabkin, Harold J and Ebert, Dustin and Feuermann, Marc and Gaudet, Pascale and Harris, Nomi L and others},
  journal={Genetics},
  volume={224},
  number={1},
  pages={iyad031},
  year={2023},
  publisher={Oxford University Press US}
}

@article{ashburner2000gene,
  title={Gene ontology: tool for the unification of biology},
  author={Ashburner, Michael and Ball, Catherine A and Blake, Judith A and Botstein, David and Butler, Heather and Cherry, J Michael and Davis, Allan P and Dolinski, Kara and Dwight, Selina S and Eppig, Janan T and others},
  journal={Nature genetics},
  volume={25},
  number={1},
  pages={25--29},
  year={2000},
  publisher={Nature Publishing Group}
}