@inproceedings{askari2024improving,
  title={Improving Geo-Diversity of Generated Images with Contextualized Vendi Score Guidance},
  author={Askari Hemmat, Reyhane and Hall, Melissa and Sun, Alicia and Ross, Candace and Drozdzal, Michal and Romero-Soriano, Adriana},
  booktitle={European Conference on Computer Vision},
  pages={213--229},
  year={2024},
  organization={Springer}
}

@article{berns2023towards,
  title={Towards Mode Balancing of Generative Models via Diversity Weights},
  author={Berns, Sebastian and Colton, Simon and Guckelsberger, Christian},
  journal={arXiv preprint arXiv:2304.11961},
  year={2023}
}

@article{bhardwaj2025robust,
  title={A Robust Machine Learned Interatomic Potential for Nb: Collision Cascade Simulations with accurate Defect Configurations},
  author={Bhardwaj, Utkarsh and Mishra, Vinayak and Mondal, Suman and Warrier, Manoj},
  journal={arXiv preprint arXiv:2502.03126},
  year={2025}
}

@article{carlini2022quantifying,
  title={Quantifying memorization across neural language models},
  author={Carlini, Nicholas and Ippolito, Daphne and Jagielski, Matthew and Lee, Katherine and Tramer, Florian and Zhang, Chiyuan},
  journal={arXiv preprint arXiv:2202.07646},
  year={2022}
}

@article{elazar2023s,
  title={What's In My Big Data?},
  author={Elazar, Yanai and Bhagia, Akshita and Magnusson, Ian and Ravichander, Abhilasha and Schwenk, Dustin and Suhr, Alane and Walsh, Pete and Groeneveld, Dirk and Soldaini, Luca and Singh, Sameer and others},
  journal={arXiv preprint arXiv:2310.20707},
  year={2023}
}

@article{friedman2023vendi,
title={{The Vendi Score: A Diversity Evaluation Metric for Machine Learning}},
author={Friedman, Dan and Dieng, Adji Bousso},
journal={Transactions on Machine Learning Research},
year={2023}
}

@article{jagielski2022measuring,
  title={Measuring forgetting of memorized training examples},
  author={Jagielski, Matthew and Thakkar, Om and Tramer, Florian and Ippolito, Daphne and Lee, Katherine and Carlini, Nicholas and Wallace, Eric and Song, Shuang and Thakurta, Abhradeep and Papernot, Nicolas and others},
  journal={arXiv preprint arXiv:2207.00099},
  year={2022}
}

@inproceedings{kandpal2022deduplicating,
  title={Deduplicating training data mitigates privacy risks in language models},
  author={Kandpal, Nikhil and Wallace, Eric and Raffel, Colin},
  booktitle={International Conference on Machine Learning},
  pages={10697--10707},
  year={2022},
  organization={PMLR}
}

@article{kannen2024beyond,
  title={Beyond Aesthetics: Cultural Competence in Text-to-Image Models},
  author={Kannen, Nithish and Ahmad, Arif and Andreetto, Marco and Prabhakaran, Vinodkumar and Prabhu, Utsav and Dieng, Adji Bousso and Bhattacharyya, Pushpak and Dave, Shachi},
  journal={arXiv preprint arXiv:2407.06863},
  year={2024}
}

@article{kocetkov2022stack,
  title={The stack: 3 tb of permissively licensed source code},
  author={Kocetkov, Denis and Li, Raymond and Allal, Loubna Ben and Li, Jia and Mou, Chenghao and Ferrandis, Carlos Mu{\~n}oz and Jernite, Yacine and Mitchell, Margaret and Hughes, Sean and Wolf, Thomas and others},
  journal={arXiv preprint arXiv:2211.15533},
  year={2022}
}

@article{lee2021deduplicating,
  title={Deduplicating training data makes language models better},
  author={Lee, Katherine and Ippolito, Daphne and Nystrom, Andrew and Zhang, Chiyuan and Eck, Douglas and Callison-Burch, Chris and Carlini, Nicholas},
  journal={arXiv preprint arXiv:2107.06499},
  year={2021}
}

@article{liu2024diversity,
  title={Diversity-driven, efficient exploration of a MOF design space to optimize MOF properties},
  author={Liu, Tsung-Wei and Nguyen, Quan and Dieng, Adji Bousso and G{\'o}mez-Gualdr{\'o}n, Diego A},
  journal={Chemical Science},
  volume={15},
  number={45},
  pages={18903--18919},
  year={2024},
  publisher={Royal Society of Chemistry}
}

@inproceedings{meehan2020non,
  title={A non-parametric test to detect data-copying in generative models},
  author={Meehan, Casey and Chaudhuri, Kamalika and Dasgupta, Sanjoy},
  booktitle={International Conference on Artificial Intelligence and Statistics},
  year={2020}
}

@article{mousavi2024vsi,
title={{VSI: An Interpretable Bayesian Feature Ranking Method Based on Vendi Score}},
author={Mousavi, Mohsen and Khalili, Nasser},
journal={SSRN},
year={2024},
}

@inproceedings{nguyen2024quality,
title={{Quality-Weighted Vendi Scores And Their Application To Diverse Experimental Design}},
author={Nguyen, Quan and Dieng, Adji Bousso},
booktitle={International Conference on Machine Learning},
year={2024},
}

@article{ou2023recent,
  title={Recent advances in features generation for membrane protein sequences: From multiple sequence alignment to pre-trained language models},
  author={Ou, Yu-Yen and Ho, Quang-Thai and Chang, Heng-Ta},
  journal={Proteomics},
  volume={23},
  number={23-24},
  pages={2200494},
  year={2023},
  publisher={Wiley Online Library}
}

@article{pasarkar2023vendi,
title={{Vendi Sampling For Molecular Simulations:
Diversity As A Force For Faster Convergence And
Better Exploration}},
author={Pasarkar, Amey P and Bencomo, Gianluca M and Olsson, Simon and Dieng, Adji Bousso},
journal={The Journal of Chemical Physics},
volume={159},
number={14},
year={2023},
publisher={AIP Publishing}
}

@inproceedings{pasarkar2024cousins,
title={{Cousins Of The Vendi Score: A Family Of Similarity-Based Diversity Metrics For Science And Machine Learning}},
author={Pasarkar, Amey P.\ and Dieng, Adji Bousso},
booktitle={International Conference on Artificial Intelligence and Statistics},
pages={3808--3816},
year={2024},
organization={PMLR}
}

@article{penedo2024fineweb,
  title={The fineweb datasets: Decanting the web for the finest text data at scale},
  author={Penedo, Guilherme and Kydl{\'\i}{\v{c}}ek, Hynek and Lozhkov, Anton and Mitchell, Margaret and Raffel, Colin and Von Werra, Leandro and Wolf, Thomas and others},
  journal={arXiv preprint arXiv:2406.17557},
  year={2024}
}

@article{pondenkandath2018leveraging,
  title={Leveraging random label memorization for unsupervised pre-training},
  author={Pondenkandath, Vinaychandran and Alberti, Michele and Puran, Sammer and Ingold, Rolf and Liwicki, Marcus},
  journal={arXiv preprint arXiv:1811.01640},
  year={2018}
}

@article{rezaei2025alpha,
  title={The $alpha$-Alternator: Dynamic Adaptation To Varying Noise Levels In Sequences Using The Vendi Score For Improved Robustness and Performance},
  author={Rezaei, Mohammad Reza and Dieng, Adji Bousso},
  journal={arXiv preprint arXiv:2502.04593},
  year={2025}
}

@article{schutze2022nearest,
  title={Nearest neighbor search on embeddings rapidly identifies distant protein relations},
  author={Sch{\"u}tze, Konstantin and Heinzinger, Michael and Steinegger, Martin and Rost, Burkhard},
  journal={Frontiers in Bioinformatics},
  volume={2},
  pages={1033775},
  year={2022},
  publisher={Frontiers}
}

@inproceedings{somepalli2023diffusion,
  title={Diffusion art or digital forgery? investigating data replication in diffusion models},
  author={Somepalli, Gowthami and Singla, Vasu and Goldblum, Micah and Geiping, Jonas and Goldstein, Tom},
  booktitle={Proceedings of the IEEE/CVF Conference on Computer Vision and Pattern Recognition},
  pages={6048--6058},
  year={2023}
}

@article{stein2023exposing,
  title={Exposing flaws of generative model evaluation metrics and their unfair treatment of diffusion models},
  author={Stein, George and Cresswell, Jesse C and Hosseinzadeh, Rasa and Sui, Yi and Ross, Brendan Leigh and Villecroze, Valentin and Liu, Zhaoyan and Caterini, Anthony L and Taylor, J Eric T and Loaiza-Ganem, Gabriel},
  journal={arXiv preprint arXiv:2306.04675},
  year={2023}
}

@article{steinegger2018clustering,
  title={Clustering huge protein sequence sets in linear time},
  author={Steinegger, Martin and S{\"o}ding, Johannes},
  journal={Nature communications},
  volume={9},
  number={1},
  pages={2542},
  year={2018},
  publisher={Nature Publishing Group UK London}
}

@article{tirumala2022memorization,
  title={Memorization without overfitting: Analyzing the training dynamics of large language models},
  author={Tirumala, Kushal and Markosyan, Aram and Zettlemoyer, Luke and Aghajanyan, Armen},
  journal={Advances in Neural Information Processing Systems},
  volume={35},
  pages={38274--38290},
  year={2022}
}

@article{villegas2021unsupervised,
  title={Unsupervised protein embeddings outperform hand-crafted sequence and structure features at predicting molecular function},
  author={Villegas-Morcillo, Amelia and Makrodimitris, Stavros and van Ham, Roeland CHJ and Gomez, Angel M and Sanchez, Victoria and Reinders, Marcel JT},
  journal={Bioinformatics},
  volume={37},
  number={2},
  pages={162--170},
  year={2021},
  publisher={Oxford University Press}
}

@article{webster2021person,
  title={This person (probably) exists. identity membership attacks against gan generated faces},
  author={Webster, Ryan and Rabin, Julien and Simon, Loic and Jurie, Frederic},
  journal={arXiv preprint arXiv:2107.06018},
  year={2021}
}

@article{zhang2023retsim,
  title={RETSim: Resilient and Efficient Text Similarity},
  author={Zhang, Marina and Vallis, Owen and Bumin, Aysegul and Vakharia, Tanay and Bursztein, Elie},
  journal={arXiv preprint arXiv:2311.17264},
  year={2023}
}

@article{zhong2024explaining,
  title={Explaining Datasets in Words: Statistical Models with Natural Language Parameters},
  author={Zhong, Ruiqi and Wang, Heng and Klein, Dan and Steinhardt, Jacob},
  journal={arXiv preprint arXiv:2409.08466},
  year={2024}
}

