@inproceedings{beutel2019fairness,
  title={Fairness in Recommendation Ranking Through Pairwise Comparisons},
  author={Beutel, Alex and others},
  booktitle={Proceedings of the 25th ACM SIGKDD International Conference on Knowledge Discovery \& Data Mining (SIGKDD)},
  pages={2212--2220},
  year={2019}
}

@inproceedings{bose2019compositional,
  title={Compositional Fairness Constraints for Graph Embeddings},
  author={Bose, Avishek and Hamilton, William},
  booktitle={International Conference on Machine Learning (ICML)},
  pages={715--724},
  year={2019}
}

@inproceedings{cen2020controllable,
  title={Controllable Multi-interest Framework for Recommendation},
  author={Cen, Yukuo and others},
  booktitle={Proceedings of the 26th ACM SIGKDD International Conference on Knowledge Discovery \& Data Mining (KDD)},
  pages={2942--2951},
  year={2020}
}

@article{chen2018fast,
  title={Fast Greedy Map Inference for Determinantal Point Process to Improve Recommendation Diversity},
  author={Chen, Laming and others},
  journal={Advances in Neural Information Processing Systems (NeurIPS)},
  volume={31},
  year={2018}
}

@inproceedings{chen2020improving,
  title={Improving End-to-end Sequential Recommendations with Intent-aware Diversification},
  author={Chen, Wanyu and others},
  booktitle={Proceedings of the 29th ACM International Conference on Information \& Knowledge Management (CIKM)},
  pages={175--184},
  year={2020}
}

@article{chen2021multi,
  title={Multi-interest Diversification for End-to-end Sequential Recommendation},
  author={Chen, Wanyu and others},
  journal={ACM Transactions on Information Systems (TOIS)},
  volume={40},
  number={1},
  pages={1--30},
  year={2021}
}

@article{deldjoo2024fairness,
  title={Fairness in Recommender Systems: Research Landscape and Future Directions},
  author={Deldjoo, Yashar and others},
  journal={User Modeling and User-Adapted Interaction (UMUAI)},
  volume={34},
  number={1},
  pages={59--108},
  year={2024}
}

@inproceedings{ekstrand2018all,
  title={All The Cool Kids, How Do They Fit In?: Popularity and Demographic Biases in Recommender Evaluation and Effectiveness},
  author={Ekstrand, Michael D and others},
  booktitle={Conference on Fairness, Accountability and Transparency (FAccT)},
  pages={172--186},
  year={2018}
}

@inproceedings{gan2020enhancing,
  title={Enhancing Recommendation Diversity Using Determinantal Point Processes on Knowledge Graphs},
  author={Gan, Lu and others},
  booktitle={Proceedings of the 43rd International ACM SIGIR Conference on Research and Development in Information Retrieval (SIGIR)},
  pages={2001--2004},
  year={2020}
}

@inproceedings{ge2021towards,
  title={Towards Long-term Fairness in Recommendation},
  author={Ge, Yingqiang and others},
  booktitle={Proceedings of the 14th ACM International Conference on Web Search and Data Mining (WSDM)},
  pages={445--453},
  year={2021}
}

@inproceedings{ge2022toward,
  title={Toward Pareto Efficient Fairness-Utility Trade-off in Recommendation Through Reinforcement Learning},
  author={Ge, Yingqiang and others},
  booktitle={Proceedings of the 15th ACM International Conference on Web Search and Data Mining (WSDM)},
  pages={316--324},
  year={2022}
}

@inproceedings{he2016vbpr,
  title={VBPR: Visual Bayesian Personalized Ranking from Implicit Feedback},
  author={He, Ruining and McAuley, Julian},
  booktitle={Proceedings of the AAAI Conference on Artificial Intelligence (AAAI)},
  volume={30},
  number={1},
  year={2016}
}

@inproceedings{khenissi2020theoretical,
  title={Theoretical Modeling of the Iterative Properties of User Discovery in a Collaborative Filtering Recommender System},
  author={Khenissi, Sami and others},
  booktitle={Proceedings of the 14th ACM Conference on Recommender Systems (RecSys)},
  pages={348--357},
  year={2020}
}

@article{li2023fairness,
  title={Fairness in Recommendation: Foundations, Methods, and Applications},
  author={Li, Yunqi and others},
  journal={ACM Transactions on Intelligent Systems and Technology (TIST)},
  volume={14},
  number={5},
  pages={1--48},
  year={2023}
}

@article{li2024deep,
  title={Deep Pareto Reinforcement Learning for Multi-Objective Recommender Systems},
  author={Li, Pan and Tuzhilin, Alexander},
  journal={arXiv preprint arXiv:2407.03580},
  year={2024}
}

@inproceedings{liang2021enhancing,
  title={Enhancing Domain-level and User-level Adaptivity in Diversified Recommendation},
  author={Liang, Yile and others},
  booktitle={Proceedings of the 44th International ACM SIGIR Conference on Research and Development in Information Retrieval (SIGIR)},
  pages={747--756},
  year={2021}
}

@inproceedings{lin2022feature,
  title={Feature-aware Diversified Re-ranking with Disentangled Representations for Relevant Recommendation},
  author={Lin, Zihan and others},
  booktitle={Proceedings of the 28th ACM SIGKDD Conference on Knowledge Discovery and Data Mining (KDD)},
  pages={3327--3335},
  year={2022}
}

@inproceedings{liu2019personalized,
  title={Personalized Fairness-aware Re-ranking for Microlending},
  author={Liu, Weiwen and others},
  booktitle={Proceedings of the 13th ACM Conference on Recommender Systems (RecSys)},
  pages={467--471},
  year={2019}
}

@inproceedings{liu2022determinantal,
  title={Determinantal Point Process Likelihoods for Sequential Recommendation},
  author={Liu, Yuli and others},
  booktitle={Proceedings of the 45th International ACM SIGIR Conference on Research and Development in Information Retrieval (SIGIR)},
  pages={1653--1663},
  year={2022}
}

@inproceedings{liu2023generative,
  title={Generative Flow Network for Listwise Recommendation},
  author={Liu, Shuchang and others},
  booktitle={Proceedings of the 29th ACM SIGKDD Conference on Knowledge Discovery and Data Mining (KDD)},
  pages={1524--1534},
  year={2023}
}

@inproceedings{liu2024large,
  title={Large Language Models for Intent-Driven Session Recommendations},
  author={Liu, Hongyang and others},
  booktitle={Proceedings of the 47th International ACM SIGIR Conference on Research and Development in Information Retrieval (SIGIR)},
  pages={324--334},
  year={2024}
}

@inproceedings{lu2021future,
  title={Future-aware Diverse Trends Framework for Recommendation},
  author={Lu, Yujie and others},
  booktitle={Proceedings of the Web Conference (TheWebConf))},
  pages={2992--3001},
  year={2021}
}

@inproceedings{ma2018modeling,
  title={Modeling Task Relationships in Multi-Task Learning with Multi-Gate Mixture-of-Experts},
  author={Ma, Jiaqi and others},
  booktitle={Proceedings of the 24th ACM SIGKDD International Conference on Knowledge Discovery \& Data Mining (SIGKDD)},
  pages={1930--1939},
  year={2018}
}

@inproceedings{patro2020fairrec,
  title={Fairrec: Two-Sided Fairness for Personalized Recommendations in Two-Sided Platforms},
  author={Patro, Gourab K and others},
  booktitle={Proceedings of the Web Conference (TheWebConf)},
  pages={1194--1204},
  year={2020}
}

@article{peng2024less,
  title={Less is More: Removing Redundancy of Graph Convolutional Networks for Recommendation},
  author={Peng, Shaowen and others},
  journal={ACM Transactions on Information Systems (TOIS)},
  volume={42},
  number={3},
  pages={1--26},
  year={2024}
}

@inproceedings{sha2016framework,
  title={A Framework for Recommending Relevant and Diverse Items.},
  author={Sha, Chaofeng and others},
  booktitle={Proceedings of the 27th International Joint Conference on Artificial Intelligence (IJCAI)},
  volume={16},
  pages={3868--3874},
  year={2016}
}

@article{shi2024diversifying,
  title={Diversifying Sequential Recommendation with Retrospective and Prospective Transformers},
  author={Shi, Chaoyu and others},
  journal={ACM Transactions on Information Systems (TOIS)},
  volume={42},
  number={5},
  pages={1--37},
  year={2024}
}

@inproceedings{singh2018fairness,
  title={Fairness of Exposure in Rankings},
  author={Singh, Ashudeep and Joachims, Thorsten},
  booktitle={Proceedings of the 24th ACM SIGKDD International Conference on Knowledge Discovery \& Data Mining (SIGKDD)},
  pages={2219--2228},
  year={2018}
}

@inproceedings{stamenkovic2022choosing,
  title={Choosing the Best of Both Worlds: Diverse and Novel Recommendations through Multi-Objective Reinforcement Learning},
  author={Stamenkovic, Dusan and others},
  booktitle={Proceedings of the 15th ACM International Conference on Web Search and Data Mining (WSDM)},
  pages={957--965},
  year={2022}
}

@inproceedings{steck2018calibrated,
  title={Calibrated Recommendations},
  author={Steck, Harald},
  booktitle={Proceedings of the 12th ACM Conference on Recommender Systems (RecSys)},
  pages={154--162},
  year={2018}
}

@article{sun2019research,
  title={Research Commentary on Recommendations with Side Information: A Survey and Research Directions},
  author={Sun, Zhu and others},
  journal={Electronic Commerce Research and Applications (ECRA)},
  volume={37},
  pages={100879},
  year={2019}
}

@article{sun2023theoretically,
  title={Theoretically Guaranteed Bidirectional Data Rectification for Robust Sequential Recommendation},
  author={Sun, Yatong and others},
  journal={Advances in Neural Information Processing Systems (NeurIPS)},
  volume={36},
  year={2023}
}

@inproceedings{sun2024self,
  title={Self-Supervised Denoising through Independent Cascade Graph Augmentation for Robust Social Recommendation},
  author={Sun, Youchen and others},
  booktitle={Proceedings of ACM SIGKDD Conference on Knowledge Mining and Discovery (KDD)},
  pages={2806--2817},
  year={2024}
}

@inproceedings{wang2019modeling,
  title={Modeling Multi-purpose Sessions for Next-item Recommendations via Mixture-channel Purpose Routing Networks},
  author={Wang, Shoujin and others},
  booktitle={Proceedings of the 30th International Joint Conference on Artificial Intelligence (IJCAI)},
  year={2019}
}

@inproceedings{wang2022user,
  title={User-controllable Recommendation Against Filter Bubbles},
  author={Wang, Wenjie and others},
  booktitle={Proceedings of the 45th International ACM SIGIR Conference on Research and Development in Information Retrieval (SIGIR)},
  pages={1251--1261},
  year={2022}
}

@article{wang2023survey,
  title={A Survey on The Fairness of Recommender Systems},
  author={Wang, Yifan and others},
  journal={ACM Transactions on Information Systems (TOIS)},
  volume={41},
  number={3},
  pages={1--43},
  year={2023}
}

@inproceedings{wang2024sparks,
  title={Sparks of Surprise: Multi-objective Recommendations with Hierarchical Decision Transformers for Diversity, Novelty, and Serendipity},
  author={Wang, Jie and others},
  booktitle={Proceedings of the 33rd ACM International Conference on Information and Knowledge Management (CIKM)},
  pages={2358--2368},
  year={2024}
}

@inproceedings{wang2025re2llm,
  title={Re2LLM: Reflective Reinforcement Large Language Model for Session-based Recommendation},
  author={Wang, Ziyan and others},
  booktitle={Proceedings of the AAAI Conference on Artificial Intelligence (AAAI)},
  year={2025}
}

@inproceedings{warlop2019tensorized,
  title={Tensorized Determinantal Point Processes for Recommendation},
  author={Warlop, Romain and others},
  booktitle={Proceedings of the 25th ACM SIGKDD International Conference on Knowledge Discovery \& Data Mining (KDD)},
  pages={1605--1615},
  year={2019}
}

@inproceedings{wu2019pd,
  title={PD-GAN: Adversarial Learning for Personalized Diversity-promoting Recommendation.},
  author={Wu, Qiong and others},
  booktitle={Proceedings of the 30th International Joint Conference on Artificial Intelligence (IJCAI)},
  volume={19},
  pages={3870--3876},
  year={2019}
}

@inproceedings{wu2021learning,
  title={Learning Fair Representations for Recommendation: A Graph-based Perspective},
  author={Wu, Le and others},
  booktitle={Proceedings of the Web Conference 2021 (TheWebConf)},
  pages={2198--2208},
  year={2021}
}

@inproceedings{wu2021tfrom,
  title={TFROM: A Two-Sided Fairness-Aware Recommendation Model for Both Customers and Providers},
  author={Wu, Yao and others},
  booktitle={Proceedings of the 44th International ACM SIGIR Conference on Research and Development in Information Retrieval (SIGIR)},
  pages={1013--1022},
  year={2021}
}

@article{wu2022multi,
  title={A Multi-Objective Optimization Framework for Multi-Stakeholder Fairness-aware Recommendation},
  author={Wu, Haolun and others},
  journal={ACM Transactions on Information Systems (TOIS)},
  volume={41},
  number={2},
  pages={1--29},
  year={2022}
}

@inproceedings{yang2023dgrec,
  title={DGREC: Graph Neural Network for Recommendation with Diversified Embedding Generation},
  author={Yang, Liangwei and others},
  booktitle={Proceedings of the 16th ACM International Conference on Web Search and Data Mining (WSDM)},
  pages={661--669},
  year={2023}
}

@inproceedings{zhang2022next,
  title={Next Point-of-Interest Recommendation with Inferring Multi-step Future Preferences.},
  author={Zhang, Lu and others},
  booktitle={Proceedings of the 33rd International Joint Conference on Artificial Intelligence (IJCAI)},
  pages={3751--3757},
  year={2022}
}

@inproceedings{zheng2021dgcn,
  title={DGCN: Diversified Recommendation with Graph Convolutional Networks},
  author={Zheng, Yu and others},
  booktitle={Proceedings of the Web Conference (TheWebConf)},
  pages={401--412},
  year={2021}
}

@inproceedings{zhu2018fairness,
  title={Fairness-Aware Tensor-based Recommendation},
  author={Zhu, Ziwei and others},
  booktitle={Proceedings of the 27th ACM International Conference on Information and Knowledge Management (CIKM)},
  pages={1153--1162},
  year={2018}
}

@inproceedings{zhu2020measuring,
  title={Measuring and Mitigating Item Under-Recommendation Bias in Personalized Ranking Systems},
  author={Zhu, Ziwei and others},
  booktitle={Proceedings of the 43rd International ACM SIGIR Conference on Research and Development in Information Retrieval (SIGIR)},
  pages={449--458},
  year={2020}
}

