@inproceedings{abels2019dynamic,
    title={Dynamic weights in multi-objective deep reinforcement learning},
    author={Abels, Axel and Roijers, Diederik and Lenaerts, Tom and Now{\'e}, Ann and Steckelmacher, Denis},
    booktitle={International conference on machine learning},
    pages={11--20},
    year={2019},
    organization={PMLR}
}

@inproceedings{chen2021dt,
    address = {Red Hook, NY, USA},
    author = {Chen, Lili and Lu, Kevin and Rajeswaran, Aravind and Lee, Kimin and Grover, Aditya and Laskin, Michael and Abbeel, Pieter and Srinivas, Aravind and Mordatch, Igor},
    booktitle = {Proceedings of the 35th International Conference on Neural Information Processing Systems},
    isbn = {9781713845393},
    mendeley-groups = {Offline RL},
    publisher = {Curran Associates Inc.},
    series = {NIPS '21},
    title = {{Decision transformer: reinforcement learning via sequence modeling}},
    year = {2021}
}

@article{gmytrasiewicz2005ipomdp,
    address = {El Segundo, CA, USA},
    author = {Gmytrasiewicz, Piotr J and Doshi, Prashant},
    issn = {1076-9757},
    journal = {J. Artif. Int. Res.},
    mendeley-groups = {Theory-of-Mind},
    month = {jul},
    number = {1},
    pages = {49--79},
    publisher = {AI Access Foundation},
    title = {{A framework for sequential planning in multi-agent settings}},
    volume = {24},
    year = {2005}
}

@inproceedings{gu2022online,
    title={Online Ad Hoc Teamwork under Partial Observability},
    author={Pengjie Gu and Mengchen Zhao and Jianye Hao and Bo An},
    booktitle={International Conference on Learning Representations},
    year={2022},
    url={https://openreview.net/forum?id=18Ys0-PzyPI}
}

@InProceedings{gurney2022tom,
    author="Gurney, Nikolos and Marsella, Stacy and Ustun, Volkan and Pynadath, David V.",
    editor="Gurney, Nikolos and Sukthankar, Gita",
    title="Operationalizing Theories of Theory of Mind: A Survey",
    booktitle="Computational Theory of Mind for Human-Machine Teams",
    year="2022",
    publisher="Springer Nature Switzerland",
    series="AAAI-FSS 2021",
    address="Cham",
    pages="3--20",
    isbn="978-3-031-21671-8",
    doi="https://doi.org/10.1007/978-3-031-21671-8_1"
}

@inproceedings{haarnoja2018soft,
    author = {Haarnoja, Tuomas and Zhou, Aurick and Abbeel, Pieter and Levine, Sergey},
    booktitle = {International conference on machine learning},
    mendeley-groups = {Reinforcement Learning},
    organization = {PMLR},
    pages = {1861--1870},
    title = {{Soft actor-critic: Off-policy maximum entropy deep reinforcement learning with a stochastic actor}},
    year = {2018}
}

@article{han2018learning,
    author = {Han, Yanlin and Gmytrasiewicz, Piotr},
    journal = {Advances in Neural Information Processing Systems},
    mendeley-groups = {Theory-of-Mind},
    title = {{Learning others' intentional models in multi-agent settings using interactive POMDPs}},
    volume = {31},
    year = {2018}
}

@inproceedings{han2019ipomdp,
    author = {Han, Yanlin and Gmytrasiewicz, Piotr},
    booktitle = {Proceedings of the AAAI Conference on Artificial Intelligence},
    mendeley-groups = {Theory-of-Mind},
    number = {01},
    pages = {6062--6069},
    title = {{Ipomdp-net: A deep neural network for partially observable multi-agent planning using interactive pomdps}},
    volume = {33},
    year = {2019}
}

@article{hayes2022multiobjectiverl,
    author = {Hayes, Conor F. and Rădulescu, Roxana and Bargiacchi, Eugenio and K{\"{a}}llstr{\"{o}}m, Johan and Macfarlane, Matthew and Reymond, Mathieu and Verstraeten, Timothy and Zintgraf, Luisa M. and Dazeley, Richard and Heintz, Fredrik and Howley, Enda and Irissappane, Athirai A. and Mannion, Patrick and Now{\'{e}}, Ann and Ramos, Gabriel and Restelli, Marcello and Vamplew, Peter and Roijers, Diederik M.},
    doi = {10.1007/S10458-022-09552-Y},
    eprint = {2103.09568},
    issn = {15737454},
    journal = {Autonomous Agents and Multi-Agent Systems},
    keywords = {Multi-objective decision making,Multi-objective multi-agent systems,Multi-objective planning,Multi-objective reinforcement learning},
    mendeley-groups = {Reinforcement Learning},
    month = {apr},
    number = {1},
    pages = {1--59},
    publisher = {Springer},
    title = {{A practical guide to multi-objective reinforcement learning and planning}},
    url = {https://link.springer.com/article/10.1007/s10458-022-09552-y},
    volume = {36},
    year = {2022}
}

@article{jaderberg2019human,
    title={Human-level performance in 3D multiplayer games with population-based reinforcement learning},
    author={Jaderberg, Max and Czarnecki, Wojciech M and Dunning, Iain and Marris, Luke and Lever, Guy and Castaneda, Antonio Garcia and Beattie, Charles and Rabinowitz, Neil C and Morcos, Ari S and Ruderman, Avraham and others},
    journal={Science},
    volume={364},
    number={6443},
    pages={859--865},
    year={2019},
    publisher={American Association for the Advancement of Science}
}

@inproceedings{janner2022diff,
    title = 	 {Planning with Diffusion for Flexible Behavior Synthesis},
    author =       {Janner, Michael and Du, Yilun and Tenenbaum, Joshua and Levine, Sergey},
    booktitle = 	 {Proceedings of the 39th International Conference on Machine Learning},
    pages = 	 {9902--9915},
    year = 	 {2022},
    editor = 	 {Chaudhuri, Kamalika and Jegelka, Stefanie and Song, Le and Szepesvari, Csaba and Niu, Gang and Sabato, Sivan},
    volume = 	 {162},
    series = 	 {Proceedings of Machine Learning Research},
    month = 	 {17--23 Jul},
    publisher =    {PMLR},
    pdf = 	 {https://proceedings.mlr.press/v162/janner22a/janner22a.pdf},
    url = 	 {https://proceedings.mlr.press/v162/janner22a.html}
}

@article{jaraettinger2019tomirl,
    title = {Theory of mind as inverse reinforcement learning},
    journal = {Current Opinion in Behavioral Sciences},
    volume = {29},
    pages = {105-110},
    year = {2019},
    note = {Artificial Intelligence},
    issn = {2352-1546},
    doi = {https://doi.org/10.1016/j.cobeha.2019.04.010},
    url = {https://www.sciencedirect.com/science/article/pii/S2352154618302055},
    author = {Julian Jara-Ettinger}
}

@inproceedings{kumar2020cql,
    address = {Red Hook, NY, USA},
    author = {Kumar, Aviral and Zhou, Aurick and Tucker, George and Levine, Sergey},
    booktitle = {Proceedings of the 34th International Conference on Neural Information Processing Systems},
    isbn = {9781713829546},
    mendeley-groups = {Offline RL},
    publisher = {Curran Associates Inc.},
    series = {NIPS '20},
    title = {{Conservative Q-learning for offline reinforcement learning}},
    year = {2020}
}

@article{lee2022investigation,
    author = {Lee, Ken Ming and {Ganapathi Subramanian}, Sriram and Crowley, Mark},
    journal = {Frontiers in Artificial Intelligence},
    mendeley-groups = {Reinforcement Learning},
    pages = {805823},
    publisher = {Frontiers Media SA},
    title = {{Investigation of independent reinforcement learning algorithms in multi-agent environments}},
    volume = {5},
    year = {2022}
}

@article{meng2023madt,
    author = {Meng, Linghui and Wen, Muning and Le, Chenyang and Li, Xiyun and Xing, Dengpeng and Zhang, Weinan and Wen, Ying and Zhang, Haifeng and Wang, Jun and Yang, Yaodong and Xu, Bo},
    doi = {10.1007/S11633-022-1383-7/METRICS},
    issn = {27315398},
    journal = {Machine Intelligence Research},
    keywords = {Pre-training model,decision making,multi-agent reinforcement learning (MARL),offline reinforcement learning,transformer},
    month = {apr},
    number = {2},
    pages = {233--248},
    publisher = {Chinese Academy of Sciences},
    title = {{Offline Pre-trained Multi-agent Decision Transformer}},
    url = {https://link.springer.com/article/10.1007/s11633-022-1383-7},
    volume = {20},
    year = {2023}
}

@inproceedings{paleja2019heterogeneous,
    author = {Paleja, Rohan and Gombolay, Matthew},
    booktitle = {2019 14th ACM/IEEE International Conference on Human-Robot Interaction (HRI)},
    mendeley-groups = {Human Robot/AI Collaboration/Co-adaptation},
    organization = {IEEE},
    pages = {730--732},
    title = {{Heterogeneous learning from demonstration}},
    year = {2019}
}

@inproceedings{pynadath2005psychsim,
    author = {Pynadath, David V. and Marsella, Stacy C.},
    title = {PsychSim: modeling theory of mind with decision-theoretic agents},
    year = {2005},
    publisher = {Morgan Kaufmann Publishers Inc.},
    address = {San Francisco, CA, USA},
    booktitle = {Proceedings of the 19th International Joint Conference on Artificial Intelligence},
    pages = {1181–1186},
    numpages = {6},
    location = {Edinburgh, Scotland},
    series = {IJCAI'05}
}

@inproceedings{rabinowitz2018tomnet,
    title = 	 {Machine Theory of Mind},
    author =       {Rabinowitz, Neil and Perbet, Frank and Song, Francis and Zhang, Chiyuan and Eslami, S. M. Ali and Botvinick, Matthew},
    booktitle = 	 {Proceedings of the 35th International Conference on Machine Learning},
    pages = 	 {4218--4227},
    year = 	 {2018},
    editor = 	 {Dy, Jennifer and Krause, Andreas},
    volume = 	 {80},
    series = 	 {Proceedings of Machine Learning Research},
    month = 	 {10--15 Jul},
    publisher =    {PMLR},
    pdf = 	 {http://proceedings.mlr.press/v80/rabinowitz18a/rabinowitz18a.pdf},
    url = 	 {https://proceedings.mlr.press/v80/rabinowitz18a.html}
}

@article{ribeiro2023adhoc,
    author = {Ribeiro, Jo{\~{a}}o G. and Martinho, Cassandro and Sardinha, Alberto and Melo, Francisco S.},
    doi = {10.3233/FAIA230486},
    isbn = {9781643684369},
    issn = {18798314},
    journal = {Frontiers in Artificial Intelligence and Applications},
    mendeley-groups = {Human Robot/AI Collaboration/Co-adaptation},
    month = {sep},
    pages = {1954--1961},
    publisher = {IOS Press},
    title = {{Making Friends in the Dark: Ad Hoc Teamwork Under Partial Observability}},
    url = {https://ebooks.iospress.nl/doi/10.3233/FAIA230486},
    volume = {372},
    year = {2023}
}

@InProceedings{rocha2023tom,
    author="Rocha, Michele and da Silva, Heitor Henrique and Morales, Anal{\'u}cia Schiaffino and Sarkadi, Stefan and Panisson, Alison R.",
    editor="Naldi, Murilo C. and Bianchi, Reinaldo A. C.",
    title="Applying Theory of Mind to Multi-agent Systems: A Systematic Review",
    booktitle="Intelligent Systems",
    year="2023",
    publisher="Springer Nature Switzerland",
    address="Cham",
    series="BRACIS 2023",
    pages="367--381",
    isbn="978-3-031-45368-7",
    doi="https://doi.org/10.1007/978-3-031-45368-7_24"
}

@inproceedings{ruchte2021scalable,
    title={Scalable pareto front approximation for deep multi-objective learning},
    author={Ruchte, Michael and Grabocka, Josif},
    booktitle={2021 IEEE international conference on data mining (ICDM)},
    pages={1306--1311},
    year={2021},
    organization={IEEE}
}

@article{silver2017mastering,
    title={Mastering chess and shogi by self-play with a general reinforcement learning algorithm},
    author={Silver, David and Hubert, Thomas and Schrittwieser, Julian and Antonoglou, Ioannis and Lai, Matthew and Guez, Arthur and Lanctot, Marc and Sifre, Laurent and Kumaran, Dharshan and Graepel, Thore and others},
    journal={arXiv preprint arXiv:1712.01815},
    year={2017}
}

@InProceedings{sohldickstein2015diff,
    title = 	 {Deep Unsupervised Learning using Nonequilibrium Thermodynamics},
    author = 	 {Sohl-Dickstein, Jascha and Weiss, Eric and Maheswaranathan, Niru and Ganguli, Surya},
    booktitle = 	 {Proceedings of the 32nd International Conference on Machine Learning},
    pages = 	 {2256--2265},
    year = 	 {2015},
    editor = 	 {Bach, Francis and Blei, David},
    volume = 	 {37},
    series = 	 {Proceedings of Machine Learning Research},
    address = 	 {Lille, France},
    month = 	 {07--09 Jul},
    publisher =    {PMLR},
    pdf = 	 {http://proceedings.mlr.press/v37/sohl-dickstein15.pdf},
    url = 	 {https://proceedings.mlr.press/v37/sohl-dickstein15.html}
}

@article{stone2010adhoc,
    author = {Stone, Peter and Kaminka, Gal and Kraus, Sarit and Rosenschein, Jeffrey},
    doi = {10.1609/aaai.v24i1.7529},
    file = {:Users/sequeira/Tresorit/PEDRO/work/bibliografia/artigos/learning/multiagent learning/adhoc teamwork/7529-Article Text-11059-1-2-20201228.pdf:pdf},
    issn = {2374-3468},
    journal = {Proceedings of the AAAI Conference on Artificial Intelligence},
    keywords = {Special Track -- Challenges in AI},
    month = {jul},
    number = {1},
    pages = {1504--1509},
    title = {{Ad Hoc Autonomous Agent Teams: Collaboration without Pre-Coordination}},
    url = {https://ojs.aaai.org/index.php/AAAI/article/view/7529},
    volume = {24},
    year = {2010}
}

@inproceedings{sutton1999functionapprox,
    address = {Cambridge, MA, USA},
    author = {Sutton, Richard S and McAllester, David and Singh, Satinder and Mansour, Yishay},
    booktitle = {Proceedings of the 12th International Conference on Neural Information Processing Systems},
    pages = {1057--1063},
    publisher = {MIT Press},
    series = {NIPS'99},
    title = {{Policy Gradient Methods for Reinforcement Learning with Function Approximation}},
    year = {1999}
}

@inproceedings{tseng2022offline,
    author = {Tseng, Wei-Cheng and Wang, Tsun-Hsuan Johnson and Lin, Yen-Chen and Isola, Phillip},
    booktitle = {Advances in Neural Information Processing Systems},
    editor = {Koyejo, S and Mohamed, S and Agarwal, A and Belgrave, D and Cho, K and Oh, A},
    mendeley-groups = {Offline RL},
    pages = {226--237},
    publisher = {Curran Associates, Inc.},
    title = {{Offline Multi-Agent Reinforcement Learning with Knowledge Distillation}},
    url = {https://proceedings.neurips.cc/paper{\_}files/paper/2022/file/01d78b294d80491fecddea897cf03642-Paper-Conference.pdf},
    volume = {35},
    year = {2022}
}

@inproceedings{wu2023multiagent,
    author = {Wu, Haochen and Sequeira, Pedro and Pynadath, David V},
    booktitle = {Proceedings of the 2023 International Conference on Autonomous Agents and Multiagent Systems},
    mendeley-groups = {Theory-of-Mind},
    pages = {708--716},
    title = {{Multiagent Inverse Reinforcement Learning via Theory of Mind Reasoning}},
    year = {2023}
}

@inproceedings{zhang2021brac+,
    author = {Zhang, Chi and Kuppannagari, Sanmukh and Viktor, Prasanna},
    booktitle = {Asian Conference on Machine Learning},
    mendeley-groups = {Offline RL},
    organization = {PMLR},
    pages = {204--219},
    title = {{Brac+: Improved behavior regularized actor critic for offline reinforcement learning}},
    year = {2021}
}

@article{zhao2023maxent,
    author = {Zhao, Rui and Song, Jinming and Yuan, Yufeng and Hu, Haifeng and Gao, Yang and Wu, Yi and Sun, Zhongqian and Yang, Wei},
    doi = {10.1609/aaai.v37i5.25758},
    journal = {Proceedings of the AAAI Conference on Artificial Intelligence},
    mendeley-groups = {Human Robot/AI Collaboration/Co-adaptation},
    number = {5},
    pages = {6145--6153},
    title = {{Maximum Entropy Population-Based Training for Zero-Shot Human-AI Coordination}},
    url = {https://ojs.aaai.org/index.php/AAAI/article/view/25758},
    volume = {37},
    year = {2023}
}

@inproceedings{zhu2024madiff,
    title={{MAD}iff: Offline Multi-agent Learning with Diffusion Models},
    author={Zhengbang Zhu and Minghuan Liu and Liyuan Mao and Bingyi Kang and Minkai Xu and Yong Yu and Stefano Ermon and Weinan Zhang},
    booktitle={The Thirty-eighth Annual Conference on Neural Information Processing Systems},
    year={2024},
    url={https://openreview.net/forum?id=PvoxbjcRPT}
}

