@inproceedings{Boy,
    author = {Boy, Jeremy and Pandey, Anshul Vikram and Emerson, John and Satterthwaite, Margaret and Nov, Oded and Bertini, Enrico},
    title = "{Showing People Behind Data: Does Anthropomorphizing Visualizations Elicit More Empathy for Human Rights Data?}",
    year = {2017},
    isbn = {9781450346559},
    publisher = {Association for Computing Machinery},
    address = {New York, NY, USA},
    url = {https://doi.org/10.1145/3025453.3025512},
    doi = {10.1145/3025453.3025512},
    booktitle = {Proceedings of the 2017 CHI Conference on Human Factors in Computing Systems},
    pages = {5462–5474},
    numpages = {13},
    keywords = {human rights, empathy, anthropographics, prosocial behavior, information visualization for the people},
    location = {Denver, Colorado, USA},
    series = {CHI '17}
    }

@ARTICLE{Cabric2024,
  author={Cabric, Florent and Bjarnadóttir, Margrét Vilborg and Ling, Meng and Rafnsdóttir, Guðbjörg Linda and Isenberg, Petra},
  journal={IEEE Transactions on Visualization and Computer Graphics}, 
  title={Eleven Years of Gender Data Visualization: A Step Towards More Inclusive Gender Representation}, 
  year={2024},
  volume={30},
  number={1},
  pages={316-326},
  keywords={Data visualization;Visualization;Surveys;Image color analysis;Behavioral sciences;Ethics;Biology;Visualization;gender;visual gender representation;ethics},
  doi={10.1109/TVCG.2023.3327369}}

@inproceedings{Correll,
author = {Correll, Michael},
title = "{Ethical Dimensions of Visualization Research}",
year = {2019},
isbn = {9781450359702},
publisher = {Association for Computing Machinery},
address = {New York, NY, USA},
url = {https://doi.org/10.1145/3290605.3300418},
doi = {10.1145/3290605.3300418},
booktitle = {Proceedings of the 2019 CHI Conference on Human Factors in Computing Systems},
pages = {1–13},
numpages = {13},
keywords = {ethics, information visualization, visual analytics},
location = {Glasgow, Scotland Uk},
series = {CHI '19}
}

@misc{Datawrapper-Race,
author = {Muth, Lisa Charlotte},
year={2024},
title = "{What to Consider When Choosing Colors for Race, Ethnicity, and World Regions}", 
lastaccessed = {December 10, 2024},
howpublished = {Available: \url{https://blog.datawrapper.de/colors-for-race-ethnicity-world-regions/}},
publisher = {Datawrapper}
}

@article{Morais2020,
  title="{Showing Data about People: A Design Space of Anthropographics}",
  author={Morais, Luiz and Jansen, Yvonne and Andrade, Nazareno and Dragicevic, Pierre},
  journal={IEEE Transactions on Visualization and Computer Graphics},
  year={2020},
  volume={28},
  number={3},
  pages={1661-1679},
  publisher={IEEE},
doi={10.1109/TVCG.2020.3023013}
}

@inproceedings{Morais2021,
    author = {Morais, Luiz and Jansen, Yvonne and Andrade, Nazareno and Dragicevic, Pierre},
    title = "{Can Anthropographics Promote Prosociality? A Review and Large-Sample Study}",
    year = {2021},
    isbn = {9781450380966},
    publisher = {Association for Computing Machinery},
    address = {New York, NY, USA},
    url = {https://doi.org/10.1145/3411764.3445637},
    doi = {10.1145/3411764.3445637},
    booktitle = {Proceedings of the 2021 CHI Conference on Human Factors in Computing Systems},
    articleno = {611},
    numpages = {18},
    keywords = {infographics, compassion., empathy, information visualization, anthropographics},
    location = {Yokohama, Japan},
    series = {CHI '21}
    }

@inproceedings{Ogbonnaya2020,
author = {Ogbonnaya-Ogburu, Ihudiya Finda and Smith, Angela D.R. and To, Alexandra and Toyama, Kentaro},
title = "{Critical Race Theory for HCI}",
year = {2020},
isbn = {9781450367080},
publisher = {Association for Computing Machinery},
address = {New York, NY, USA},
url = {https://doi.org/10.1145/3313831.3376392},
doi = {10.1145/3313831.3376392},
booktitle = {Proceedings of the 2020 CHI Conference on Human Factors in Computing Systems},
pages = {1–16},
numpages = {16},
location = {Honolulu, HI, USA},
series = {CHI '20}
}

@misc{SchwabishFeng, 
author= {Schwabish, Jonathan and Feng, Alice}, 
year={2021}, 
title ="{Do No Harm Guide: Applying Equity Awareness in Data Visualization}", 
note={Urban Institute. \url{https://www. urban. org/research/publication/do-no-harm-guide-applying-equity-awareness-data-visualization}}, 
lastaccessed = {September 9, 2024}
}

@inproceedings{WEIRDCHI,
author = {Linxen, Sebastian and Sturm, Christian and Br\"{u}hlmann, Florian and Cassau, Vincent and Opwis, Klaus and Reinecke, Katharina},
title = "{How WEIRD is CHI?}",
year = {2021},
publisher = {Association for Computing Machinery},
address = {New York, NY, USA},
url = {https://doi.org/10.1145/3411764.3445488},
doi = {10.1145/3411764.3445488},
booktitle = {Proceedings of the 2021 CHI Conference on Human Factors in Computing Systems},
articleno = {143},
numpages = {14},
keywords = {geographic diversity, WEIRD, generalizability, sample bias, HCI research},
location = {Yokohama, Japan},
series = {CHI '21}
}

@inproceedings{akbaba2023troubling,
  title={Troubling collaboration: Matters of care for visualization design study},
  author={Akbaba, Derya and Lange, Devin and Correll, Michael and Lex, Alexander and Meyer, Miriah},
publisher = {Association for Computing Machinery},
  booktitle={Proceedings of the 2023 CHI Conference on Human Factors in Computing Systems},
address = {New York, NY, USA},
numpages = {14},
  year={2023}, 
location = {Hamburg, Germany},
series = {CHI '23},
doi = {10.1145/3544548.3581168}
}

@article{akbaba2024entanglements,
  title={Entanglements for Visualization: Changing Research Outcomes through Feminist Theory},
  author={Akbaba, Derya and Klein, Lauren and Meyer, Miriah},
  year={2024},
numpages={11},
 volume={31},
  number={1},
 journal={IEEE Transactions on Visualization and Computer Graphics},
  publisher={IEEE}, 
 doi={10.1109/TVCG.2024.3456171}
}

@article{bako2022understanding,
author={Bako, Hannah K. and Liu, Xinyi and Battle, Leilani and Liu, Zhicheng},
journal={IEEE Transactions on Visualization and Computer Graphics}, 
title={Understanding how Designers Find and Use Data Visualization Examples}, 
year={2023},
volume={29},
number={1},
pages={1048-1058},
doi={10.1109/TVCG.2022.3209490},
publisher={IEEE}}

@inproceedings{cabric2023open,
  title={Open Questions about the Visualization of Sociodemographic Data},
  author={Cabric, Florent and Bjarnad{\'o}ttir, Margr{\'e}t Vilborg and Cabouat, Anne-Flore and Isenberg, Petra},
  booktitle={2023 IEEE Workshop on Visualization for Social Good (VIS4Good)},
  pages={16--20},
  year={2023},
  organization={IEEE},
 doi={10.1109/VIS4Good60218.2023.00010}
}

@incollection{datafem,
    author = {D'Ignazio, Catherine and  Klein, Lauren F},
    booktitle = "{Data Feminism}",
    title = "{1. The Power Chapter}",
    howpublished = {Available at \url{https://data-feminism.mitpress.mit.edu/pub/vi8obxh7}},
    date = "{2020-03-16}", 
    year = "{2020}", 
    publisher = "{The MIT Press}",
    address = {Cambridge, Massachusetts}
}

@article{dhawka2022representing,
  title={Representing marginalized populations: Challenges in anthropographics},
  author={Dhawka, Priya and He, Helen Ai and Willett, Wesley},
  journal={arXiv preprint arXiv:2210.02660},
  year={2022}
}

@inproceedings{dhawka2023we,
author = {Dhawka, Priya and He, Helen Ai and Willett, Wesley},
title = {We Are the Data: Challenges and Opportunities for Creating Demographically Diverse Anthropographics},
year = {2023},
isbn = {9781450394215},
publisher = {Association for Computing Machinery},
address = {New York, NY, USA},
url = {https://doi.org/10.1145/3544548.3581086},
doi = {10.1145/3544548.3581086},
booktitle = {Proceedings of the 2023 CHI Conference on Human Factors in Computing Systems},
articleno = {807},
numpages = {14},
keywords = {demographic data, marginalized populations, anthropographics, diversity},
location = {Hamburg, Germany},
series = {CHI '23}
}

@inproceedings{dhawka2024,
author = {Dhawka, Priya and Perera, Lauren and Willett, Wesley},
title = {Better Little People Pictures: Generative Creation of Demographically Diverse Anthropographics},
year = {2024},
isbn = {9798400703300},
publisher = {Association for Computing Machinery},
address = {New York, NY, USA},
url = {https://doi.org/10.1145/3613904.3641957},
doi = {10.1145/3613904.3641957},
booktitle = {Proceedings of the CHI Conference on Human Factors in Computing Systems},
articleno = {557},
numpages = {14},
keywords = {demographic data, diverse anthropographics, generative models},
location = {Honolulu, HI, USA},
series = {CHI '24}
}

@inproceedings{dork,
author = {D\"{o}rk, Marian and Feng, Patrick and Collins, Christopher and Carpendale, Sheelagh},
title = "{Critical InfoVis: Exploring the Politics of Visualization}",
year = {2013},
isbn = {9781450319522},
publisher = {Association for Computing Machinery},
address = {New York, NY, USA},
url = {https://doi.org/10.1145/2468356.2468739},
doi = {10.1145/2468356.2468739},
booktitle = {CHI '13 Extended Abstracts on Human Factors in Computing Systems},
pages = {2189–2198},
numpages = {10},
keywords = {values, critical theory, information visualization},
location = {Paris, France},
series = {CHI EA '13}
}

@article{elli2022visualizing,
	title = {Visualizing stories of sexual harassment in the academy: {Community} empowerment through qualitative data},
	shorttitle = {Visualizing stories of sexual harassment in the academy},
	url = {https://dl.designresearchsociety.org/drs-conference-papers/drs2022/researchpapers/134},
	journal = {DRS Biennial Conference Series},
	author = {Elli, Tommaso and Bradley, Adam and Hinrichs, Uta and Collins, Christopher},
	month = jun,
	year = {2022},
	file = {DRS Digital Library - DRS Biennial Conference Series\: Visualizing stories of sexual harassment in the academy\: Community empowerment through qualitative data:/home/sayamindu/Zotero/storage/B75MKPY7/134.html:text/html},
}

@inproceedings{hanna2020towards,
  title={Towards a critical race methodology in algorithmic fairness},
  author={Hanna, Alex and Denton, Emily and Smart, Andrew and Smith-Loud, Jamila},
  booktitle={Proceedings of the 2020 conference on fairness, accountability, and transparency},
publisher = {Association for Computing Machinery},
address = {New York, NY, USA},
  pages={501--512},
  year={2020}
}

@article{haraway1988situated,
 ISSN = {00463663},
 URL = {http://www.jstor.org/stable/3178066},
 author = {Donna Haraway},
 journal = {Feminist Studies},
 number = {3},
 pages = {575--599},
 publisher = {Feminist Studies, Inc.},
 title = {Situated Knowledges: The Science Question in Feminism and the Privilege of Partial Perspective},
 urldate = {2024-12-04},
 volume = {14},
 year = {1988}
}

@article{oconnor2023decolonizing,
  title={Decolonizing data visualization: A history and future of Indigenous data visualization},
  author={O’Connor, January and Parman, Mark and Bowman, Nicole and Evergreen, Stephanie},
  journal={Journal of MultiDisciplinary Evaluation},
  volume={19},
  number={44},
  pages={62--79},
  year={2023}
}

@inproceedings{parsons2021fixation,
  title={Fixation and Creativity in Data Visualization Design: Experiences and Perspectives of Practitioners},
  author={Parsons, Paul and Shukla, Prakash and Park, Chorong},
  booktitle={2021 IEEE Visualization Conference (VIS)},
  pages={76--80},
  year={2021},
  organization={IEEE Computer Society},
  publisher={IEEE}
}

@article{parsons2021understanding,
  title={Understanding data visualization design practice},
  author={Parsons, Paul},
  journal={IEEE Transactions on Visualization and Computer Graphics},
  volume={28},
  number={1},
  pages={665--675},
  year={2021},
  publisher={IEEE},
doi={10.1109/TVCG.2021.3114959}
}

@ARTICLE{tovanich2022,
  author={Tovanich, Natkamon and Dragicevic, Pierre and Isenberg, Petra},
  journal={IEEE Transactions on Visualization and Computer Graphics}, 
  title={Gender in 30 Years of IEEE Visualization}, 
  year={2022},
  volume={28},
  number={1},
  pages={497-507},
  keywords={Engineering profession;Data visualization;Manuals;Conferences;Collaboration;Cleaning;Gender issues;visualization;gender;diversity;publication;scientometry;collaboration},
  doi={10.1109/TVCG.2021.3114787}}

@article{zhang2022visualization,
  title={Visualization design practices in a crisis: Behind the scenes with COVID-19 dashboard creators},
  author={Zhang, Yixuan and Sun, Yifan and Gaggiano, Joseph D and Kumar, Neha and Andris, Clio and Parker, Andrea G},
  journal={IEEE Transactions on Visualization and Computer Graphics},
  volume={29},
  number={1},
  pages={1037--1047},
  year={2022},
  publisher={IEEE}
}

