@misc{yeche2021physionet,
  title={HiRID, a high time-resolution ICU dataset (version 1.1.1)},
  author={Faltys, Martin and Zimmermann, Marc and Lyu, Xinrui and H{\"u}ser, Matthias and Hyland, Stephanie L and R{\"a}tsch, Gunnar and Merz, Tobias},
  year={2021},
  doi={https://doi.org/10.13026/nkwc-js72},
  publisher={PhysioNet},
}

Faltys, M., Zimmermann, M., Lyu, X., Hüser, M., Hyland, S., Rätsch, G., & Merz, T.

@misc{pollard2019physionet,
  title={eICU Collaborative Research Database (version 2.0)},
  author={Pollard, Tom J and Johnson, Alistair EW and Raffa, Jesse D and Celi, Leo A and Mark, Roger G and Badawi, Omar},
  year={2019},
  doi={https://doi.org/10.13026/C2WM1R},
  publisher={PhysioNet},
}

@misc{johnson2024physionet,
  title={MIMIC-IV (version 3.1)},
  author={Johnson, Alistair and Bulgarelli, Lucas and Pollard, Tom and Horng, Steven and Celi, Leo Anthony and Mark, Roger},
  year={2020},
  doi={https://doi.org/10.13026/kpb9-mt58},
  publisher={PhysioNet},
}

@article{hyland2020early,
  title={Early prediction of circulatory failure in the intensive care unit using machine learning},
  author={Hyland, Stephanie L and Faltys, Martin and H{\"u}ser, Matthias and Lyu, Xinrui and Gumbsch, Thomas and Esteban, Crist{\'o}bal and Bock, Christian and Horn, Max and Moor, Michael and Rieck, Bastian and others},
  journal={Nature medicine},
  volume={26},
  number={3},
  pages={364--373},
  year={2020},
  publisher={Nature Publishing Group US New York}
}

@inproceedings{chen2016xgboost,
  title={Xgboost: A scalable tree boosting system},
  author={Chen, Tianqi and Guestrin, Carlos},
  booktitle={Proceedings of the 22nd acm sigkdd international conference on knowledge discovery and data mining},
  pages={785--794},
  year={2016}
}

@inproceedings{duan2020ngboost,
  title={Ngboost: Natural gradient boosting for probabilistic prediction},
  author={Duan, Tony and Anand, Avati and Ding, Daisy Yi and Thai, Khanh K and Basu, Sanjay and Ng, Andrew and Schuler, Alejandro},
  booktitle={International conference on machine learning},
  pages={2690--2700},
  year={2020},
  organization={PMLR}
}

@article{hochreiter1997long,
  title={Long short-term memory},
  author={Hochreiter, Sepp and Schmidhuber, J{\"u}rgen},
  journal={Neural computation},
  volume={9},
  number={8},
  pages={1735--1780},
  year={1997},
  publisher={MIT Press}
}

@article{radford2019language,
  title={Language models are unsupervised multitask learners},
  author={Radford, Alec and Wu, Jeffrey and Child, Rewon and Luan, David and Amodei, Dario and Sutskever, Ilya and others},
  journal={OpenAI blog},
  volume={1},
  number={8},
  pages={9},
  year={2019}
}

@article{kraljevic2021medgpt,
  title={MedGPT: Medical concept prediction from clinical narratives},
  author={Kraljevic, Zeljko and Shek, Anthony and Bean, Daniel and Bendayan, Rebecca and Teo, James and Dobson, Richard},
  journal={arXiv preprint arXiv:2107.03134},
  year={2021}
}

@article{steinberg2021language,
  title={Language models are an effective representation learning technique for electronic health record data},
  author={Steinberg, Ethan and Jung, Ken and Fries, Jason A and Corbin, Conor K and Pfohl, Stephen R and Shah, Nigam H},
  journal={Journal of biomedical informatics},
  volume={113},
  pages={103637},
  year={2021},
  publisher={Elsevier}
}

@article{vaswani2017attention,
  title={Attention is all you need},
  author={Vaswani, A},
  journal={Advances in Neural Information Processing Systems},
  year={2017}
}

@article{renc2024zero,
  title={Zero shot health trajectory prediction using transformer},
  author={Renc, Pawel and Jia, Yugang and Samir, Anthony E and Was, Jaroslaw and Li, Quanzheng and Bates, David W and Sitek, Arkadiusz},
  journal={NPJ Digital Medicine},
  volume={7},
  number={1},
  pages={256},
  year={2024},
  publisher={Nature Publishing Group UK London}
}

@article{wornow2023ehrshot,
  title={Ehrshot: An ehr benchmark for few-shot evaluation of foundation models},
  author={Wornow, Michael and Thapa, Rahul and Steinberg, Ethan and Fries, Jason and Shah, Nigam},
  journal={Advances in Neural Information Processing Systems},
  volume={36},
  pages={67125--67137},
  year={2023}
}

@article{kim2023general,
  title={General-Purpose Retrieval-Enhanced Medical Prediction Model Using Near-Infinite History},
  author={Kim, Junu and Shim, Chaeeun and Yang, Bosco Seong Kyu and Im, Chami and Lim, Sung Yoon and Jeong, Han-Gil and Choi, Edward},
  journal={arXiv preprint arXiv:2310.20204},
  year={2023}
}

@article{hur2023genhpf,
  title={Genhpf: General healthcare predictive framework for multi-task multi-source learning},
  author={Hur, Kyunghoon and Oh, Jungwoo and Kim, Junu and Kim, Jiyoun and Lee, Min Jae and Cho, Eunbyeol and Moon, Seong-Eun and Kim, Young-Hak and Atallah, Louis and Choi, Edward},
  journal={IEEE Journal of Biomedical and Health Informatics},
  year={2023},
  publisher={IEEE}
}

@inproceedings{hur2022unifying,
  title={Unifying heterogeneous electronic health records systems via text-based code embedding},
  author={Hur, Kyunghoon and Lee, Jiyoung and Oh, Jungwoo and Price, Wesley and Kim, Younghak and Choi, Edward},
  booktitle={Conference on Health, Inference, and Learning},
  pages={183--203},
  year={2022},
  organization={PMLR}
}

@inproceedings{song2018attend,
  title={Attend and diagnose: Clinical time series analysis using attention models},
  author={Song, Huan and Rajan, Deepta and Thiagarajan, Jayaraman and Spanias, Andreas},
  booktitle={Proceedings of the AAAI conference on artificial intelligence},
  volume={32},
  number={1},
  year={2018}
}

@article{guyon-elisseeff-03,
  title   = "An Introduction to Variable and Feature Selection",
  author  = "I. Guyon and A. Elisseeff",
  journal = "JMLR",
  volume  = "3",
  month   = MAR,
  pages   = "1157-1182",
  year    = 2003
}

@techreport{guyon2007causalreport,
  author      = {I. Guyon and C. Aliferis and A. Elisseeff},
  title       = {Causal Feature Selection},
  institution = {Clopinet},
  year        = 2007,
  type        = {Technical Report },
  source      = {\url{http://clopinet.com/isabelle/Papers/causalFS.pdf}}
}

@article{johnson2016mimic,
  title={{MIMIC-III}, a freely accessible critical care database},
  author={Johnson, Alistair E. W. and Pollard, Tom J. and Shen, Lu and Lehman, Li-wei H. and Feng, Mengling and Ghassemi, Mohammad and Moody, Benjamin and Szolovits, Peter and Celi, Leo Anthony and Mark, Roger G.},
  journal={Scientific Data},
  doi={https://doi.org/10.1038/sdata.2016.35},
  volume={3},
  number={160035},
  year={2016},
}

@article{johnson2023mimic,
  title={MIMIC-IV, a freely accessible electronic health record dataset},
  author={Johnson, Alistair EW and Bulgarelli, Lucas and Shen, Lu and Gayles, Alvin and Shammout, Ayad and Horng, Steven and Pollard, Tom J and Hao, Sicheng and Moody, Benjamin and Gow, Brian and others},
  journal={Scientific data},
  volume={10},
  number={1},
  pages={1},
  year={2023},
  publisher={Nature Publishing Group UK London}
}

@article{yeche2021hirid,
  title={HiRID-ICU-Benchmark--A Comprehensive Machine Learning Benchmark on High-resolution ICU Data},
  author={Y{\`e}che, Hugo and Kuznetsova, Rita and Zimmermann, Marc and H{\"u}ser, Matthias and Lyu, Xinrui and Faltys, Martin and R{\"a}tsch, Gunnar},
  journal={arXiv preprint arXiv:2111.08536},
  year={2021}
}
@article{pollard2018eicu,
  title={The eICU Collaborative Research Database, a freely available multi-center database for critical care research},
  author={Pollard, Tom J and Johnson, Alistair EW and Raffa, Jesse D and Celi, Leo A and Mark, Roger G and Badawi, Omar},
  journal={Scientific data},
  volume={5},
  number={1},
  pages={1--13},
  year={2018},
  publisher={Nature Publishing Group}
}

@misc{johnson2016physionet,
  title={{MIMIC-III} Clinical Database (version 1.4)},
  author={Johnson, Alistair E. W. and Pollard, Tom J. and Mark, Roger G.},
  year={2016},
  doi={https://doi.org/10.13026/C2XW26},
  publisher={PhysioNet},
}

@article{kruse2017impact,
  title={Impact of electronic health records on long-term care facilities: systematic review},
  author={Kruse, Clemens Scott and Mileski, Michael and Vijaykumar, Alekhya Ganta and Viswanathan, Sneha Vishnampet and Suskandla, Ujwala and Chidambaram, Yazhini},
  journal={JMIR medical informatics},
  volume={5},
  number={3},
  pages={e7958},
  year={2017},
  publisher={JMIR Publications Inc., Toronto, Canada}
}
@article{gunter2005emergence,
  title={The emergence of national electronic health record architectures in the United States and Australia: models, costs, and questions},
  author={Gunter, Tracy D and Terry, Nicolas P},
  journal={Journal of medical Internet research},
  volume={7},
  number={1},
  pages={e383},
  year={2005},
  publisher={JMIR Publications Inc., Toronto, Canada}
}
@article{sikaris2017enhancing,
  title={Enhancing the clinical value of medical laboratory testing},
  author={Sikaris, Kenneth A},
  journal={The Clinical Biochemist Reviews},
  volume={38},
  number={3},
  pages={107},
  year={2017},
  publisher={Australasian Association for Clinical Biochemistry and Laboratory Medicine}
}
@article{cabalar2024role,
  title={The Role of Blood Testing in Prevention, Diagnosis, and Management of Chronic Diseases: A Review},
  author={Cabalar, Imelda and Le, Thu H and Silber, Abigail and O'Hara, Matthew and Abdallah, Bilal and Parikh, Monisha and Busch, Robert},
  journal={The American Journal of the Medical Sciences},
  year={2024},
  publisher={Elsevier}
}
@article{ambasta2019expert,
  title={Expert recommendations on frequency of utilization of common laboratory tests in medical inpatients: a Canadian consensus study},
  author={Ambasta, Anshula and Pancic, Stefana and Wong, Brian M and Lee, Todd and McCaughey, Deirdre and Ma, Irene WY},
  journal={Journal of General Internal Medicine},
  volume={34},
  pages={2786--2795},
  year={2019},
  publisher={Springer}
}
@article{shiferaw2019magnitude,
  title={Magnitude of delayed turnaround time of laboratory results in Amhara Public Health Institute, Bahir Dar, Ethiopia},
  author={Shiferaw, Melashu Balew and Yismaw, Gizachew},
  journal={BMC health services research},
  volume={19},
  pages={1--6},
  year={2019},
  publisher={Springer}
}
@article{huang2019clinicalbert,
  title={Clinicalbert: Modeling clinical notes and predicting hospital readmission},
  author={Huang, Kexin and Altosaar, Jaan and Ranganath, Rajesh},
  journal={arXiv preprint arXiv:1904.05342},
  year={2019}
}
@article{xiao2018readmission,
  title={Readmission prediction via deep contextual embedding of clinical concepts},
  author={Xiao, Cao and Ma, Tengfei and Dieng, Adji B and Blei, David M and Wang, Fei},
  journal={PloS one},
  volume={13},
  number={4},
  pages={e0195024},
  year={2018},
  publisher={Public Library of Science San Francisco, CA USA}
}
@article{choi2016retain,
  title={Retain: An interpretable predictive model for healthcare using reverse time attention mechanism},
  author={Choi, Edward and Bahadori, Mohammad Taha and Sun, Jimeng and Kulas, Joshua and Schuetz, Andy and Stewart, Walter},
  journal={Advances in neural information processing systems},
  volume={29},
  year={2016}
}
@article{qiu2022interpretable,
  title={Interpretable machine learning prediction of all-cause mortality},
  author={Qiu, Wei and Chen, Hugh and Dincer, Ayse Berceste and Lundberg, Scott and Kaeberlein, Matt and Lee, Su-In},
  journal={Communications medicine},
  volume={2},
  number={1},
  pages={125},
  year={2022},
  publisher={Nature Publishing Group UK London}
}
@article{makridakis2018m4,
  title={The M4 Competition: Results, findings, conclusion and way forward},
  author={Makridakis, Spyros and Spiliotis, Evangelos and Assimakopoulos, Vassilios},
  journal={International Journal of forecasting},
  volume={34},
  number={4},
  pages={802--808},
  year={2018},
  publisher={Elsevier}
}

@article{radford2018improving,
  title={Improving language understanding by generative pre-training},
  author={Radford, Alec and Narasimhan, Karthik and Salimans, Tim and Sutskever, Ilya},
  year={2018}
}

@inproceedings{jiang2024probabilistic,
  title={Probabilistic Prediction of Laboratory Test Information Yield},
  author={Jiang, Yixing and Lee, Andrew H and Ni, Xiaoyuan and Corbin, Conor K and Irvin, Jeremy A and Ng, Andrew Y and Chen, Jonathan H},
  booktitle={AMIA Annual Symposium Proceedings},
  volume={2023},
  pages={1007},
  year={2024}
}

@article{liu2023machine,
  title={Machine Learning Models for Blood Glucose Level Prediction in Patients With Diabetes Mellitus: Systematic Review and Network Meta-Analysis},
  author={Liu, Kui and Li, Linyi and Ma, Yifei and Jiang, Jun and Liu, Zhenhua and Ye, Zichen and Liu, Shuang and Pu, Chen and Chen, Changsheng and Wan, Yi and others},
  journal={JMIR Medical Informatics},
  volume={11},
  number={1},
  pages={e47833},
  year={2023},
  publisher={JMIR Publications Inc., Toronto, Canada}
}
@article{fu2023implementation,
  title={Implementation of five machine learning methods to predict the 52-week blood glucose level in patients with type 2 diabetes},
  author={Fu, Xiaomin and Wang, Yuhan and Cates, Ryan S and Li, Nan and Liu, Jing and Ke, Dianshan and Liu, Jinghua and Liu, Hongzhou and Yan, Shuangtong},
  journal={Frontiers in Endocrinology},
  volume={13},
  pages={1061507},
  year={2023},
  publisher={Frontiers Media SA}
}
@article{langarica2024deep,
  title={Deep Learning-Based Glucose Prediction Models: A Guide for Practitioners and a Curated Dataset for Improved Diabetes Management},
  author={Langarica, Sa{\'u}l and de la Vega, Diego and Cariman, Nawel and Miranda, Mart{\'\i}n and Andrade, David C and N{\'u}{\~n}ez, Felipe and Rodriguez-Fernandez, Maria},
  journal={IEEE Open Journal of Engineering in Medicine and Biology},
  year={2024},
  publisher={IEEE}
}
@article{zhi2024hgbnet,
  title={HgbNet: predicting hemoglobin level/anemia degree from EHR data},
  author={Zhi, Zhuo and Elbadawi, Moe and Daneshmend, Adam and Orlu, Mine and Basit, Abdul and Demosthenous, Andreas and Rodrigues, Miguel},
  journal={arXiv preprint arXiv:2401.12002},
  year={2024}
}
@article{rasmy2021med,
  title={Med-BERT: pretrained contextualized embeddings on large-scale structured electronic health records for disease prediction},
  author={Rasmy, Laila and Xiang, Yang and Xie, Ziqian and Tao, Cui and Zhi, Degui},
  journal={NPJ digital medicine},
  volume={4},
  number={1},
  pages={86},
  year={2021},
  publisher={Nature Publishing Group UK London}
}

@article{alsentzer2019publicly,
  title={Publicly available clinical BERT embeddings},
  author={Alsentzer, Emily and Murphy, John R and Boag, Willie and Weng, Wei-Hung and Jin, Di and Naumann, Tristan and McDermott, Matthew},
  journal={arXiv preprint arXiv:1904.03323},
  year={2019}
}
@article{culleton1999prevalence,
  title={Prevalence and correlates of elevated serum creatinine levels: the Framingham Heart Study},
  author={Culleton, Bruce F and Larson, Martin G and Evans, Jane C and Wilson, Peter WF and Barrett, Brendan J and Parfrey, Patrick S and Levy, Daniel},
  journal={Archives of internal medicine},
  volume={159},
  number={15},
  pages={1785--1790},
  year={1999},
  publisher={American Medical Association}
}

@article{murphy2014sex,
  title={The sex difference in haemoglobin levels in adults—mechanisms, causes, and consequences},
  author={Murphy, William G},
  journal={Blood reviews},
  volume={28},
  number={2},
  pages={41--47},
  year={2014},
  publisher={Elsevier}
}

@article{miotto2016deep,
  title={Deep patient: an unsupervised representation to predict the future of patients from the electronic health records},
  author={Miotto, Riccardo and Li, Li and Kidd, Brian A and Dudley, Joel T},
  journal={Scientific reports},
  volume={6},
  number={1},
  pages={1--10},
  year={2016},
  publisher={Nature Publishing Group}
}
@inproceedings{choi2016doctor,
  title={Doctor ai: Predicting clinical events via recurrent neural networks},
  author={Choi, Edward and Bahadori, Mohammad Taha and Schuetz, Andy and Stewart, Walter F and Sun, Jimeng},
  booktitle={Machine learning for healthcare conference},
  pages={301--318},
  year={2016},
  organization={PMLR}
}
@article{shang2019pre,
  title={Pre-training of graph augmented transformers for medication recommendation},
  author={Shang, Junyuan and Ma, Tengfei and Xiao, Cao and Sun, Jimeng},
  journal={arXiv preprint arXiv:1906.00346},
  year={2019}
}
@inproceedings{choi2020learning,
  title={Learning the graphical structure of electronic health records with graph convolutional transformer},
  author={Choi, Edward and Xu, Zhen and Li, Yujia and Dusenberry, Michael and Flores, Gerardo and Xue, Emily and Dai, Andrew},
  booktitle={Proceedings of the AAAI conference on artificial intelligence},
  volume={34},
  number={01},
  pages={606--613},
  year={2020}
}
@inproceedings{labach2023duett,
  title={DuETT: dual event time transformer for electronic health records},
  author={Labach, Alex and Pokhrel, Aslesha and Huang, Xiao Shi and Zuberi, Saba and Yi, Seung Eun and Volkovs, Maksims and Poutanen, Tomi and Krishnan, Rahul G},
  booktitle={Machine Learning for Healthcare Conference},
  pages={403--422},
  year={2023},
  organization={PMLR}
}

@article{moebus2011impact,
  title={Impact of time since last caloric intake on blood glucose levels},
  author={Moebus, Susanne and G{\"o}res, Laura and L{\"o}sch, Christian and J{\"o}ckel, Karl-Heinz},
  journal={European journal of epidemiology},
  volume={26},
  pages={719--728},
  year={2011},
  publisher={Springer}
}