@inproceedings{duan2020ngboost,
  title={Ngboost: Natural gradient boosting for probabilistic prediction},
  author={Duan, Tony and Anand, Avati and Ding, Daisy Yi and Thai, Khanh K and Basu, Sanjay and Ng, Andrew and Schuler, Alejandro},
  booktitle={International conference on machine learning},
  pages={2690--2700},
  year={2020},
  organization={PMLR}
}

@article{fu2023implementation,
  title={Implementation of five machine learning methods to predict the 52-week blood glucose level in patients with type 2 diabetes},
  author={Fu, Xiaomin and Wang, Yuhan and Cates, Ryan S and Li, Nan and Liu, Jing and Ke, Dianshan and Liu, Jinghua and Liu, Hongzhou and Yan, Shuangtong},
  journal={Frontiers in Endocrinology},
  volume={13},
  pages={1061507},
  year={2023},
  publisher={Frontiers Media SA}
}

@inproceedings{hur2022unifying,
  title={Unifying heterogeneous electronic health records systems via text-based code embedding},
  author={Hur, Kyunghoon and Lee, Jiyoung and Oh, Jungwoo and Price, Wesley and Kim, Younghak and Choi, Edward},
  booktitle={Conference on Health, Inference, and Learning},
  pages={183--203},
  year={2022},
  organization={PMLR}
}

@article{hur2023genhpf,
  title={Genhpf: General healthcare predictive framework for multi-task multi-source learning},
  author={Hur, Kyunghoon and Oh, Jungwoo and Kim, Junu and Kim, Jiyoun and Lee, Min Jae and Cho, Eunbyeol and Moon, Seong-Eun and Kim, Young-Hak and Atallah, Louis and Choi, Edward},
  journal={IEEE Journal of Biomedical and Health Informatics},
  year={2023},
  publisher={IEEE}
}

@inproceedings{jiang2024probabilistic,
  title={Probabilistic Prediction of Laboratory Test Information Yield},
  author={Jiang, Yixing and Lee, Andrew H and Ni, Xiaoyuan and Corbin, Conor K and Irvin, Jeremy A and Ng, Andrew Y and Chen, Jonathan H},
  booktitle={AMIA Annual Symposium Proceedings},
  volume={2023},
  pages={1007},
  year={2024}
}

@article{kim2023general,
  title={General-Purpose Retrieval-Enhanced Medical Prediction Model Using Near-Infinite History},
  author={Kim, Junu and Shim, Chaeeun and Yang, Bosco Seong Kyu and Im, Chami and Lim, Sung Yoon and Jeong, Han-Gil and Choi, Edward},
  journal={arXiv preprint arXiv:2310.20204},
  year={2023}
}

@article{kraljevic2021medgpt,
  title={MedGPT: Medical concept prediction from clinical narratives},
  author={Kraljevic, Zeljko and Shek, Anthony and Bean, Daniel and Bendayan, Rebecca and Teo, James and Dobson, Richard},
  journal={arXiv preprint arXiv:2107.03134},
  year={2021}
}

@article{langarica2024deep,
  title={Deep Learning-Based Glucose Prediction Models: A Guide for Practitioners and a Curated Dataset for Improved Diabetes Management},
  author={Langarica, Sa{\'u}l and de la Vega, Diego and Cariman, Nawel and Miranda, Mart{\'\i}n and Andrade, David C and N{\'u}{\~n}ez, Felipe and Rodriguez-Fernandez, Maria},
  journal={IEEE Open Journal of Engineering in Medicine and Biology},
  year={2024},
  publisher={IEEE}
}

@article{liu2023machine,
  title={Machine Learning Models for Blood Glucose Level Prediction in Patients With Diabetes Mellitus: Systematic Review and Network Meta-Analysis},
  author={Liu, Kui and Li, Linyi and Ma, Yifei and Jiang, Jun and Liu, Zhenhua and Ye, Zichen and Liu, Shuang and Pu, Chen and Chen, Changsheng and Wan, Yi and others},
  journal={JMIR Medical Informatics},
  volume={11},
  number={1},
  pages={e47833},
  year={2023},
  publisher={JMIR Publications Inc., Toronto, Canada}
}

@article{radford2019language,
  title={Language models are unsupervised multitask learners},
  author={Radford, Alec and Wu, Jeffrey and Child, Rewon and Luan, David and Amodei, Dario and Sutskever, Ilya and others},
  journal={OpenAI blog},
  volume={1},
  number={8},
  pages={9},
  year={2019}
}

@article{renc2024zero,
  title={Zero shot health trajectory prediction using transformer},
  author={Renc, Pawel and Jia, Yugang and Samir, Anthony E and Was, Jaroslaw and Li, Quanzheng and Bates, David W and Sitek, Arkadiusz},
  journal={NPJ Digital Medicine},
  volume={7},
  number={1},
  pages={256},
  year={2024},
  publisher={Nature Publishing Group UK London}
}

@inproceedings{song2018attend,
  title={Attend and diagnose: Clinical time series analysis using attention models},
  author={Song, Huan and Rajan, Deepta and Thiagarajan, Jayaraman and Spanias, Andreas},
  booktitle={Proceedings of the AAAI conference on artificial intelligence},
  volume={32},
  number={1},
  year={2018}
}

@article{vaswani2017attention,
  title={Attention is all you need},
  author={Vaswani, A},
  journal={Advances in Neural Information Processing Systems},
  year={2017}
}

@article{wornow2023ehrshot,
  title={Ehrshot: An ehr benchmark for few-shot evaluation of foundation models},
  author={Wornow, Michael and Thapa, Rahul and Steinberg, Ethan and Fries, Jason and Shah, Nigam},
  journal={Advances in Neural Information Processing Systems},
  volume={36},
  pages={67125--67137},
  year={2023}
}

@article{xiao2018readmission,
  title={Readmission prediction via deep contextual embedding of clinical concepts},
  author={Xiao, Cao and Ma, Tengfei and Dieng, Adji B and Blei, David M and Wang, Fei},
  journal={PloS one},
  volume={13},
  number={4},
  pages={e0195024},
  year={2018},
  publisher={Public Library of Science San Francisco, CA USA}
}

@article{zhi2024hgbnet,
  title={HgbNet: predicting hemoglobin level/anemia degree from EHR data},
  author={Zhi, Zhuo and Elbadawi, Moe and Daneshmend, Adam and Orlu, Mine and Basit, Abdul and Demosthenous, Andreas and Rodrigues, Miguel},
  journal={arXiv preprint arXiv:2401.12002},
  year={2024}
}

