@article{yu2022coca,
  title={Coca: Contrastive captioners are image-text foundation models},
  author={Yu, Jiahui and Wang, Zirui and Vasudevan, Vijay and Yeung, Legg and Seyedhosseini, Mojtaba and Wu, Yonghui},
  journal={arXiv preprint arXiv:2205.01917},
  year={2022}
}


@article{MUEHLBERG201813,
title = {Comparison of fast multi-slice and standard segmented techniques for detection of late gadolinium enhancement in ischemic and non-ischemic cardiomyopathy â€“ a prospective clinical cardiovascular magnetic resonance trial},
journal = {Journal of Cardiovascular Magnetic Resonance},
volume = {20},
number = {1},
pages = {13},
year = {2018},
issn = {1097-6647},
doi = {https://doi.org/10.1186/s12968-018-0434-2},
url = {https://www.sciencedirect.com/science/article/pii/S1097664723005501},
author = {Fabian Muehlberg and Kristin Arnhold and Simone Fritschi and Stephanie Funk and Marcel Prothmann and Josephine Kermer and Leonora Zange and Florian {von Knobelsdorff-Brenkenhoff} and Jeanette Schulz-Menger},
keywords = {Cardiac MR, CMR, Late gadolinium enhancement, Single-shot, Hypertrophic cardiomyopathy, Myocardial infarction, Inflammatory heart disease, Myocarditis},
}

@inproceedings{huang2017densely,
  title={Densely connected convolutional networks},
  author={Huang, Gao and Liu, Zhuang and Van Der Maaten, Laurens and Weinberger, Kilian Q},
  booktitle={Proceedings of the IEEE conference on computer vision and pattern recognition},
  pages={4700--4708},
  year={2017}
}

@inproceedings{radford2021learning,
  title={Learning transferable visual models from natural language supervision},
  author={Radford, Alec and Kim, Jong Wook and Hallacy, Chris and Ramesh, Aditya and Goh, Gabriel and Agarwal, Sandhini and Sastry, Girish and Askell, Amanda and Mishkin, Pamela and Clark, Jack and others},
  booktitle={International conference on machine learning},
  pages={8748--8763},
  year={2021},
  organization={PMLR}
}

@article{hendrycks2016gaussian,
  title={Gaussian error linear units (gelus)},
  author={Hendrycks, Dan and Gimpel, Kevin},
  journal={arXiv preprint arXiv:1606.08415},
  year={2016}
}
@article{ba2016layer,
  title={Layer normalization},
  author={Ba, Jimmy Lei},
  journal={arXiv preprint arXiv:1607.06450},
  year={2016}
}

@article{zhang2023large,
  title={Large-scale domain-specific pretraining for biomedical vision-language processing},
  author={Zhang, Sheng and Xu, Yanbo and Usuyama, Naoto and Bagga, Jaspreet and Tinn, Robert and Preston, Sam and Rao, Rajesh and Wei, Mu and Valluri, Naveen and Wong, Cliff and others},
  journal={arXiv preprint arXiv:2303.00915},
  volume={2},
  number={3},
  pages={6},
  year={2023}
}

@article{zhang2023biomedclip,
  title={BiomedCLIP: a multimodal biomedical foundation model pretrained from fifteen million scientific image-text pairs},
  author={Zhang, Sheng and Xu, Yanbo and Usuyama, Naoto and Xu, Hanwen and Bagga, Jaspreet and Tinn, Robert and Preston, Sam and Rao, Rajesh and Wei, Mu and Valluri, Naveen and others},
  journal={arXiv preprint arXiv:2303.00915},
  year={2023}
}

@inproceedings{medflamingo,
  title={Med-flamingo: a multimodal medical few-shot learner},
  author={Moor, Michael and Huang, Qian and Wu, Shirley and Yasunaga, Michihiro and Dalmia, Yash and Leskovec, Jure and Zakka, Cyril and Reis, Eduardo Pontes and Rajpurkar, Pranav},
  booktitle={Machine Learning for Health (ML4H)},
  pages={353--367},
  year={2023},
  organization={PMLR}
}

@article{hsu2006quantitative,
  title={Quantitative myocardial infarction on delayed enhancement MRI. Part I: Animal validation of an automated feature analysis and combined thresholding infarct sizing algorithm},
  author={Hsu, Li-Yueh and Natanzon, Alex and Kellman, Peter and Hirsch, Glenn A and Aletras, Anthony H and Arai, Andrew E},
  journal={Journal of Magnetic Resonance Imaging: An Official Journal of the International Society for Magnetic Resonance in Medicine},
  volume={23},
  number={3},
  pages={298--308},
  year={2006},
  publisher={Wiley Online Library}
}

@article{amado2004accurate,
  title={Accurate and objective infarct sizing by contrast-enhanced magnetic resonance imaging in a canine myocardial infarction model},
  author={Amado, Luciano C and Gerber, Bernhard L and Gupta, Sandeep N and Rettmann, Dan W and Szarf, Gilberto and Schock, Robert and Nasir, Khurram and Kraitchman, Dara L and Lima, Jo{\~a}o AC},
  journal={Journal of the American College of Cardiology},
  volume={44},
  number={12},
  pages={2383--2389},
  year={2004},
  publisher={American College of Cardiology Foundation Washington, DC}
}

@article{flett2011evaluation,
  title={Evaluation of techniques for the quantification of myocardial scar of differing etiology using cardiac magnetic resonance},
  author={Flett, Andrew S and Hasleton, Jonathan and Cook, Christopher and Hausenloy, Derek and Quarta, Giovanni and Ariti, Cono and Muthurangu, Vivek and Moon, James C},
  journal={JACC: cardiovascular imaging},
  volume={4},
  number={2},
  pages={150--156},
  year={2011},
  publisher={American College of Cardiology Foundation Washington, DC}
}

@article{heiberg2022infarct,
  title={Infarct quantification with cardiovascular magnetic resonance using" standard deviation from remote" is unreliable: validation in multi-centre multi-vendor data},
  author={Heiberg, Einar and Engblom, Henrik and Carlsson, Marcus and Erlinge, David and Atar, Dan and Aletras, Anthony H and Arheden, H{\aa}kan},
  journal={Journal of Cardiovascular Magnetic Resonance},
  volume={24},
  number={1},
  pages={53},
  year={2022},
  publisher={Springer}
}

@inproceedings{zhang2021cascaded,
  title={Cascaded convolutional neural network for automatic myocardial infarction segmentation from delayed-enhancement cardiac MRI},
  author={Zhang, Yichi},
  booktitle={Statistical Atlases and Computational Models of the Heart. M\&Ms and EMIDEC Challenges: 11th International Workshop, STACOM 2020, Held in Conjunction with MICCAI 2020, Lima, Peru, October 4, 2020, Revised Selected Papers 11},
  pages={328--333},
  year={2021},
  organization={Springer}
}

@article{kim2024deep,
  title={Deep learning for classification of late gadolinium enhancement lesions based on the 16-segment left ventricular model},
  author={Kim, Yoon-Chul and Chung, Younjoon and Choe, Yeon Hyeon},
  journal={Physica Medica},
  volume={117},
  pages={103193},
  year={2024},
  publisher={Elsevier}
}

@inproceedings{girum2021automatic,
  title={Automatic myocardial infarction evaluation from delayed-enhancement cardiac MRI using deep convolutional networks},
  author={Girum, Kibrom Berihu and Skandarani, Youssef and Hussain, Raabid and Grayeli, Alexis Bozorg and Cr{\'e}hange, Gilles and Lalande, Alain},
  booktitle={Statistical Atlases and Computational Models of the Heart. M\&Ms and EMIDEC Challenges: 11th International Workshop, STACOM 2020, Held in Conjunction with MICCAI 2020, Lima, Peru, October 4, 2020, Revised Selected Papers 11},
  pages={378--384},
  year={2021},
  organization={Springer}
}

@inproceedings{yang2021hybrid,
  title={A hybrid network for automatic myocardial infarction segmentation in delayed enhancement-mri},
  author={Yang, Sen and Wang, Xiyue},
  booktitle={Statistical Atlases and Computational Models of the Heart. M\&Ms and EMIDEC Challenges: 11th International Workshop, STACOM 2020, Held in Conjunction with MICCAI 2020, Lima, Peru, October 4, 2020, Revised Selected Papers 11},
  pages={351--358},
  year={2021},
  organization={Springer}
}

@article{lalande2020emidec,
  title={Emidec: a database usable for the automatic evaluation of myocardial infarction from delayed-enhancement cardiac MRI},
  author={Lalande, Alain and Chen, Zhihao and Decourselle, Thomas and Qayyum, Abdul and Pommier, Thibaut and Lorgis, Luc and de la Rosa, Ezequiel and Cochet, Alexandre and Cottin, Yves and Ginhac, Dominique and others},
  journal={Data},
  volume={5},
  number={4},
  pages={89},
  year={2020},
  publisher={MDPI}
}

@article{lalande2022deep,
  title={Deep learning methods for automatic evaluation of delayed enhancement-MRI. The results of the EMIDEC challenge},
  author={Lalande, Alain and Chen, Zhihao and Pommier, Thibaut and Decourselle, Thomas and Qayyum, Abdul and Salomon, Michel and Ginhac, Dominique and Skandarani, Youssef and Boucher, Arnaud and Brahim, Khawla and others},
  journal={Medical Image Analysis},
  volume={79},
  pages={102428},
  year={2022},
  publisher={Elsevier}
}


@article{zhou2022learning,
  title={Learning to prompt for vision-language models},
  author={Zhou, Kaiyang and Yang, Jingkang and Loy, Chen Change and Liu, Ziwei},
  journal={International Journal of Computer Vision},
  volume={130},
  number={9},
  pages={2337--2348},
  year={2022},
  publisher={Springer}
}

@article{lin2023gridclip,
  title={Gridclip: One-stage object detection by grid-level clip representation learning},
  author={Lin, Jiayi and Gong, Shaogang},
  journal={arXiv preprint arXiv:2303.09252},
  year={2023}
}

@inproceedings{luo2023segclip,
  title={Segclip: Patch aggregation with learnable centers for open-vocabulary semantic segmentation},
  author={Luo, Huaishao and Bao, Junwei and Wu, Youzheng and He, Xiaodong and Li, Tianrui},
  booktitle={International Conference on Machine Learning},
  pages={23033--23044},
  year={2023},
  organization={PMLR}
}



@misc{vaduganathan2022global,
  title={The global burden of cardiovascular diseases and risk: a compass for future health},
  author={Vaduganathan, Muthiah and Mensah, George A and Turco, Justine Varieur and Fuster, Valentin and Roth, Gregory A},
  journal={Journal of the American College of Cardiology},
  volume={80},
  number={25},
  pages={2361--2371},
  year={2022},
  publisher={American College of Cardiology Foundation Washington DC}
}

@article{piersson2016essentials,
  title={Essentials of cardiac MRI in clinical practice},
  author={Piersson, Albert D},
  journal={Journal of Cardiovascular Magnetic Resonance},
  volume={18},
  number={Suppl 1},
  pages={T10},
  year={2016},
  publisher={Springer}
}

@article{jenista2023revisiting,
  title={Revisiting how we perform late gadolinium enhancement CMR: insights gleaned over 25 years of clinical practice},
  author={Jenista, Elizabeth R and Wendell, David C and Azevedo, Clerio F and Klem, Igor and Judd, Robert M and Kim, Raymond J and Kim, Han W},
  journal={Journal of Cardiovascular Magnetic Resonance},
  volume={25},
  number={1},
  pages={18},
  year={2023},
  publisher={Springer}
}

@article{zhao2023clip,
  title={Clip in medical imaging: A comprehensive survey},
  author={Zhao, Zihao and Liu, Yuxiao and Wu, Han and Wang, Mei and Li, Yonghao and Wang, Sheng and Teng, Lin and Liu, Disheng and Cui, Zhiming and Wang, Qian and others},
  journal={arXiv preprint arXiv:2312.07353},
  year={2023}
}

@article{kingma2014adam,
  title={Adam: A method for stochastic optimization},
  author={Kingma, Diederik P},
  journal={arXiv preprint arXiv:1412.6980},
  year={2014}
}

@article{wang2022medclip,
  title={Medclip: Contrastive learning from unpaired medical images and text},
  author={Wang, Zifeng and Wu, Zhenbang and Agarwal, Dinesh and Sun, Jimeng},
  journal={arXiv preprint arXiv:2210.10163},
  year={2022}
}

@inproceedings{zhang2024mediclip,
  title={Mediclip: Adapting clip for few-shot medical image anomaly detection},
  author={Zhang, Ximiao and Xu, Min and Qiu, Dehui and Yan, Ruixin and Lang, Ning and Zhou, Xiuzhuang},
  booktitle={International Conference on Medical Image Computing and Computer-Assisted Intervention},
  pages={458--468},
  year={2024},
  organization={Springer}
}

@inproceedings{convirt,
  title={Contrastive learning of medical visual representations from paired images and text},
  author={Zhang, Yuhao and Jiang, Hang and Miura, Yasuhide and Manning, Christopher D and Langlotz, Curtis P},
  booktitle={Machine Learning for Healthcare Conference},
  pages={2--25},
  year={2022},
  organization={PMLR}
}

@article{ikezogwo2024quilt,
  title={Quilt-1m: One million image-text pairs for histopathology},
  author={Ikezogwo, Wisdom and Seyfioglu, Saygin and Ghezloo, Fatemeh and Geva, Dylan and Sheikh Mohammed, Fatwir and Anand, Pavan Kumar and Krishna, Ranjay and Shapiro, Linda},
  journal={Advances in neural information processing systems},
  volume={36},
  year={2024}
}

@article{coop2022,
  title={Learning to prompt for vision-language models},
  author={Zhou, Kaiyang and Yang, Jingkang and Loy, Chen Change and Liu, Ziwei},
  journal={International Journal of Computer Vision},
  volume={130},
  number={9},
  pages={2337--2348},
  year={2022},
  publisher={Springer}
}

@inproceedings{cocoop,
  title={Conditional prompt learning for vision-language models},
  author={Zhou, Kaiyang and Yang, Jingkang and Loy, Chen Change and Liu, Ziwei},
  booktitle={Proceedings of the IEEE/CVF conference on computer vision and pattern recognition},
  pages={16816--16825},
  year={2022}
}

@inproceedings{shakeri2024few,
  title={Few-Shot Adaptation of Medical Vision-Language Models},
  author={Shakeri, Fereshteh and Huang, Yunshi and Silva-Rodr{\'\i}guez, Julio and Bahig, Houda and Tang, An and Dolz, Jose and Ben Ayed, Ismail},
  booktitle={International Conference on Medical Image Computing and Computer-Assisted Intervention},
  pages={553--563},
  year={2024},
  organization={Springer}
}


@article{medpalm,
  title={Towards expert-level medical question answering with large language models},
  author={Singhal, Karan and Tu, Tao and Gottweis, Juraj and Sayres, Rory and Wulczyn, Ellery and Hou, Le and Clark, Kevin and Pfohl, Stephen and Cole-Lewis, Heather and Neal, Darlene and others},
  journal={arXiv preprint arXiv:2305.09617},
  year={2023}
}


@article{llavamed,
  title={Llava-med: Training a large language-and-vision assistant for biomedicine in one day},
  author={Li, Chunyuan and Wong, Cliff and Zhang, Sheng and Usuyama, Naoto and Liu, Haotian and Yang, Jianwei and Naumann, Tristan and Poon, Hoifung and Gao, Jianfeng},
  journal={Advances in Neural Information Processing Systems},
  volume={36},
  year={2024}
}


@inproceedings{medfake,
  title={Clip-Medfake: Synthetic Data Augmentation With AI-Generated Content for Improved Medical Image Classification},
  author={Chen, Honghui and Zhao, Baoquan and Yue, Guanghui and Liu, Weide and Lv, Chenlei and Wang, Ruomei and Zhou, Fan},
  booktitle={2024 IEEE International Conference on Image Processing (ICIP)},
  pages={3854--3860},
  year={2024},
  organization={IEEE}
}

@article{cao2024ctrlsynth,
  title={CtrlSynth: Controllable Image Text Synthesis for Data-Efficient Multimodal Learning},
  author={Cao, Qingqing and Najibi, Mahyar and Mehta, Sachin},
  journal={arXiv preprint arXiv:2410.11963},
  year={2024}
}

@article{cao2024latteclip,
  title={LatteCLIP: Unsupervised CLIP Fine-Tuning via LMM-Synthetic Texts},
  author={Cao, Anh-Quan and Jaritz, Maximilian and Guillaumin, Matthieu and de Charette, Raoul and Bazzani, Loris},
  journal={arXiv preprint arXiv:2410.08211},
  year={2024}
}

@inproceedings{stablediffusion,
  title={High-resolution image synthesis with latent diffusion models},
  author={Rombach, Robin and Blattmann, Andreas and Lorenz, Dominik and Esser, Patrick and Ommer, Bj{\"o}rn},
  booktitle={Proceedings of the IEEE/CVF conference on computer vision and pattern recognition},
  pages={10684--10695},
  year={2022}
}


@inproceedings{resnet,
  title={Deep residual learning for image recognition},
  author={He, Kaiming and Zhang, Xiangyu and Ren, Shaoqing and Sun, Jian},
  booktitle={Proceedings of the IEEE conference on computer vision and pattern recognition},
  pages={770--778},
  year={2016}
}

% to be added
@article{jacob2024towards,
  title={Towards a vision foundation model for comprehensive assessment of Cardiac MRI},
  author={Jacob, Athira J and Borgohain, Indraneel and Chitiboi, Teodora and Sharma, Puneet and Comaniciu, Dorin and Rueckert, Daniel},
journal={arXiv preprint arXiv:2410.01665},
   year={2024}
 }