@misc{HelloGPT4o,
  title = {Hello GPT-4o},
  howpublished = {\url{https://openai.com/index/hello-gpt-4o/}},
  year = {2024},
  author = {OpenAI }
}

@article{chen2022wavlm,
  title={Wavlm: Large-scale self-supervised pre-training for full stack speech processing},
  author={Chen, Sanyuan and Wang, Chengyi and Chen, Zhengyang and Wu, Yu and Liu, Shujie and Chen, Zhuo and Li, Jinyu and Kanda, Naoyuki and Yoshioka, Takuya and Xiao, Xiong and others},
  journal={IEEE Journal of Selected Topics in Signal Processing},
  volume={16},
  number={6},
  pages={1505--1518},
  year={2022},
  publisher={IEEE}
}

@article{chu2023qwen,
  title={Qwen-audio: Advancing universal audio understanding via unified large-scale audio-language models},
  author={Chu, Yunfei and Xu, Jin and Zhou, Xiaohuan and Yang, Qian and Zhang, Shiliang and Yan, Zhijie and Zhou, Chang and Zhou, Jingren},
  journal={arXiv preprint arXiv:2311.07919},
  year={2023}
}

@article{chu2024qwen2,
  title={Qwen2-audio technical report},
  author={Chu, Yunfei and Xu, Jin and Yang, Qian and Wei, Haojie and Wei, Xipin and Guo, Zhifang and Leng, Yichong and Lv, Yuanjun and He, Jinzheng and Lin, Junyang and others},
  journal={arXiv preprint arXiv:2407.10759},
  year={2024}
}

@article{defossez2022high,
  title={High fidelity neural audio compression},
  author={D{\'e}fossez, Alexandre and Copet, Jade and Synnaeve, Gabriel and Adi, Yossi},
  journal={arXiv preprint arXiv:2210.13438},
  year={2022}
}

@article{defossez2024moshi,
  title={Moshi: a speech-text foundation model for real-time dialogue},
  author={D{\'e}fossez, Alexandre and Mazar{\'e}, Laurent and Orsini, Manu and Royer, Am{\'e}lie and P{\'e}rez, Patrick and J{\'e}gou, Herv{\'e} and Grave, Edouard and Zeghidour, Neil},
  journal={arXiv preprint arXiv:2410.00037},
  year={2024}
}

@article{deshmukh2023pengi,
  title={Pengi: An audio language model for audio tasks},
  author={Deshmukh, Soham and Elizalde, Benjamin and Singh, Rita and Wang, Huaming},
  journal={Advances in Neural Information Processing Systems},
  volume={36},
  pages={18090--18108},
  year={2023}
}

@article{du2024cosyvoice,
  title={Cosyvoice: A scalable multilingual zero-shot text-to-speech synthesizer based on supervised semantic tokens},
  author={Du, Zhihao and Chen, Qian and Zhang, Shiliang and Hu, Kai and Lu, Heng and Yang, Yexin and Hu, Hangrui and Zheng, Siqi and Gu, Yue and Ma, Ziyang and others},
  journal={arXiv preprint arXiv:2407.05407},
  year={2024}
}

@article{fu2025vita,
  title={VITA-1.5: Towards GPT-4o Level Real-Time Vision and Speech Interaction},
  author={Fu, Chaoyou and Lin, Haojia and Wang, Xiong and Zhang, Yi-Fan and Shen, Yunhang and Liu, Xiaoyu and Li, Yangze and Long, Zuwei and Gao, Heting and Li, Ke and others},
  journal={arXiv preprint arXiv:2501.01957},
  year={2025}
}

@article{hsu2021hubert,
  title={Hubert: Self-supervised speech representation learning by masked prediction of hidden units},
  author={Hsu, Wei-Ning and Bolte, Benjamin and Tsai, Yao-Hung Hubert and Lakhotia, Kushal and Salakhutdinov, Ruslan and Mohamed, Abdelrahman},
  journal={IEEE/ACM transactions on audio, speech, and language processing},
  volume={29},
  pages={3451--3460},
  year={2021},
  publisher={IEEE}
}

@article{hu2024wavllm,
  title={Wavllm: Towards robust and adaptive speech large language model},
  author={Hu, Shujie and Zhou, Long and Liu, Shujie and Chen, Sanyuan and Meng, Lingwei and Hao, Hongkun and Pan, Jing and Liu, Xunying and Li, Jinyu and Sivasankaran, Sunit and others},
  journal={arXiv preprint arXiv:2404.00656},
  year={2024}
}

@article{kumar2024high,
  title={High-fidelity audio compression with improved rvqgan},
  author={Kumar, Rithesh and Seetharaman, Prem and Luebs, Alejandro and Kumar, Ishaan and Kumar, Kundan},
  journal={Advances in Neural Information Processing Systems},
  volume={36},
  year={2024}
}

@inproceedings{mehta2024matcha,
  title={Matcha-TTS: A fast TTS architecture with conditional flow matching},
  author={Mehta, Shivam and Tu, Ruibo and Beskow, Jonas and Sz{\'e}kely, {\'E}va and Henter, Gustav Eje},
  booktitle={ICASSP 2024-2024 IEEE International Conference on Acoustics, Speech and Signal Processing (ICASSP)},
  pages={11341--11345},
  year={2024},
  organization={IEEE}
}

@inproceedings{radford2023robust,
  title={Robust speech recognition via large-scale weak supervision},
  author={Radford, Alec and Kim, Jong Wook and Xu, Tao and Brockman, Greg and McLeavey, Christine and Sutskever, Ilya},
  booktitle={International conference on machine learning},
  pages={28492--28518},
  year={2023},
  organization={PMLR}
}

@article{wang2023neural,
  title={Neural codec language models are zero-shot text to speech synthesizers},
  author={Wang, Chengyi and Chen, Sanyuan and Wu, Yu and Zhang, Ziqiang and Zhou, Long and Liu, Shujie and Chen, Zhuo and Liu, Yanqing and Wang, Huaming and Li, Jinyu and others},
  journal={arXiv preprint arXiv:2301.02111},
  year={2023}
}

@article{wang2024freeze,
  title={Freeze-omni: A smart and low latency speech-to-speech dialogue model with frozen llm},
  author={Wang, Xiong and Li, Yangze and Fu, Chaoyou and Xie, Lei and Li, Ke and Sun, Xing and Ma, Long},
  journal={arXiv preprint arXiv:2411.00774},
  year={2024}
}

@article{yu2024salmonn,
  title={SALMONN-omni: A Codec-free LLM for Full-duplex Speech Understanding and Generation},
  author={Yu, Wenyi and Wang, Siyin and Yang, Xiaoyu and Chen, Xianzhao and Tian, Xiaohai and Zhang, Jun and Sun, Guangzhi and Lu, Lu and Wang, Yuxuan and Zhang, Chao},
  journal={arXiv preprint arXiv:2411.18138},
  year={2024}
}

@article{zeghidour2021soundstream,
  title={Soundstream: An end-to-end neural audio codec},
  author={Zeghidour, Neil and Luebs, Alejandro and Omran, Ahmed and Skoglund, Jan and Tagliasacchi, Marco},
  journal={IEEE/ACM Transactions on Audio, Speech, and Language Processing},
  volume={30},
  pages={495--507},
  year={2021},
  publisher={IEEE}
}

@article{zeng2024glm,
  title={GLM-4-Voice: Towards Intelligent and Human-Like End-to-End Spoken Chatbot},
  author={Zeng, Aohan and Du, Zhengxiao and Liu, Mingdao and Wang, Kedong and Jiang, Shengmin and Zhao, Lei and Dong, Yuxiao and Tang, Jie},
  journal={arXiv preprint arXiv:2412.02612},
  year={2024}
}

@inproceedings{zhang2024speechtokenizer,
  title={Speechtokenizer: Unified speech tokenizer for speech language models},
  author={Zhang, Xin and Zhang, Dong and Li, Shimin and Zhou, Yaqian and Qiu, Xipeng},
  booktitle={The Twelfth International Conference on Learning Representations},
  year={2024}
}

