@article{fang2024llama,
  title={Llama-omni: Seamless speech interaction with large language models},
  author={Fang, Qingkai and Guo, Shoutao and Zhou, Yan and Ma, Zhengrui and Zhang, Shaolei and Feng, Yang},
  journal={arXiv preprint arXiv:2409.06666},
  year={2024}
}

@misc{li2023alpacaeval,
  title={Alpacaeval: An automatic evaluator of instruction-following models},
  author={Li, Xuechen and Zhang, Tianyi and Dubois, Yann and Taori, Rohan and Gulrajani, Ishaan and Guestrin, Carlos and Liang, Percy and Hashimoto, Tatsunori B},
  year={2023}
}

@article{joshi2017triviaqa,
  title={Triviaqa: A large scale distantly supervised challenge dataset for reading comprehension},
  author={Joshi, Mandar and Choi, Eunsol and Weld, Daniel S and Zettlemoyer, Luke},
  journal={arXiv preprint arXiv:1705.03551},
  year={2017}
}

@inproceedings{berant2013semantic,
  title={Semantic parsing on freebase from question-answer pairs},
  author={Berant, Jonathan and Chou, Andrew and Frostig, Roy and Liang, Percy},
  booktitle={Proceedings of the 2013 conference on empirical methods in natural language processing},
  pages={1533--1544},
  year={2013}
}

@article{nachmani2023spoken,
  title={Spoken Question Answering and Speech Continuation Using Spectrogram-Powered LLM},
  author={Nachmani, Eliya and Levkovitch, Alon and Hirsch, Roy and Salazar, Julian and Asawaroengchai, Chulayuth and Mariooryad, Soroosh and Rivlin, Ehud and Skerry-Ryan, RJ and Ramanovich, Michelle Tadmor},
  journal={arXiv preprint arXiv:2305.15255},
  year={2023}
}

@article{yao2024minicpm,
  title={Minicpm-v: A gpt-4v level mllm on your phone},
  author={Yao, Yuan and Yu, Tianyu and Zhang, Ao and Wang, Chongyi and Cui, Junbo and Zhu, Hongji and Cai, Tianchi and Li, Haoyu and Zhao, Weilin and He, Zhihui and others},
  journal={arXiv preprint arXiv:2408.01800},
  year={2024}
}

@article{kim2024unified,
  title={Unified Speech-Text Pretraining for Spoken Dialog Modeling},
  author={Kim, Heeseung and Seo, Soonshin and Jeong, Kyeongseok and Kwon, Ohsung and Kim, Jungwhan and Lee, Jaehong and Song, Eunwoo and Oh, Myungwoo and Yoon, Sungroh and Yoo, Kang Min},
  journal={arXiv preprint arXiv:2402.05706},
  year={2024}
}

@article{zeng2024scaling,
  title={Scaling speech-text pre-training with synthetic interleaved data},
  author={Zeng, Aohan and Du, Zhengxiao and Liu, Mingdao and Zhang, Lei and Jiang, Shengmin and Dong, Yuxiao and Tang, Jie},
  journal={arXiv preprint arXiv:2411.17607},
  year={2024}
}

@article{hsu2021hubert,
  title={Hubert: Self-supervised speech representation learning by masked prediction of hidden units},
  author={Hsu, Wei-Ning and Bolte, Benjamin and Tsai, Yao-Hung Hubert and Lakhotia, Kushal and Salakhutdinov, Ruslan and Mohamed, Abdelrahman},
  journal={IEEE/ACM transactions on audio, speech, and language processing},
  volume={29},
  pages={3451--3460},
  year={2021},
  publisher={IEEE}
}

@article{chen2022wavlm,
  title={Wavlm: Large-scale self-supervised pre-training for full stack speech processing},
  author={Chen, Sanyuan and Wang, Chengyi and Chen, Zhengyang and Wu, Yu and Liu, Shujie and Chen, Zhuo and Li, Jinyu and Kanda, Naoyuki and Yoshioka, Takuya and Xiao, Xiong and others},
  journal={IEEE Journal of Selected Topics in Signal Processing},
  volume={16},
  number={6},
  pages={1505--1518},
  year={2022},
  publisher={IEEE}
}

@article{defossez2022high,
  title={High fidelity neural audio compression},
  author={D{\'e}fossez, Alexandre and Copet, Jade and Synnaeve, Gabriel and Adi, Yossi},
  journal={arXiv preprint arXiv:2210.13438},
  year={2022}
}

@article{zeghidour2021soundstream,
  title={Soundstream: An end-to-end neural audio codec},
  author={Zeghidour, Neil and Luebs, Alejandro and Omran, Ahmed and Skoglund, Jan and Tagliasacchi, Marco},
  journal={IEEE/ACM Transactions on Audio, Speech, and Language Processing},
  volume={30},
  pages={495--507},
  year={2021},
  publisher={IEEE}
}

@article{kumar2024high,
  title={High-fidelity audio compression with improved rvqgan},
  author={Kumar, Rithesh and Seetharaman, Prem and Luebs, Alejandro and Kumar, Ishaan and Kumar, Kundan},
  journal={Advances in Neural Information Processing Systems},
  volume={36},
  year={2024}
}

@inproceedings{zhang2024speechtokenizer,
  title={Speechtokenizer: Unified speech tokenizer for speech language models},
  author={Zhang, Xin and Zhang, Dong and Li, Shimin and Zhou, Yaqian and Qiu, Xipeng},
  booktitle={The Twelfth International Conference on Learning Representations},
  year={2024}
}

@article{defossez2024moshi,
  title={Moshi: a speech-text foundation model for real-time dialogue},
  author={D{\'e}fossez, Alexandre and Mazar{\'e}, Laurent and Orsini, Manu and Royer, Am{\'e}lie and P{\'e}rez, Patrick and J{\'e}gou, Herv{\'e} and Grave, Edouard and Zeghidour, Neil},
  journal={arXiv preprint arXiv:2410.00037},
  year={2024}
}

@article{chu2023qwen,
  title={Qwen-audio: Advancing universal audio understanding via unified large-scale audio-language models},
  author={Chu, Yunfei and Xu, Jin and Zhou, Xiaohuan and Yang, Qian and Zhang, Shiliang and Yan, Zhijie and Zhou, Chang and Zhou, Jingren},
  journal={arXiv preprint arXiv:2311.07919},
  year={2023}
}

@article{chu2024qwen2,
  title={Qwen2-audio technical report},
  author={Chu, Yunfei and Xu, Jin and Yang, Qian and Wei, Haojie and Wei, Xipin and Guo, Zhifang and Leng, Yichong and Lv, Yuanjun and He, Jinzheng and Lin, Junyang and others},
  journal={arXiv preprint arXiv:2407.10759},
  year={2024}
}

@article{hu2024wavllm,
  title={Wavllm: Towards robust and adaptive speech large language model},
  author={Hu, Shujie and Zhou, Long and Liu, Shujie and Chen, Sanyuan and Meng, Lingwei and Hao, Hongkun and Pan, Jing and Liu, Xunying and Li, Jinyu and Sivasankaran, Sunit and others},
  journal={arXiv preprint arXiv:2404.00656},
  year={2024}
}

@article{deshmukh2023pengi,
  title={Pengi: An audio language model for audio tasks},
  author={Deshmukh, Soham and Elizalde, Benjamin and Singh, Rita and Wang, Huaming},
  journal={Advances in Neural Information Processing Systems},
  volume={36},
  pages={18090--18108},
  year={2023}
}

@inproceedings{radford2023robust,
  title={Robust speech recognition via large-scale weak supervision},
  author={Radford, Alec and Kim, Jong Wook and Xu, Tao and Brockman, Greg and McLeavey, Christine and Sutskever, Ilya},
  booktitle={International conference on machine learning},
  pages={28492--28518},
  year={2023},
  organization={PMLR}
}

@article{wang2023neural,
  title={Neural codec language models are zero-shot text to speech synthesizers},
  author={Wang, Chengyi and Chen, Sanyuan and Wu, Yu and Zhang, Ziqiang and Zhou, Long and Liu, Shujie and Chen, Zhuo and Liu, Yanqing and Wang, Huaming and Li, Jinyu and others},
  journal={arXiv preprint arXiv:2301.02111},
  year={2023}
}

@article{du2024cosyvoice,
  title={Cosyvoice: A scalable multilingual zero-shot text-to-speech synthesizer based on supervised semantic tokens},
  author={Du, Zhihao and Chen, Qian and Zhang, Shiliang and Hu, Kai and Lu, Heng and Yang, Yexin and Hu, Hangrui and Zheng, Siqi and Gu, Yue and Ma, Ziyang and others},
  journal={arXiv preprint arXiv:2407.05407},
  year={2024}
}

@inproceedings{mehta2024matcha,
  title={Matcha-TTS: A fast TTS architecture with conditional flow matching},
  author={Mehta, Shivam and Tu, Ruibo and Beskow, Jonas and Sz{\'e}kely, {\'E}va and Henter, Gustav Eje},
  booktitle={ICASSP 2024-2024 IEEE International Conference on Acoustics, Speech and Signal Processing (ICASSP)},
  pages={11341--11345},
  year={2024},
  organization={IEEE}
}


@misc{HelloGPT4o,
  title = {Hello GPT-4o},
  howpublished = {\url{https://openai.com/index/hello-gpt-4o/}},
  year = {2024},
  author = {OpenAI }
}

@article{zeng2024glm,
  title={GLM-4-Voice: Towards Intelligent and Human-Like End-to-End Spoken Chatbot},
  author={Zeng, Aohan and Du, Zhengxiao and Liu, Mingdao and Wang, Kedong and Jiang, Shengmin and Zhao, Lei and Dong, Yuxiao and Tang, Jie},
  journal={arXiv preprint arXiv:2412.02612},
  year={2024}
}

@article{wang2024freeze,
  title={Freeze-omni: A smart and low latency speech-to-speech dialogue model with frozen llm},
  author={Wang, Xiong and Li, Yangze and Fu, Chaoyou and Xie, Lei and Li, Ke and Sun, Xing and Ma, Long},
  journal={arXiv preprint arXiv:2411.00774},
  year={2024}
}

@article{fu2025vita,
  title={VITA-1.5: Towards GPT-4o Level Real-Time Vision and Speech Interaction},
  author={Fu, Chaoyou and Lin, Haojia and Wang, Xiong and Zhang, Yi-Fan and Shen, Yunhang and Liu, Xiaoyu and Li, Yangze and Long, Zuwei and Gao, Heting and Li, Ke and others},
  journal={arXiv preprint arXiv:2501.01957},
  year={2025}
}

@article{yu2024salmonn,
  title={SALMONN-omni: A Codec-free LLM for Full-duplex Speech Understanding and Generation},
  author={Yu, Wenyi and Wang, Siyin and Yang, Xiaoyu and Chen, Xianzhao and Tian, Xiaohai and Zhang, Jun and Sun, Guangzhi and Lu, Lu and Wang, Yuxuan and Zhang, Chao},
  journal={arXiv preprint arXiv:2411.18138},
  year={2024}
}

@article{kong2020hifi,
  title={Hifi-gan: Generative adversarial networks for efficient and high fidelity speech synthesis},
  author={Kong, Jungil and Kim, Jaehyeon and Bae, Jaekyoung},
  journal={Advances in neural information processing systems},
  volume={33},
  pages={17022--17033},
  year={2020}
}

@inproceedings{li2019neural,
  title={Neural speech synthesis with transformer network},
  author={Li, Naihan and Liu, Shujie and Liu, Yanqing and Zhao, Sheng and Liu, Ming},
  booktitle={Proceedings of the AAAI conference on artificial intelligence},
  volume={33},
  number={01},
  pages={6706--6713},
  year={2019}
}

@article{meng2024autoregressive,
  title={Autoregressive speech synthesis without vector quantization},
  author={Meng, Lingwei and Zhou, Long and Liu, Shujie and Chen, Sanyuan and Han, Bing and Hu, Shujie and Liu, Yanqing and Li, Jinyu and Zhao, Sheng and Wu, Xixin and others},
  journal={arXiv preprint arXiv:2407.08551},
  year={2024}
}

@article{li2024baichuan,
  title={Baichuan-omni technical report},
  author={Li, Yadong and Sun, Haoze and Lin, Mingan and Li, Tianpeng and Dong, Guosheng and Zhang, Tao and Ding, Bowen and Song, Wei and Cheng, Zhenglin and Huo, Yuqi and others},
  journal={arXiv preprint arXiv:2410.08565},
  volume={3},
  number={7},
  year={2024}
}

@misc{radford2022robustspeechrecognitionlargescale,
      title={Robust Speech Recognition via Large-Scale Weak Supervision}, 
      author={Alec Radford and Jong Wook Kim and Tao Xu and Greg Brockman and Christine McLeavey and Ilya Sutskever},
      year={2022},
      eprint={2212.04356},
      archivePrefix={arXiv},
      primaryClass={eess.AS},
      url={https://arxiv.org/abs/2212.04356}, 
}


@article{wang2024speech,
  title={Why Do Speech Language Models Fail to Generate Semantically Coherent Outputs? A Modality Evolving Perspective},
  author={Wang, Hankun and Wang, Haoran and Guo, Yiwei and Li, Zhihan and Du, Chenpeng and Chen, Xie and Yu, Kai},
  journal={arXiv preprint arXiv:2412.17048},
  year={2024}
}

@article{lipman2022flow,
  title={Flow matching for generative modeling},
  author={Lipman, Yaron and Chen, Ricky TQ and Ben-Hamu, Heli and Nickel, Maximilian and Le, Matt},
  journal={arXiv preprint arXiv:2210.02747},
  year={2022}
}

@article{saeki2022utmos,
  title={Utmos: Utokyo-sarulab system for voicemos challenge 2022},
  author={Saeki, Takaaki and Xin, Detai and Nakata, Wataru and Koriyama, Tomoki and Takamichi, Shinnosuke and Saruwatari, Hiroshi},
  journal={arXiv preprint arXiv:2204.02152},
  year={2022}
}

@article{hassid2024textually,
  title={Textually pretrained speech language models},
  author={Hassid, Michael and Remez, Tal and Nguyen, Tu Anh and Gat, Itai and Conneau, Alexis and Kreuk, Felix and Copet, Jade and Defossez, Alexandre and Synnaeve, Gabriel and Dupoux, Emmanuel and others},
  journal={Advances in Neural Information Processing Systems},
  volume={36},
  year={2024}
}

@article{li2023cmmlu,
  title={Cmmlu: Measuring massive multitask language understanding in chinese},
  author={Li, Haonan and Zhang, Yixuan and Koto, Fajri and Yang, Yifei and Zhao, Hai and Gong, Yeyun and Duan, Nan and Baldwin, Timothy},
  journal={arXiv preprint arXiv:2306.09212},
  year={2023}
}
@article{nguyen2025spirit,
  title={Spirit-lm: Interleaved spoken and written language model},
  author={Nguyen, Tu Anh and Muller, Benjamin and Yu, Bokai and Costa-Jussa, Marta R and Elbayad, Maha and Popuri, Sravya and Ropers, Christophe and Duquenne, Paul-Ambroise and Algayres, Robin and Mavlyutov, Ruslan and others},
  journal={Transactions of the Association for Computational Linguistics},
  volume={13},
  pages={30--52},
  year={2025},
  publisher={MIT Press 255 Main Street, 9th Floor, Cambridge, Massachusetts 02142, USA~…}
}

@article{wu2024vila,
  title={Vila-u: a unified foundation model integrating visual understanding and generation},
  author={Wu, Yecheng and Zhang, Zhuoyang and Chen, Junyu and Tang, Haotian and Li, Dacheng and Fang, Yunhao and Zhu, Ligeng and Xie, Enze and Yin, Hongxu and Yi, Li and others},
  journal={arXiv preprint arXiv:2409.04429},
  year={2024}
}

@article{fleurs2022arxiv,
  title = {FLEURS: Few-shot Learning Evaluation of Universal Representations of Speech},
  author = {Conneau, Alexis and Ma, Min and Khanuja, Simran and Zhang, Yu and Axelrod, Vera and Dalmia, Siddharth and Riesa, Jason and Rivera, Clara and Bapna, Ankur},
  journal={arXiv preprint arXiv:2205.12446},
  url = {https://arxiv.org/abs/2205.12446},
  year = {2022},
}

@article{zhang2022wenetspeech10000hoursmultidomain,
      title={WenetSpeech: A 10000+ Hours Multi-domain Mandarin Corpus for Speech Recognition}, 
      author={Binbin Zhang and Hang Lv and Pengcheng Guo and Qijie Shao and Chao Yang and Lei Xie and Xin Xu and Hui Bu and Xiaoyu Chen and Chenchen Zeng and Di Wu and Zhendong Peng},
      year={2022},
      eprint={2110.03370},
      archivePrefix={arXiv},
      primaryClass={cs.SD},
      url={https://arxiv.org/abs/2110.03370}, 
}

@inproceedings{
    tang2021kespeech,
    title={KeSpeech: An Open Source Speech Dataset of Mandarin and Its Eight Subdialects},
    author={Zhiyuan Tang and Dong Wang and Yanguang Xu and Jianwei Sun and Xiaoning Lei and Shuaijiang Zhao and Cheng Wen and Xingjun Tan and Chuandong Xie and Shuran Zhou and Rui Yan and Chenjia Lv and Yang Han and Wei Zou and Xiangang Li},
    booktitle={Thirty-fifth Conference on Neural Information Processing Systems Datasets and Benchmarks Track (Round 2)},
    year={2021},
    url={https://openreview.net/forum?id=b3Zoeq2sCLq}
}

@article{wang2020covost2massivelymultilingual,
      title={CoVoST 2 and Massively Multilingual Speech-to-Text Translation}, 
      author={Changhan Wang and Anne Wu and Juan Pino},
      year={2020},
      eprint={2007.10310},
      archivePrefix={arXiv},
      primaryClass={cs.CL},
      url={https://arxiv.org/abs/2007.10310}, 
}

@inproceedings{papineni-etal-2002-bleu,
    title = "{B}leu: a Method for Automatic Evaluation of Machine Translation",
    author = "Papineni, Kishore  and
      Roukos, Salim  and
      Ward, Todd  and
      Zhu, Wei-Jing",
    editor = "Isabelle, Pierre  and
      Charniak, Eugene  and
      Lin, Dekang",
    booktitle = "Proceedings of the 40th Annual Meeting of the Association for Computational Linguistics",
    month = jul,
    year = "2002",
    address = "Philadelphia, Pennsylvania, USA",
    publisher = "Association for Computational Linguistics",
    url = "https://aclanthology.org/P02-1040",
    doi = "10.3115/1073083.1073135",
    pages = "311--318",
}

@inproceedings{zhang2024chat,
  title={A Chat about Boring Problems: Studying GPT-Based Text Normalization},
  author={Zhang, Yang and Bartley, Travis M and Graterol-Fuenmayor, Mariana and Lavrukhin, Vitaly and Bakhturina, Evelina and Ginsburg, Boris},
  booktitle={ICASSP 2024-2024 IEEE International Conference on Acoustics, Speech and Signal Processing (ICASSP)},
  pages={10921--10925},
  year={2024},
  organization={IEEE}
}