@article{BDOW21,
  title = {Sensitivity Analysis of {{Wasserstein}} Distributionally Robust Optimization Problems},
  author = {Bartl, Daniel and Drapeau, Samuel and Ob{\l}{\'o}j, Jan and Wiesel, Johannes},
  year = {2021},
  month = dec,
  journal = {Proc. R. Soc. A.},
  volume = {477},
  number = {2256},
  pages = {20210176}
}

@article{BDT20,
  title = {Computational Aspects of Robust Optimized Certainty Equivalents and Option Pricing},
  author = {Bartl, Daniel and Drapeau, Samuel and Tangpi, Ludovic},
  year = {2020},
  journal = {Mathematical Finance},
  volume = {30},
  number = {1},
  pages = {287--309},
}

@inproceedings{BHJO23Wasserstein,
  title = {Wasserstein Distributional Robustness of Neural Networks},
  author = {Bai, Xingjian and He, Guangyi and Jiang, Yifan and Obłój, Jan},
  year = {2023},
  volume = {36},
  pages = {26322--26347},
  month = dec,
  booktitle = {Advances in Neural Information Processing Systems},
  publisher = {Curran Associates, Inc.},
}

@inproceedings{BLT+22Unified,
  title = {A Unified {Wasserstein} Distributional Robustness Framework for Adversarial Training},
  booktitle = {International {{Conference}} on {{Learning Representations}}},
  author = {Bui, Anh Tuan and Le, Trung and Tran, Quan Hung and Zhao, He and Phung, Dinh},
  year = {2022},
  month = jan,}

@article{BM19,
  title = {Quantifying Distributional Model Risk via Optimal Transport},
  author = {Blanchet, Jose and Murthy, Karthyek},
  year = {2019},
  month = may,
  journal = {Mathematics of Operations Research},
  volume = {44},
  number = {2},
  pages = {565--600},
  publisher = {{INFORMS}},
}

@inproceedings{BRB18,
  title = {Decision--Based Adversarial Attacks: reliable Attacks Against Black-Box Machine Learning Models},
  shorttitle = {Decision-{{Based Adversarial Attacks}}},
  booktitle = {International {{Conference}} on {{Learning Representations}}},
  author = {Brendel, Wieland and Rauber, Jonas and Bethge, Matthias},
  year = {2018},
}

@inproceedings{CH20,
  title = {Reliable Evaluation of Adversarial Robustness with an Ensemble of Diverse Parameter--Free Attacks},
  booktitle = {Proceedings of the 37th {{International Conference}} on {{Machine Learning}}},
  author = {Croce, Francesco and Hein, Matthias},
  year = {2020},
  month = nov,
  pages = {2206--2216},
  publisher = {{PMLR}},
}

@inproceedings{CW17,
  title = {Towards Evaluating the Robustness of Neural Networks},
  booktitle = {2017 {{IEEE Symposium}} on {{Security}} and {{Privacy}} ({{SP}})},
  author = {Carlini, Nicholas and Wagner, David},
  year = {2017},
  month = may,
  pages = {39--57},
  publisher = {{IEEE}},
}

@inproceedings{CZS+17,
  title = {{{ZOO}}: zeroth Order Optimization Based Black-box Attacks to Deep Neural Networks without Training Substitute Models},
  shorttitle = {{{ZOO}}},
  booktitle = {Proceedings of the 10th {{ACM Workshop}} on {{Artificial Intelligence}} and {{Security}}},
  author = {Chen, Pin-Yu and Zhang, Huan and Sharma, Yash and Yi, Jinfeng and Hsieh, Cho-Jui},
  year = {2017},
  month = nov,
  pages = {15--26},
  publisher = {{ACM}},
}

@inproceedings{DBLP:conf/acl/RuderH18,
  author       = {Jeremy Howard and
                  Sebastian Ruder},
  editor       = {Iryna Gurevych and
                  Yusuke Miyao},
  title        = {Universal Language Model Fine-tuning for Text Classification},
  booktitle    = {Proceedings of the 56th Annual Meeting of the Association for Computational
                  Linguistics, {ACL} 2018, Melbourne, Australia, July 15-20, 2018, Volume
                  1: Long Papers},
  pages        = {328--339},
  publisher    = {Association for Computational Linguistics},
  year         = {2018},
  doi          = {10.18653/V1/P18-1031},
  timestamp    = {Fri, 06 Aug 2021 00:40:52 +0200},
  biburl       = {https://dblp.org/rec/conf/acl/RuderH18.bib},
  bibsource    = {dblp computer science bibliography, https://dblp.org}
}

@inproceedings{DBLP:conf/cvpr/TzengHSD17,
  author       = {Eric Tzeng and
                  Judy Hoffman and
                  Kate Saenko and
                  Trevor Darrell},
  title        = {Adversarial Discriminative Domain Adaptation},
  booktitle    = {2017 {IEEE} Conference on Computer Vision and Pattern Recognition,
                  {CVPR} 2017, Honolulu, HI, USA, July 21-26, 2017},
  pages        = {2962--2971},
  publisher    = {{IEEE} Computer Society},
  year         = {2017},
  doi          = {10.1109/CVPR.2017.316},
  timestamp    = {Sat, 30 Sep 2023 09:38:23 +0200},
  biburl       = {https://dblp.org/rec/conf/cvpr/TzengHSD17.bib},
  bibsource    = {dblp computer science bibliography, https://dblp.org}
}

@inproceedings{DBLP:conf/eccv/LiH16,
  author       = {Zhizhong Li and
                  Derek Hoiem},
  editor       = {Bastian Leibe and
                  Jiri Matas and
                  Nicu Sebe and
                  Max Welling},
  title        = {Learning Without Forgetting},
  booktitle    = {Computer Vision - {ECCV} 2016 - 14th European Conference, Amsterdam,
                  The Netherlands, October 11-14, 2016, Proceedings, Part {IV}},
  series       = {Lecture Notes in Computer Science},
  volume       = {9908},
  pages        = {614--629},
  publisher    = {Springer},
  year         = {2016},
  doi          = {10.1007/978-3-319-46493-0\_37},
  timestamp    = {Tue, 21 Mar 2023 20:52:16 +0100},
  biburl       = {https://dblp.org/rec/conf/eccv/LiH16.bib},
  bibsource    = {dblp computer science bibliography, https://dblp.org}
}

@article{DBLP:journals/nn/ParisiKPKW19,
  author       = {German Ignacio Parisi and
                  Ronald Kemker and
                  Jose L. Part and
                  Christopher Kanan and
                  Stefan Wermter},
  title        = {Continual lifelong learning with neural networks: {A} review},
  journal      = {Neural Networks},
  volume       = {113},
  pages        = {54--71},
  year         = {2019},
  doi          = {10.1016/J.NEUNET.2019.01.012},
  timestamp    = {Fri, 09 Apr 2021 18:26:43 +0200},
  biburl       = {https://dblp.org/rec/journals/nn/ParisiKPKW19.bib},
  bibsource    = {dblp computer science bibliography, https://dblp.org}
}

@inproceedings{DDP+20,
  title = {Adversarial Distributional Training for Robust Deep Learning},
  booktitle = {Advances in {{Neural Information Processing Systems}}},
  author = {Dong, Yinpeng and Deng, Zhijie and Pang, Tianyu and Zhu, Jun and Su, Hang},
  year = {2020},
  volume = {33},
  pages = {8270--8283},
  publisher = {{Curran Associates, Inc.}},
}

@article{FW15,
author = {F\"{o}llmer, Hans and Weber, Stefan},
title = {The Axiomatic Approach to Risk Measures for Capital Determination},
journal = {Annual Review of Financial Economics},
volume = {7},
number = {1},
pages = {301-337},
year = {2015},
}

@article{GG22,
  title = {On the Regularized Risk of Distributionally Robust Learning over Deep Neural Networks},
  author = {Garc{\'i}a Trillos, Camilo Andr{\'e}s and Garc{\'i}a Trillos, Nicol{\'a}s},
  year = {2022},
  month = aug,
  journal = {Res Math Sci},
  volume = {9},
  number = {3},
  pages = {54},

}

@article{GK22,
  title = {Distributionally Robust Stochastic Optimization with {{Wasserstein}} Distance},
  author = {Gao, Rui and Kleywegt, Anton},
  year = {2022},
  month = aug,
  journal = {Mathematics of OR},
  publisher = {{INFORMS}},
}

@inproceedings{GRW+21,
  title = {Improving Robustness Using Generated Data},
  booktitle = {Advances in {{Neural Information Processing Systems}}},
  author = {Gowal, Sven and Rebuffi, Sylvestre-Alvise and Wiles, Olivia and Stimberg, Florian and Calian, Dan Andrei and Mann, Timothy A},
  year = {2021},
  volume = {34},
  pages = {4218--4233},
  publisher = {{Curran Associates, Inc.}},
}

@article{GS89,
title = {Maxmin expected utility with non-unique prior},
journal = {Journal of Mathematical Economics},
volume = {18},
number = {2},
pages = {141-153},
year = {1989},
author = {Itzhak Gilboa and David Schmeidler},
}

@inproceedings{GSS15,
  title = {Explaining and Harnessing Adversarial Examples},
  booktitle = {International {{Conference}} on {{Learning Representations}}},
  author = {Goodfellow, Ian and Shlens, Jonathon and Szegedy, Christian},
  year = {2015},
}

@inproceedings{HHLD22,
  title = {Coresets for {{Wasserstein}} Distributionally Robust Optimization Problems},
  booktitle = {Advances in {{Neural Information Processing Systems}}},
  author = {Huang, Ruomin and Huang, Jiawei and Liu, Wenjie and Ding, Hu},
  year = {2022},
  month = oct,
}

@inproceedings{IEAL18,
  title = {Black-Box Adversarial Attacks with Limited Queries and Information},
  booktitle = {Proceedings of the 35th {{International Conference}} on {{Machine Learning}}},
  author = {Ilyas, Andrew and Engstrom, Logan and Athalye, Anish and Lin, Jessy},
  year = {2018},
  month = jul,
  pages = {2137--2146},
  publisher = {{PMLR}},

}

@article{MK18,
  title = {Data--Driven Distributionally Robust Optimization Using the {{Wasserstein}} Metric: Performance Guarantees and Tractable Reformulations},
  shorttitle = {Data-Driven Distributionally Robust Optimization Using the {{Wasserstein}} Metric},
  author = {Mohajerin Esfahani, Peyman and Kuhn, Daniel},
  year = {2018},
  month = sep,
  journal = {Math. Program.},
  volume = {171},
  number = {1},
  pages = {115--166},
}

@inproceedings{MMS+18,
  title = {Towards Deep Learning Models Resistant to Adversarial Attacks},
  booktitle = {International {{Conference}} on {{Learning Representations}}},
  author = {Madry, Aleksander and Makelov, Aleksandar and Schmidt, Ludwig and Tsipras, Dimitris and Vladu, Adrian},
  year = {2018},
}

@inproceedings{PLY+22,
  title = {Robustness and Accuracy Could Be Reconcilable by (Proper) Definition},
  booktitle = {Proceedings of the 39th {{International Conference}} on {{Machine Learning}}},
  author = {Pang, Tianyu and Lin, Min and Yang, Xiao and Zhu, Jun and Yan, Shuicheng},
  year = {2022},
  month = jun,
  pages = {17258--17277},
  publisher = {{PMLR}},
}

@misc{RM19,
  title = {Distributionally Robust Optimization: A Review},
  shorttitle = {Distributionally {{Robust Optimization}}},
  author = {Rahimian, Hamed and Mehrotra, Sanjay},
  year = {2019},
  month = aug,
  number = {arXiv:1908.05659},
  eprint = {1908.05659},
  primaryclass = {cs, math, stat},
  publisher = {{arXiv}},
}

@inproceedings{SJ17,
  title={Distributionally robust deep learning as a generalization of adversarial training},
  author={Staib, Matthew and Jegelka, Stefanie},
  booktitle={NIPS workshop on Machine Learning and Computer Security},
  volume={3},
  pages={4},
  year={2017}
}

@inproceedings{SND18,
  title = {Certifying Some Distributional Robustness with Principled Adversarial Training},
  booktitle = {International {{Conference}} on {{Learning Representations}}},
  author = {Sinha, Aman and Namkoong, Hongseok and Duchi, John},
  year = {2018},
}

@inproceedings{SWMJ20,
  title = {{{HYDRA}}: pruning Adversarially Robust Neural Networks},
  shorttitle = {{{HYDRA}}},
  booktitle = {Advances in {{Neural Information Processing Systems}}},
  author = {Sehwag, Vikash and Wang, Shiqi and Mittal, Prateek and Jana, Suman},
  year = {2020},
  volume = {33},
  pages = {19655--19666},
  publisher = {{Curran Associates, Inc.}},
}

@inproceedings{TKP+18,
  title = {Ensemble Adversarial Training: attacks and Defenses},
  shorttitle = {Ensemble {{Adversarial Training}}},
  booktitle = {International {{Conference}} on {{Learning Representations}}},
  author = {Tram{\`e}r, Florian and Kurakin, Alexey and Papernot, Nicolas and Goodfellow, Ian and Boneh, Dan and McDaniel, Patrick},
  year = {2018},
}

@inproceedings{WXW20,
  title = {Adversarial Weight Perturbation Helps Robust Generalization},
  booktitle = {Advances in {{Neural Information Processing Systems}}},
  author = {Wu, Dongxian and Xia, Shu-Tao and Wang, Yisen},
  year = {2020},
  volume = {33},
  pages = {2958--2969},
  publisher = {{Curran Associates, Inc.}},
}

@inproceedings{WZY+20,
  title = {Improving Adversarial Robustness Requires Revisiting Misclassified Examples},
  booktitle = {International {{Conference}} on {{Learning Representations}}},
  author = {Wang, Yisen and Zou, Difan and Yi, Jinfeng and Bailey, James and Ma, Xingjun and Gu, Quanquan},
  year = {2020},
}

@inproceedings{XSC22,
  title = {Why Do Artificially Generated Data Help Adversarial Robustness},
  booktitle = {Advances in {{Neural Information Processing Systems}}},
  author = {Xing, Yue and Song, Qifan and Cheng, Guang},
  year = {2022},
  month = oct,
}

@inproceedings{kornblith2019better,
  author       = {Simon Kornblith and
                  Jonathon Shlens and
                  Quoc V. Le},
  title        = {Do Better ImageNet Models Transfer Better?},
  booktitle    = {{IEEE} Conference on Computer Vision and Pattern Recognition, {CVPR}
                  2019, Long Beach, CA, USA, June 16-20, 2019},
  pages        = {2661--2671},
  publisher    = {Computer Vision Foundation / {IEEE}},
  year         = {2019},
}

@inproceedings{raghu2019transfusion,
  author       = {Maithra Raghu and
                  Chiyuan Zhang and
                  Jon M. Kleinberg and
                  Samy Bengio},
  editor       = {Hanna M. Wallach and
                  Hugo Larochelle and
                  Alina Beygelzimer and
                  Florence d'Alch{\'{e}}{-}Buc and
                  Emily B. Fox and
                  Roman Garnett},
  title        = {Transfusion: Understanding Transfer Learning for Medical Imaging},
  booktitle    = {Advances in Neural Information Processing Systems 32: Annual Conference
                  on Neural Information Processing Systems 2019, NeurIPS 2019, December
                  8-14, 2019, Vancouver, BC, Canada},
  pages        = {3342--3352},
  year         = {2019},
}

@article{volpi2018generalizing,
  title={Generalizing to unseen domains via adversarial data augmentation},
  author={Volpi, Riccardo and Namkoong, Hongseok and Sener, Ozan and Duchi, John C and Murino, Vittorio and Savarese, Silvio},
  journal={Advances in Neural Information Processing Systems},
  volume={31},
  year={2018}
}

@inproceedings{wang2023better,
  title={Better diffusion models further improve adversarial training},
  author={Wang, Zekai and Pang, Tianyu and Du, Chao and Lin, Min and Liu, Weiwei and Yan, Shuicheng},
  booktitle={International Conference on Machine Learning},
  pages={36246--36263},
  year={2023},
  organization={PMLR}
}

@inproceedings{yosinski2014transferable,
  author       = {Jason Yosinski and
                  Jeff Clune and
                  Yoshua Bengio and
                  Hod Lipson},
  editor       = {Zoubin Ghahramani and
                  Max Welling and
                  Corinna Cortes and
                  Neil D. Lawrence and
                  Kilian Q. Weinberger},
  title        = {How transferable are features in deep neural networks?},
  booktitle    = {Advances in Neural Information Processing Systems 27: Annual Conference
                  on Neural Information Processing Systems 2014, December 8-13 2014,
                  Montreal, Quebec, Canada},
  pages        = {3320--3328},
  year         = {2014},
}

@inproceedings{zhang2019theoretically,
  title={Theoretically principled trade-off between robustness and accuracy},
  author={Zhang, Hongyang and Yu, Yaodong and Jiao, Jiantao and Xing, Eric and El Ghaoui, Laurent and Jordan, Michael},
  booktitle={International conference on machine learning},
  pages={7472--7482},
  year={2019},
  organization={PMLR}
}

