@inproceedings{zhang2019theoretically,
  title={Theoretically principled trade-off between robustness and accuracy},
  author={Zhang, Hongyang and Yu, Yaodong and Jiao, Jiantao and Xing, Eric and El Ghaoui, Laurent and Jordan, Michael},
  booktitle={International conference on machine learning},
  pages={7472--7482},
  year={2019},
  organization={PMLR}
}

@article{gowal2020uncovering,
  title={Uncovering the limits of adversarial training against norm-bounded adversarial examples},
  author={Gowal, Sven and Qin, Chongli and Uesato, Jonathan and Mann, Timothy and Kohli, Pushmeet},
  journal={arXiv preprint arXiv:2010.03593},
  year={2020}
}

@article{cui2023decoupled,
  title={Decoupled kullback-leibler divergence loss},
  author={Cui, Jiequan and Tian, Zhuotao and Zhong, Zhisheng and Qi, Xiaojuan and Yu, Bei and Zhang, Hanwang},
  journal={arXiv preprint arXiv:2305.13948},
  year={2023}
}


@inproceedings{wang2023better,
  title={Better diffusion models further improve adversarial training},
  author={Wang, Zekai and Pang, Tianyu and Du, Chao and Lin, Min and Liu, Weiwei and Yan, Shuicheng},
  booktitle={International Conference on Machine Learning},
  pages={36246--36263},
  year={2023},
  organization={PMLR}
}

@article{gowal2021improving,
  title={Improving robustness using generated data},
  author={Gowal, Sven and Rebuffi, Sylvestre-Alvise and Wiles, Olivia and Stimberg, Florian and Calian, Dan Andrei and Mann, Timothy A},
  journal={Advances in Neural Information Processing Systems},
  volume={34},
  pages={4218--4233},
  year={2021}
}

@article{chen2024data,
  title={Data filtering for efficient adversarial training},
  author={Chen, Erh-Chung and Lee, Che-Rung},
  journal={Pattern Recognition},
  volume={151},
  pages={110394},
  year={2024},
  publisher={Elsevier}
}

@inproceedings{CH20,
  title = {Reliable Evaluation of Adversarial Robustness with an Ensemble of Diverse Parameter--Free Attacks},
  booktitle = {Proceedings of the 37th {{International Conference}} on {{Machine Learning}}},
  author = {Croce, Francesco and Hein, Matthias},
  year = {2020},
  month = nov,
  pages = {2206--2216},
  publisher = {{PMLR}},
}

@inproceedings{MMS+18,
  title = {Towards Deep Learning Models Resistant to Adversarial Attacks},
  booktitle = {International {{Conference}} on {{Learning Representations}}},
  author = {Madry, Aleksander and Makelov, Aleksandar and Schmidt, Ludwig and Tsipras, Dimitris and Vladu, Adrian},
  year = {2018},
}

@inproceedings{BLT+22Unified,
  title = {A Unified {Wasserstein} Distributional Robustness Framework for Adversarial Training},
  booktitle = {International {{Conference}} on {{Learning Representations}}},
  author = {Bui, Anh Tuan and Le, Trung and Tran, Quan Hung and Zhao, He and Phung, Dinh},
  year = {2022},
  month = jan,}


@inproceedings{SND18,
  title = {Certifying Some Distributional Robustness with Principled Adversarial Training},
  booktitle = {International {{Conference}} on {{Learning Representations}}},
  author = {Sinha, Aman and Namkoong, Hongseok and Duchi, John},
  year = {2018},
}

@article{volpi2018generalizing,
  title={Generalizing to unseen domains via adversarial data augmentation},
  author={Volpi, Riccardo and Namkoong, Hongseok and Sener, Ozan and Duchi, John C and Murino, Vittorio and Savarese, Silvio},
  journal={Advances in Neural Information Processing Systems},
  volume={31},
  year={2018}
}

@article{BDOW21,
  title = {Sensitivity Analysis of {{Wasserstein}} Distributionally Robust Optimization Problems},
  author = {Bartl, Daniel and Drapeau, Samuel and Ob{\l}{\'o}j, Jan and Wiesel, Johannes},
  year = {2021},
  month = dec,
  journal = {Proc. R. Soc. A.},
  volume = {477},
  number = {2256},
  pages = {20210176}
}

@article{BM19,
  title = {Quantifying Distributional Model Risk via Optimal Transport},
  author = {Blanchet, Jose and Murthy, Karthyek},
  year = {2019},
  month = may,
  journal = {Mathematics of Operations Research},
  volume = {44},
  number = {2},
  pages = {565--600},
  publisher = {{INFORMS}},
}

@inproceedings{BHJO23Wasserstein,
  title = {Wasserstein Distributional Robustness of Neural Networks},
  author = {Bai, Xingjian and He, Guangyi and Jiang, Yifan and Obłój, Jan},
  year = {2023},
  volume = {36},
  pages = {26322--26347},
  month = dec,
  booktitle = {Advances in Neural Information Processing Systems},
  publisher = {Curran Associates, Inc.},
}

@inproceedings{GSS15,
  title = {Explaining and Harnessing Adversarial Examples},
  booktitle = {International {{Conference}} on {{Learning Representations}}},
  author = {Goodfellow, Ian and Shlens, Jonathon and Szegedy, Christian},
  year = {2015},
}
@inproceedings{TKP+18,
  title = {Ensemble Adversarial Training: attacks and Defenses},
  shorttitle = {Ensemble {{Adversarial Training}}},
  booktitle = {International {{Conference}} on {{Learning Representations}}},
  author = {Tram{\`e}r, Florian and Kurakin, Alexey and Papernot, Nicolas and Goodfellow, Ian and Boneh, Dan and McDaniel, Patrick},
  year = {2018},
}

@inproceedings{GRW+21,
  title = {Improving Robustness Using Generated Data},
  booktitle = {Advances in {{Neural Information Processing Systems}}},
  author = {Gowal, Sven and Rebuffi, Sylvestre-Alvise and Wiles, Olivia and Stimberg, Florian and Calian, Dan Andrei and Mann, Timothy A},
  year = {2021},
  volume = {34},
  pages = {4218--4233},
  publisher = {{Curran Associates, Inc.}},
}

@inproceedings{XSC22,
  title = {Why Do Artificially Generated Data Help Adversarial Robustness},
  booktitle = {Advances in {{Neural Information Processing Systems}}},
  author = {Xing, Yue and Song, Qifan and Cheng, Guang},
  year = {2022},
  month = oct,
}


@inproceedings{WZY+20,
  title = {Improving Adversarial Robustness Requires Revisiting Misclassified Examples},
  booktitle = {International {{Conference}} on {{Learning Representations}}},
  author = {Wang, Yisen and Zou, Difan and Yi, Jinfeng and Bailey, James and Ma, Xingjun and Gu, Quanquan},
  year = {2020},
}


@inproceedings{PLY+22,
  title = {Robustness and Accuracy Could Be Reconcilable by (Proper) Definition},
  booktitle = {Proceedings of the 39th {{International Conference}} on {{Machine Learning}}},
  author = {Pang, Tianyu and Lin, Min and Yang, Xiao and Zhu, Jun and Yan, Shuicheng},
  year = {2022},
  month = jun,
  pages = {17258--17277},
  publisher = {{PMLR}},
}



@inproceedings{WXW20,
  title = {Adversarial Weight Perturbation Helps Robust Generalization},
  booktitle = {Advances in {{Neural Information Processing Systems}}},
  author = {Wu, Dongxian and Xia, Shu-Tao and Wang, Yisen},
  year = {2020},
  volume = {33},
  pages = {2958--2969},
  publisher = {{Curran Associates, Inc.}},
}

@inproceedings{SWMJ20,
  title = {{{HYDRA}}: pruning Adversarially Robust Neural Networks},
  shorttitle = {{{HYDRA}}},
  booktitle = {Advances in {{Neural Information Processing Systems}}},
  author = {Sehwag, Vikash and Wang, Shiqi and Mittal, Prateek and Jana, Suman},
  year = {2020},
  volume = {33},
  pages = {19655--19666},
  publisher = {{Curran Associates, Inc.}},
}


@article{GG22,
  title = {On the Regularized Risk of Distributionally Robust Learning over Deep Neural Networks},
  author = {Garc{\'i}a Trillos, Camilo Andr{\'e}s and Garc{\'i}a Trillos, Nicol{\'a}s},
  year = {2022},
  month = aug,
  journal = {Res Math Sci},
  volume = {9},
  number = {3},
  pages = {54},

}

@misc{LPW23,
      title={On concentration of the empirical measure for general transport costs}, 
      author={Martin Larsson and Jonghwa Park and Johannes Wiesel},
      year={2023},
      eprint={2305.18636},
      archivePrefix={arXiv},
      primaryClass={math.ST}
}

@inproceedings{imagenet_cvpr09,
        AUTHOR = {Deng, J. and Dong, W. and Socher, R. and Li, L.-J. and Li, K. and Fei-Fei, L.},
        TITLE = {{ImageNet: A Large-Scale Hierarchical Image Database}},
        BOOKTITLE = {CVPR09},
        YEAR = {2009},
       }
@INPROCEEDINGS{HXBN22Human,
  author={Hua, Xinru and Xu, Huanzhong and Blanchet, Jose and Nguyen, Viet Anh},
  booktitle={2022 Winter Simulation Conference (WSC)}, 
  title={Human Imperceptible Attacks and Applications to Improve Fairness}, 
  year={2022},
  pages={2641-2652},
}


@misc{ORV+23,
      title={The out-of-sample prediction error of the square-root-LASSO and related estimators}, 
      author={José Luis Montiel Olea and Cynthia Rush and Amilcar Velez and Johannes Wiesel},
      year={2023},
      eprint={2211.07608},
      archivePrefix={arXiv},
      primaryClass={math.ST}
}

@article{LR18,
  title={Minimax statistical learning with {Wasserstein} distances},
  author={Lee, Jaeho and Raginsky, Maxim},
  journal={Advances in Neural Information Processing Systems},
  volume={31},
  year={2018}
}

@article{FG15,
  title={On the rate of convergence in Wasserstein distance of the empirical measure},
  author={Fournier, Nicolas and Guillin, Arnaud},
  journal={Probability Theory and Related Fields},
  volume={162},
  number={3-4},
  pages={707--738},
  year={2015},
  publisher={Springer}
}
@article{GQU20,
  title={Uncovering the Limits of Adversarial Training against Norm-Bounded Adversarial Examples},
  author={Gowal, Sven and Qin, Chongli and Uesato, Jonathan and Mann, Timothy and Kohli, Pushmeet},
  journal={arXiv preprint arXiv:2010.03593},
  year={2020},
  }

@article{HM16,
  title={Ambiguity aversion and model misspecification: an economic perspective},
  author={Hansen, Lars Peter and Marinacci, Massimo},
  journal={Statistical Science},
  volume={31},
  number={4},
  pages={511--515},
  year={2016},
  publisher={JSTOR}
}

@inproceedings{DSS13,
  title={{Constructive quantization: approximation by empirical measures}},
  author={Dereich, Steffen and Scheutzow, Michael and Schottstedt, Reik},
  booktitle={Annales de l'IHP Probabilit{\'e}s et statistiques},
  volume={49},
  number={4},
  pages={1183--1203},
  year={2013}
}

@article{Gao22a,
  title={Finite-sample guarantees for Wasserstein distributionally robust optimization: breaking the curse of dimensionality},
  author={Gao, Rui},
  journal={Operations Research},
  year={2022},
  publisher={INFORMS}
}

@article{Gao22b,
  title={Wasserstein distributionally robust optimization and variation regularization},
  author={Gao, Rui and Chen, Xi and Kleywegt, Anton J},
  journal={Operations Research},
  year={2022},
  publisher={INFORMS}
}


@inproceedings{SJ17,
  title={Distributionally robust deep learning as a generalization of adversarial training},
  author={Staib, Matthew and Jegelka, Stefanie},
  booktitle={NIPS workshop on Machine Learning and Computer Security},
  volume={3},
  pages={4},
  year={2017}
}



@misc{RM19,
  title = {Distributionally Robust Optimization: A Review},
  shorttitle = {Distributionally {{Robust Optimization}}},
  author = {Rahimian, Hamed and Mehrotra, Sanjay},
  year = {2019},
  month = aug,
  number = {arXiv:1908.05659},
  eprint = {1908.05659},
  primaryclass = {cs, math, stat},
  publisher = {{arXiv}},
}

@article{GO20,
author = {Gaoyue Guo and Jan Obł{\'o}j},
title = {{Computational methods for martingale optimal transport problems}},
volume = {29},
journal = {The Annals of Applied Probability},
number = {6},
publisher = {Institute of Mathematical Statistics},
pages = {3311 -- 3347},
keywords = {discretization of measure, Duality, linear programming, Martingale optimal transport, martingale relaxation, robust hedging},
year = {2019},

}


@article{GS89,
title = {Maxmin expected utility with non-unique prior},
journal = {Journal of Mathematical Economics},
volume = {18},
number = {2},
pages = {141-153},
year = {1989},
author = {Itzhak Gilboa and David Schmeidler},
}


@article{FW15,
author = {F\"{o}llmer, Hans and Weber, Stefan},
title = {The Axiomatic Approach to Risk Measures for Capital Determination},
journal = {Annual Review of Financial Economics},
volume = {7},
number = {1},
pages = {301-337},
year = {2015},
}

@article{BS73,
 ISSN = {00223808, 1537534X},
 author = {Fischer Black and Myron Scholes},
 journal = {Journal of Political Economy},
 number = {3},
 pages = {637--654},
 publisher = {University of Chicago Press},
 title = {The Pricing of Options and Corporate Liabilities},
 volume = {81},
 year = {1973}
}





@misc{AMPN20,
  title = {Robust {{Neural Networks}} Using {{Randomized Adversarial Training}}},
  author = {Araujo, Alexandre and Meunier, Laurent and Pinot, Rafael and Negrevergne, Benjamin},
  year = {2020},
  month = feb,
  number = {arXiv:1903.10219},
  eprint = {1903.10219},
  primaryclass = {cs, stat},
  publisher = {{arXiv}},
}

@inproceedings{BCM+13,
  title = {Evasion Attacks against Machine Learning at Test Time},
  booktitle = {Machine {{Learning}} and {{Knowledge Discovery}} in {{Databases}}},
  author = {Biggio, Battista and Corona, Igino and Maiorca, Davide and Nelson, Blaine and {\v S}rndi{\'c}, Nedim and Laskov, Pavel and Giacinto, Giorgio and Roli, Fabio},
  year = {2013},
  series = {Lecture {{Notes}} in {{Computer Science}}},
  pages = {387--402},
  publisher = {{Springer}},
  address = {{Berlin, Heidelberg}},
}


@article{BDT20,
  title = {Computational Aspects of Robust Optimized Certainty Equivalents and Option Pricing},
  author = {Bartl, Daniel and Drapeau, Samuel and Tangpi, Ludovic},
  year = {2020},
  journal = {Mathematical Finance},
  volume = {30},
  number = {1},
  pages = {287--309},
}

@inproceedings{BIL+16,
  title = {Measuring Neural Net Robustness with Constraint},
  booktitle = {Advances in {{Neural Information Processing Systems}}},
  author = {Bastani, Osbert and Ioannou, Yani and Lampropoulos, Leonidas and Vytiniotis, Dimitrios and Nori, Aditya and Criminisi, Antonio},
  year = {2016},
  volume = {29},
  publisher = {{Curran Associates, Inc.}},
}

@article{BKM19,
  title = {Robust {{Wasserstein}} Profile Inference and Applications to Machine Learning},
  author = {Blanchet, Jose and Kang, Yang and Murthy, Karthyek},
  year = {2019},
  month = sep,
  journal = {Journal of Applied Probability},
  volume = {56},
  number = {3},
  pages = {830--857},
  publisher = {{Cambridge University Press}},
}


@article{BMZ21,
  title = {Optimal {{Transport-Based Distributionally Robust Optimization}}: {{Structural Properties}} and {{Iterative Schemes}}},
  shorttitle = {Optimal {{Transport-Based Distributionally Robust Optimization}}},
  author = {Blanchet, Jose and Murthy, Karthyek and Zhang, Fan},
  year = {2021},
  month = nov,
  journal = {Mathematics of Operations Research},
  publisher = {{INFORMS}},
}

@inproceedings{BRB18,
  title = {Decision--Based Adversarial Attacks: reliable Attacks Against Black-Box Machine Learning Models},
  shorttitle = {Decision-{{Based Adversarial Attacks}}},
  booktitle = {International {{Conference}} on {{Learning Representations}}},
  author = {Brendel, Wieland and Rauber, Jonas and Bethge, Matthias},
  year = {2018},
}

@inproceedings{BRK+19,
  title = {Accurate, Reliable and Fast Robustness Evaluation},
  booktitle = {Advances in {{Neural Information Processing Systems}}},
  author = {Brendel, Wieland and Rauber, Jonas and K{\"u}mmerer, Matthias and Ustyuzhaninov, Ivan and Bethge, Matthias},
  year = {2019},
  volume = {32},
  publisher = {{Curran Associates, Inc.}},
}

@misc{CAS+21,
  title = {{{RobustBench}}: A Standardized Adversarial Robustness Benchmark},
  shorttitle = {{{RobustBench}}},
  author = {Croce, Francesco and Andriushchenko, Maksym and Sehwag, Vikash and Debenedetti, Edoardo and Flammarion, Nicolas and Chiang, Mung and Mittal, Prateek and Hein, Matthias},
  year = {2021},
  month = oct,
  number = {arXiv:2010.09670},
  eprint = {2010.09670},
  primaryclass = {cs, stat},
  institution = {{arXiv}},
}



@inproceedings{CLC+20,
  title = {Adversarial {{Robustness}}: {{From Self-Supervised Pre-Training}} to {{Fine-Tuning}}},
  booktitle = {Proceedings of the {{IEEE}}/{{CVF Conference}} on {{Computer Vision}} and {{Pattern Recognition}}},
  author = {Chen, Tianlong and Liu, Sijia and Chang, Shiyu and Cheng, Yu and Amini, Lisa and Wang, Zhangyang},
  year = {2020},
  month = jul
}

@inproceedings{CRK19,
  title = {Certified Adversarial Robustness via Randomized Smoothing},
  booktitle = {Proceedings of the 36th {{International Conference}} on {{Machine Learning}}},
  author = {Cohen, Jeremy and Rosenfeld, Elan and Kolter, Zico},
  year = {2019},
  month = may,
  pages = {1310--1320},
  publisher = {{PMLR}},
  issn = {2640-3498},
}

@inproceedings{CW17,
  title = {Towards Evaluating the Robustness of Neural Networks},
  booktitle = {2017 {{IEEE Symposium}} on {{Security}} and {{Privacy}} ({{SP}})},
  author = {Carlini, Nicholas and Wagner, David},
  year = {2017},
  month = may,
  pages = {39--57},
  publisher = {{IEEE}},
}

@article{CWMG18,
  title = {A Review on Neural Networks with Random Weights},
  author = {Cao, Weipeng and Wang, Xizhao and Ming, Zhong and Gao, Jinzhu},
  year = {2018},
  month = jan,
  journal = {Neurocomputing},
  volume = {275},
  pages = {278--287},
}

@inproceedings{CZS+17,
  title = {{{ZOO}}: zeroth Order Optimization Based Black-box Attacks to Deep Neural Networks without Training Substitute Models},
  shorttitle = {{{ZOO}}},
  booktitle = {Proceedings of the 10th {{ACM Workshop}} on {{Artificial Intelligence}} and {{Security}}},
  author = {Chen, Pin-Yu and Zhang, Huan and Sharma, Yash and Yi, Jinfeng and Hsieh, Cho-Jui},
  year = {2017},
  month = nov,
  pages = {15--26},
  publisher = {{ACM}},
}

@inproceedings{DDK+20,
  title = {Enabling Certification of Verification--Agnostic Networks via Memory--Efficient Semidefinite Programming},
  booktitle = {Advances in {{Neural Information Processing Systems}}},
  author = {Dathathri, Sumanth and Dvijotham, Krishnamurthy and Kurakin, Alexey and Raghunathan, Aditi and Uesato, Jonathan and Bunel, Rudy R and Shankar, Shreya and Steinhardt, Jacob and Goodfellow, Ian and Liang, Percy S and Kohli, Pushmeet},
  year = {2020},
  volume = {33},
  pages = {5318--5331},
  publisher = {{Curran Associates, Inc.}},
}

@inproceedings{DDP+20,
  title = {Adversarial Distributional Training for Robust Deep Learning},
  booktitle = {Advances in {{Neural Information Processing Systems}}},
  author = {Dong, Yinpeng and Deng, Zhijie and Pang, Tianyu and Zhu, Jun and Su, Hang},
  year = {2020},
  volume = {33},
  pages = {8270--8283},
  publisher = {{Curran Associates, Inc.}},
}


@article{GK22,
  title = {Distributionally Robust Stochastic Optimization with {{Wasserstein}} Distance},
  author = {Gao, Rui and Kleywegt, Anton},
  year = {2022},
  month = aug,
  journal = {Mathematics of OR},
  publisher = {{INFORMS}},
}





@inproceedings{GWZ+22,
  title = {Fast and Reliable Evaluation of Adversarial Robustness with Minimum-Margin Attack},
  booktitle = {Proceedings of the 39th {{International Conference}} on {{Machine Learning}}},
  author = {Gao, Ruize and Wang, Jiongxiao and Zhou, Kaiwen and Liu, Feng and Xie, Binghui and Niu, Gang and Han, Bo and Cheng, James},
  year = {2022},
  month = jun,
  pages = {7144--7163},
  publisher = {{PMLR}},
}

@inproceedings{HA17,
  title = {Formal Guarantees on the Robustness of a Classifier against Adversarial Manipulation},
  booktitle = {Advances in {{Neural Information Processing Systems}}},
  author = {Hein, Matthias and Andriushchenko, Maksym},
  year = {2017},
  volume = {30},
  publisher = {{Curran Associates, Inc.}},
}

@inproceedings{HHLD22,
  title = {Coresets for {{Wasserstein}} Distributionally Robust Optimization Problems},
  booktitle = {Advances in {{Neural Information Processing Systems}}},
  author = {Huang, Ruomin and Huang, Jiawei and Liu, Wenjie and Ding, Hu},
  year = {2022},
  month = oct,
}

@article{HW22,
  title = {Adversarial Classification via Distributional Robustness with {{Wasserstein}} Ambiguity},
  author = {{Ho-Nguyen}, Nam and Wright, Stephen J.},
  year = {2022},
  month = apr,
  journal = {Math. Program.},

}

@inproceedings{HWE+21,
  title = {Exploring {{Architectural Ingredients}} of {{Adversarially Robust Deep Neural Networks}}},
  booktitle = {Advances in {{Neural Information Processing Systems}}},
  author = {Huang, Hanxun and Wang, Yisen and Erfani, Sarah Monazam and Gu, Quanquan and Bailey, James and Ma, Xingjun},
  year = {2021},
}

@inproceedings{IEAL18,
  title = {Black-Box Adversarial Attacks with Limited Queries and Information},
  booktitle = {Proceedings of the 35th {{International Conference}} on {{Machine Learning}}},
  author = {Ilyas, Andrew and Engstrom, Logan and Athalye, Anish and Lin, Jessy},
  year = {2018},
  month = jul,
  pages = {2137--2146},
  publisher = {{PMLR}},

}

@inproceedings{JKRL09,
  title = {What Is the Best Multi-Stage Architecture for Object Recognition?},
  booktitle = {2009 {{IEEE}} 12th {{International Conference}} on {{Computer Vision}}},
  author = {Jarrett, Kevin and Kavukcuoglu, Koray and Ranzato, Marc' Aurelio and LeCun, Yann},
  year = {2009},
  month = sep,
  pages = {2146--2153},
  publisher = {{IEEE}},

}

@book{Kni21,
  title = {Risk, Uncertainty and Profit},
  author = {Knight, Frank H.},
  year = {1921},
  publisher = {{Boston, New York, Houghton Mifflin Company}},
  abstract = {pt. 1. Introductory.--pt. 2. Perfect competition.--pt. 3. Imperfect competition through risk and uncertainty},
  collaborator = {{University of California Libraries}},
  langid = {english},
  lccn = {nrlf\_ucb:GLAD-403742},
  keywords = {Risk}
}

@article{Kri09Learning,
  title = {Learning Multiple Layers of Features from Tiny Images},
  author = {Krizhevsky, Alex},
  year = {2009},
}

@inproceedings{KSDT21,
  title = {Stable Neural ODE with {{Lyapunov}}--Stable Equilibrium Pointsfor Defending Against Adversarial Attacks},
  booktitle = {Advances in {{Neural Information Processing Systems}}},
  author = {Kang, Qiyu and Song, Yang and Ding, Qinxu and Tay, Wee Peng},
  year = {2021},
  month = oct,
}

@article{Lam16,
  title = {Robust Sensitivity Analysis for Stochastic Systems},
  author = {Lam, Henry},
  year = {2016},
  month = nov,
  journal = {Mathematics of OR},
  volume = {41},
  number = {4},
  pages = {1248--1275},
  publisher = {{INFORMS}},

}

@inproceedings{LCZH18,
  title = {Towards Robust Neural Networks via Random Self-ensemble},
  booktitle = {Computer {{Vision}} \textendash{} {{ECCV}} 2018},
  author = {Liu, Xuanqing and Cheng, Minhao and Zhang, Huan and Hsieh, Cho-Jui},
  year = {2018},
  series = {Lecture {{Notes}} in {{Computer Science}}},
  pages = {381--397},
  publisher = {{Springer International Publishing}},
  address = {{Cham}},
}

@inproceedings{LXL23,
  title = {{{SoK}}: Certified Robustness for Deep Neural Networks},
  booktitle = {44th {{IEEE Symposium}} on {{Security}} and {{Privacy}}},
  author = {Li, Linyi and Xie, Tao and Li, Bo},
  year = {2023},
  publisher = {{IEEE}}
}

@inproceedings{LZLX19,
  title = {Robustra: Training Provable Robust Neural Networks over Reference Adversarial Space},
  shorttitle = {Robustra},
  booktitle = {Proceedings of the {{Twenty-Eighth International Joint Conference}} on {{Artificial Intelligence}}},
  author = {Li, Linyi and Zhong, Zexuan and Li, Bo and Xie, Tao},
  year = {2019},
  month = aug,
  pages = {4711--4717},
  publisher = {{International Joint Conferences on Artificial Intelligence Organization}},
}

@article{MK18,
  title = {Data--Driven Distributionally Robust Optimization Using the {{Wasserstein}} Metric: Performance Guarantees and Tractable Reformulations},
  shorttitle = {Data-Driven Distributionally Robust Optimization Using the {{Wasserstein}} Metric},
  author = {Mohajerin Esfahani, Peyman and Kuhn, Daniel},
  year = {2018},
  month = sep,
  journal = {Math. Program.},
  volume = {171},
  number = {1},
  pages = {115--166},
}

@inproceedings{MNO19,
  title = {Robustness of Neural Networks: a Probabilistic and Practical Approach},
  shorttitle = {Robustness of {{Neural Networks}}},
  booktitle = {2019 {{IEEE}}/{{ACM}} 41st {{International Conference}} on {{Software Engineering}}: {{New Ideas}} and {{Emerging Results}} ({{ICSE-NIER}})},
  author = {Mangal, Ravi and Nori, Aditya V. and Orso, Alessandro},
  year = {2019},
  month = may,
  pages = {93--96},
  publisher = {{IEEE}},

}

@inproceedings{NYC15,
  title = {Deep Neural Networks Are Easily Fooled: high Confidence Predictions for Unrecognizable Images},
  shorttitle = {Deep Neural Networks Are Easily Fooled},
  booktitle = {2015 {{IEEE Conference}} on {{Computer Vision}} and {{Pattern Recognition}} ({{CVPR}})},
  author = {Nguyen, Anh and Yosinski, Jason and Clune, Jeff},
  year = {2015},
  month = jun,
  pages = {427--436},
}



@misc{PPPV22,
  title = {Gradient {{Obfuscation Checklist Test Gives}} a {{False Sense}} of {{Security}}},
  author = {Popovic, Nikola and Paudel, Danda Pani and Probst, Thomas and Van Gool, Luc},
  year = {2022},
  month = jun,
  number = {arXiv:2206.01705},
  eprint = {2206.01705},
  primaryclass = {cs},
  publisher = {{arXiv}},
}

@article{PY16,
  title = {Deep {{Convolutional Extreme Learning Machine}} and {{Its Application}} in {{Handwritten Digit Classification}}},
  author = {Pang, Shan and Yang, Xinyi},
  year = {2016},
  journal = {Computational Intelligence and Neuroscience},
  volume = {2016},
  pages = {1--10},
}



@inproceedings{RR07,
  title = {Random Features for Large-Scale Kernel Machines},
  booktitle = {Advances in {{Neural Information Processing Systems}}},
  author = {Rahimi, Ali and Recht, Benjamin},
  year = {2007},
  volume = {20},
  publisher = {{Curran Associates, Inc.}},
}

@inproceedings{RR08,
  title = {Weighted Sums of Random Kitchen Sinks: Replacing Minimization with Randomization in Learning},
  shorttitle = {Weighted {{Sums}} of {{Random Kitchen Sinks}}},
  booktitle = {Advances in {{Neural Information Processing Systems}}},
  author = {Rahimi, Ali and Recht, Benjamin},
  year = {2008},
  volume = {21},
  publisher = {{Curran Associates, Inc.}},
}

@inproceedings{RR08a,
  title = {Uniform Approximation of Functions with Random Bases},
  booktitle = {2008 46th {{Annual Allerton Conference}} on {{Communication}}, {{Control}}, and {{Computing}}},
  author = {Rahimi, Ali and Recht, Benjamin},
  year = {2008},
  month = sep,
  pages = {555--561},
  publisher = {{IEEE}},
  address = {{Monticello, IL, USA}},
}

@inproceedings{RSL18,
  title = {Semidefinite Relaxations for Certifying Robustness to Adversarial Examples},
  booktitle = {Advances in {{Neural Information Processing Systems}}},
  author = {Raghunathan, Aditi and Steinhardt, Jacob and Liang, Percy S},
  year = {2018},
  volume = {31},
  publisher = {{Curran Associates, Inc.}},
}

@misc{SLH+21,
  title = {Towards Out-Of-Distribution Generalization: a Survey},
  shorttitle = {Towards {{Out-Of-Distribution Generalization}}},
  author = {Shen, Zheyan and Liu, Jiashuo and He, Yue and Zhang, Xingxuan and Xu, Renzhe and Yu, Han and Cui, Peng},
  year = {2021},
  month = aug,
  number = {arXiv:2108.13624},
  eprint = {2108.13624},
  primaryclass = {cs},
  publisher = {{arXiv}},
}





@inproceedings{SYZ+19,
  title = {A Convex Relaxation Barrier to Tight Robustness Verification of Neural Networks},
  booktitle = {Advances in {{Neural Information Processing Systems}}},
  author = {Salman, Hadi and Yang, Greg and Zhang, Huan and Hsieh, Cho-Jui and Zhang, Pengchuan},
  year = {2019},
  volume = {32},
  publisher = {{Curran Associates, Inc.}},
}

@inproceedings{SZS+14,
  title = {Intriguing Properties of Neural Networks},
  booktitle = {International {{Conference}} on {{Learning Representations}}},
  author = {Szegedy, Christian and Zaremba, Wojciech and Sutskever, Ilya and Bruna, Joan and Erhan, Dumitru and Goodfellow, Ian and Fergus, Rob},
  year = {2014},
  eprint = {1312.6199},
  primaryclass = {cs},
  publisher = {{arXiv}},
}

@inproceedings{TXT19,
  title = {Evaluating Robustness of Neural Networks with Mixed Integer Programming},
  booktitle = {International {{Conference}} on {{Learning Representations}}},
  author = {Tjeng, Vincent and Xiao, Kai Y. and Tedrake, Russ},
  year = {2019},
}

@inproceedings{WK18,
  title = {Provable Defenses against Adversarial Examples via the Convex Outer Adversarial Polytope},
  booktitle = {Proceedings of the 35th {{International Conference}} on {{Machine Learning}}},
  author = {Wong, Eric and Kolter, Zico},
  year = {2018},
  month = jul,
  pages = {5286--5295},
  publisher = {{PMLR}},

}



@inproceedings{WZC+18,
  title = {Evaluating the Robustness of Neural Networks: an Extreme Value Theory Approach},
  shorttitle = {Evaluating the Robustness of Neural Networks},
  booktitle = {International {{Conference}} on {{Learning Representations}}},
  author = {Weng, Tsui Wei and Zhang, Huan and Chen, Pin-Yu and Yi, Jinfeng and Su, Dong and Gao, Yupeng and Hsieh, Cho-Jui and Daniel, Luca},
  year = {2018},
  publisher = {{International Conference on Learning Representations, ICLR}},
}

@inproceedings{WZC+18a,
  title = {Towards Fast Computation of Certified Robustness for {{ReLU}} Networks},
  booktitle = {Proceedings of the 35th {{International Conference}} on {{Machine Learning}}},
  author = {Weng, Lily and Zhang, Huan and Chen, Hongge and Song, Zhao and Hsieh, Cho-Jui and Daniel, Luca and Boning, Duane and Dhillon, Inderjit},
  year = {2018},
  month = jul,
  pages = {5276--5285},
  publisher = {{PMLR}},
  issn = {2640-3498},
}

@misc{YWYZ22,
  title = {Rethinking {{Feature Uncertainty}} in {{Stochastic Neural Networks}} for {{Adversarial Robustness}}},
  author = {Yang, Hao and Wang, Min and Yu, Zhengfei and Zhou, Yun},
  year = {2022},
  month = jan,
  number = {arXiv:2201.00148},
  eprint = {2201.00148},
  primaryclass = {cs},
  publisher = {{arXiv}},
  archiveprefix = {arxiv},
  keywords = {Computer Science - Computer Vision and Pattern Recognition,Computer Science - Cryptography and Security,Computer Science - Machine Learning},

}






@inproceedings{yosinski2014transferable,
  author       = {Jason Yosinski and
                  Jeff Clune and
                  Yoshua Bengio and
                  Hod Lipson},
  editor       = {Zoubin Ghahramani and
                  Max Welling and
                  Corinna Cortes and
                  Neil D. Lawrence and
                  Kilian Q. Weinberger},
  title        = {How transferable are features in deep neural networks?},
  booktitle    = {Advances in Neural Information Processing Systems 27: Annual Conference
                  on Neural Information Processing Systems 2014, December 8-13 2014,
                  Montreal, Quebec, Canada},
  pages        = {3320--3328},
  year         = {2014},
}


@inproceedings{raghu2019transfusion,
  author       = {Maithra Raghu and
                  Chiyuan Zhang and
                  Jon M. Kleinberg and
                  Samy Bengio},
  editor       = {Hanna M. Wallach and
                  Hugo Larochelle and
                  Alina Beygelzimer and
                  Florence d'Alch{\'{e}}{-}Buc and
                  Emily B. Fox and
                  Roman Garnett},
  title        = {Transfusion: Understanding Transfer Learning for Medical Imaging},
  booktitle    = {Advances in Neural Information Processing Systems 32: Annual Conference
                  on Neural Information Processing Systems 2019, NeurIPS 2019, December
                  8-14, 2019, Vancouver, BC, Canada},
  pages        = {3342--3352},
  year         = {2019},
}


@inproceedings{kornblith2019better,
  author       = {Simon Kornblith and
                  Jonathon Shlens and
                  Quoc V. Le},
  title        = {Do Better ImageNet Models Transfer Better?},
  booktitle    = {{IEEE} Conference on Computer Vision and Pattern Recognition, {CVPR}
                  2019, Long Beach, CA, USA, June 16-20, 2019},
  pages        = {2661--2671},
  publisher    = {Computer Vision Foundation / {IEEE}},
  year         = {2019},
}

@inproceedings{DBLP:conf/iclr/WongRK20,
  author       = {Eric Wong and
                  Leslie Rice and
                  J. Zico Kolter},
  title        = {Fast is better than free: Revisiting adversarial training},
  booktitle    = {8th International Conference on Learning Representations, {ICLR} 2020,
                  Addis Ababa, Ethiopia, April 26-30, 2020},
  publisher    = {OpenReview.net},
  year         = {2020},

}


@inproceedings{DBLP:conf/nips/Sehwag0MJ20,
  author       = {Vikash Sehwag and
                  Shiqi Wang and
                  Prateek Mittal and
                  Suman Jana},
  editor       = {Hugo Larochelle and
                  Marc'Aurelio Ranzato and
                  Raia Hadsell and
                  Maria{-}Florina Balcan and
                  Hsuan{-}Tien Lin},
  title        = {{HYDRA:} Pruning Adversarially Robust Neural Networks},
  booktitle    = {Advances in Neural Information Processing Systems 33: Annual Conference
                  on Neural Information Processing Systems 2020, NeurIPS 2020, December
                  6-12, 2020, virtual},
  year         = {2020},

}

@inproceedings{DBLP:conf/iclr/SinhaND18,
  author       = {Aman Sinha and
                  Hongseok Namkoong and
                  John C. Duchi},
  title        = {Certifying Some Distributional Robustness with Principled Adversarial
                  Training},
  booktitle    = {6th International Conference on Learning Representations, {ICLR} 2018,
                  Vancouver, BC, Canada, April 30 - May 3, 2018, Conference Track Proceedings},
  publisher    = {OpenReview.net},
  year         = {2018},


}




@inproceedings{DBLP:conf/cvpr/TzengHSD17,
  author       = {Eric Tzeng and
                  Judy Hoffman and
                  Kate Saenko and
                  Trevor Darrell},
  title        = {Adversarial Discriminative Domain Adaptation},
  booktitle    = {2017 {IEEE} Conference on Computer Vision and Pattern Recognition,
                  {CVPR} 2017, Honolulu, HI, USA, July 21-26, 2017},
  pages        = {2962--2971},
  publisher    = {{IEEE} Computer Society},
  year         = {2017},
  doi          = {10.1109/CVPR.2017.316},
  timestamp    = {Sat, 30 Sep 2023 09:38:23 +0200},
  biburl       = {https://dblp.org/rec/conf/cvpr/TzengHSD17.bib},
  bibsource    = {dblp computer science bibliography, https://dblp.org}
}

@article{DBLP:journals/nn/ParisiKPKW19,
  author       = {German Ignacio Parisi and
                  Ronald Kemker and
                  Jose L. Part and
                  Christopher Kanan and
                  Stefan Wermter},
  title        = {Continual lifelong learning with neural networks: {A} review},
  journal      = {Neural Networks},
  volume       = {113},
  pages        = {54--71},
  year         = {2019},
  doi          = {10.1016/J.NEUNET.2019.01.012},
  timestamp    = {Fri, 09 Apr 2021 18:26:43 +0200},
  biburl       = {https://dblp.org/rec/journals/nn/ParisiKPKW19.bib},
  bibsource    = {dblp computer science bibliography, https://dblp.org}
}

@inproceedings{DBLP:conf/eccv/LiH16,
  author       = {Zhizhong Li and
                  Derek Hoiem},
  editor       = {Bastian Leibe and
                  Jiri Matas and
                  Nicu Sebe and
                  Max Welling},
  title        = {Learning Without Forgetting},
  booktitle    = {Computer Vision - {ECCV} 2016 - 14th European Conference, Amsterdam,
                  The Netherlands, October 11-14, 2016, Proceedings, Part {IV}},
  series       = {Lecture Notes in Computer Science},
  volume       = {9908},
  pages        = {614--629},
  publisher    = {Springer},
  year         = {2016},
  doi          = {10.1007/978-3-319-46493-0\_37},
  timestamp    = {Tue, 21 Mar 2023 20:52:16 +0100},
  biburl       = {https://dblp.org/rec/conf/eccv/LiH16.bib},
  bibsource    = {dblp computer science bibliography, https://dblp.org}
}

@inproceedings{DBLP:conf/acl/RuderH18,
  author       = {Jeremy Howard and
                  Sebastian Ruder},
  editor       = {Iryna Gurevych and
                  Yusuke Miyao},
  title        = {Universal Language Model Fine-tuning for Text Classification},
  booktitle    = {Proceedings of the 56th Annual Meeting of the Association for Computational
                  Linguistics, {ACL} 2018, Melbourne, Australia, July 15-20, 2018, Volume
                  1: Long Papers},
  pages        = {328--339},
  publisher    = {Association for Computational Linguistics},
  year         = {2018},
  doi          = {10.18653/V1/P18-1031},
  timestamp    = {Fri, 06 Aug 2021 00:40:52 +0200},
  biburl       = {https://dblp.org/rec/conf/acl/RuderH18.bib},
  bibsource    = {dblp computer science bibliography, https://dblp.org}
}