@inproceedings{alegre2022mo,
  title={MO-Gym: A library of multi-objective reinforcement learning environments},
  author={Alegre, Lucas N and Felten, Florian and Talbi, El-Ghazali and Danoy, Gr{\'e}goire and Now{\'e}, Ann and Bazzan, Ana LC and da Silva, Bruno C},
  booktitle={Proceedings of the 34th Benelux Conference on Artificial Intelligence BNAIC/Benelearn},
  volume={2022},
  pages={2},
  year={2022}
}

@inproceedings{arndt2020meta,
  title={Meta reinforcement learning for sim-to-real domain adaptation},
  author={Arndt, Karol and Hazara, Murtaza and Ghadirzadeh, Ali and Kyrki, Ville},
  booktitle={2020 IEEE international conference on robotics and automation (ICRA)},
  pages={2725--2731},
  year={2020},
  organization={IEEE}
}

@article{brown2020language,
  title={Language models are few-shot learners},
  author={Brown, Tom and Mann, Benjamin and Ryder, Nick and Subbiah, Melanie and Kaplan, Jared D and Dhariwal, Prafulla and Neelakantan, Arvind and Shyam, Pranav and Sastry, Girish and Askell, Amanda and others},
  journal={Advances in neural information processing systems},
  volume={33},
  pages={1877--1901},
  year={2020}
}

@article{chan2022data,
  title={Data distributional properties drive emergent in-context learning in transformers},
  author={Chan, Stephanie and Santoro, Adam and Lampinen, Andrew and Wang, Jane and Singh, Aaditya and Richemond, Pierre and McClelland, James and Hill, Felix},
  journal={Advances in Neural Information Processing Systems},
  volume={35},
  pages={18878--18891},
  year={2022}
}

@article{chan2022transformers,
  title={Transformers generalize differently from information stored in context vs in weights},
  author={Chan, Stephanie CY and Dasgupta, Ishita and Kim, Junkyung and Kumaran, Dharshan and Lampinen, Andrew K and Hill, Felix},
  journal={arXiv preprint arXiv:2210.05675},
  year={2022}
}

@article{chen2021meta,
  title={Meta-learning via language model in-context tuning},
  author={Chen, Yanda and Zhong, Ruiqi and Zha, Sheng and Karypis, George and He, He},
  journal={arXiv preprint arXiv:2110.07814},
  year={2021}
}

@inproceedings{cobbe2020leveraging,
  title={Leveraging procedural generation to benchmark reinforcement learning},
  author={Cobbe, Karl and Hesse, Chris and Hilton, Jacob and Schulman, John},
  booktitle={International conference on machine learning},
  pages={2048--2056},
  year={2020},
  organization={PMLR}
}

@article{coda2023meta,
  title={Meta-in-context learning in large language models},
  author={Coda-Forno, Julian and Binz, Marcel and Akata, Zeynep and Botvinick, Matt and Wang, Jane and Schulz, Eric},
  journal={Advances in Neural Information Processing Systems},
  volume={36},
  pages={65189--65201},
  year={2023}
}

@article{deepseek-llm,
  author = {DeepSeek-AI},
  title = {DeepSeek LLM: Scaling Open-Source Language Models with Longtermism},
  journal = {arXiv preprint arXiv:2401.02954},
  year = {2024},
  url = {https://github.com/deepseek-ai/DeepSeek-LLM}
}

@article{duan2016rl,
  title={Rl $\hat{} 2$: Fast reinforcement learning via slow reinforcement learning},
  author={Duan, Yan and Schulman, John and Chen, Xi and Bartlett, Peter L and Sutskever, Ilya and Abbeel, Pieter},
  journal={arXiv preprint arXiv:1611.02779},
  year={2016}
}

@inproceedings{finn2017model,
  title={Model-agnostic meta-learning for fast adaptation of deep networks},
  author={Finn, Chelsea and Abbeel, Pieter and Levine, Sergey},
  booktitle={International conference on machine learning},
  pages={1126--1135},
  year={2017},
  organization={PMLR}
}

@inproceedings{grigsbyamago,
  title={AMAGO: Scalable In-Context Reinforcement Learning for Adaptive Agents},
  author={Grigsby, Jake and Fan, Linxi and Zhu, Yuke},
  booktitle={The Twelfth International Conference on Learning Representations}
}

@article{kahneman2011thinking,
  title={Thinking, fast and slow},
  author={Kahneman, Daniel},
  journal={Farrar, Straus and Giroux},
  year={2011}
}

@article{kirsch2022general,
  title={General-purpose in-context learning by meta-learning transformers},
  author={Kirsch, Louis and Harrison, James and Sohl-Dickstein, Jascha and Metz, Luke},
  journal={arXiv preprint arXiv:2212.04458},
  year={2022}
}

@inproceedings{kirsch2023towards,
  title={Towards general-purpose in-context learning agents},
  author={Kirsch, Louis and Harrison, James and Freeman, Daniel and Sohl-Dickstein, Jascha and Schmidhuber, J{\"u}rgen},
  year={2023},
  organization={Workshop on Distribution Shifts, 37th Conference on Neural Information~â€¦}
}

@inproceedings{laskin2022context,
  title={In-context Reinforcement Learning with Algorithm Distillation},
  author={Laskin, Michael and Wang, Luyu and Oh, Junhyuk and Parisotto, Emilio and Spencer, Stephen and Steigerwald, Richie and Strouse, DJ and Hansen, Steven Stenberg and Filos, Angelos and Brooks, Ethan and others},
  booktitle={NeurIPS 2022 Foundation Models for Decision Making Workshop},
  year={2022}
}

@article{lee2024supervised,
  title={Supervised pretraining can learn in-context reinforcement learning},
  author={Lee, Jonathan and Xie, Annie and Pacchiano, Aldo and Chandak, Yash and Finn, Chelsea and Nachum, Ofir and Brunskill, Emma},
  journal={Advances in Neural Information Processing Systems},
  volume={36},
  year={2024}
}

@article{lior2024computation,
  title={Computation or Weight Adaptation? Rethinking the Role of Plasticity in Learning},
  author={Lior, Gili and Shalev, Yuval and Stanovsky, Gabriel and Goldstein, Ariel},
  journal={bioRxiv},
  pages={2024--03},
  year={2024},
  publisher={Cold Spring Harbor Laboratory}
}

@inproceedings{mishra2018simple,
  title={A Simple Neural Attentive Meta-Learner},
  author={Mishra, Nikhil and Rohaninejad, Mostafa and Chen, Xi and Abbeel, Pieter},
  booktitle={International Conference on Learning Representations},
  year={2018}
}

@article{morad2023popgym,
  title={Popgym: Benchmarking partially observable reinforcement learning},
  author={Morad, Steven and Kortvelesy, Ryan and Bettini, Matteo and Liwicki, Stephan and Prorok, Amanda},
  journal={arXiv preprint arXiv:2303.01859},
  year={2023}
}

@article{najarro2020meta,
  title={Meta-learning through hebbian plasticity in random networks},
  author={Najarro, Elias and Risi, Sebastian},
  journal={Advances in Neural Information Processing Systems},
  volume={33},
  pages={20719--20731},
  year={2020}
}

@article{nikulin2023xland,
  title={XLand-minigrid: Scalable meta-reinforcement learning environments in JAX},
  author={Nikulin, Alexander and Kurenkov, Vladislav and Zisman, Ilya and Agarkov, Artem and Sinii, Viacheslav and Kolesnikov, Sergey},
  journal={arXiv preprint arXiv:2312.12044},
  year={2023}
}

@misc{openai24o1,
  author = {OpenAI},
  title = {Learning to reason with LLMs},
  howpublished = {\url{https://openai.com/index/learning-to-reason-with-llms/}},
  year = {2024},
}

@inproceedings{pedersen2021evolving,
  title={Evolving and merging Hebbian learning rules: increasing generalization by decreasing the number of rules},
  author={Pedersen, Joachim Winther and Risi, Sebastian},
  booktitle={Proceedings of the Genetic and Evolutionary Computation Conference},
  pages={892--900},
  year={2021}
}

@inproceedings{peng2018sim,
  title={Sim-to-real transfer of robotic control with dynamics randomization},
  author={Peng, Xue Bin and Andrychowicz, Marcin and Zaremba, Wojciech and Abbeel, Pieter},
  booktitle={2018 IEEE international conference on robotics and automation (ICRA)},
  pages={3803--3810},
  year={2018},
  organization={IEEE}
}

@article{peng2022out,
  title={Out-of-domain generalization from a single source: An uncertainty quantification approach},
  author={Peng, Xi and Qiao, Fengchun and Zhao, Long},
  journal={IEEE Transactions on Pattern Analysis and Machine Intelligence},
  volume={46},
  number={3},
  pages={1775--1787},
  year={2022},
  publisher={IEEE}
}

@article{reed2022generalist,
  title={A Generalist Agent},
  author={Reed, Scott and Zolna, Konrad and Parisotto, Emilio and Colmenarejo, Sergio G{\'o}mez and Novikov, Alexander and Barth-maron, Gabriel and Gim{\'e}nez, Mai and Sulsky, Yury and Kay, Jackie and Springenberg, Jost Tobias and others},
  journal={Transactions on Machine Learning Research},
  year={2022}
}

@inproceedings{santoro2016meta,
  title={Meta-learning with memory-augmented neural networks},
  author={Santoro, Adam and Bartunov, Sergey and Botvinick, Matthew and Wierstra, Daan and Lillicrap, Timothy},
  booktitle={International conference on machine learning},
  pages={1842--1850},
  year={2016},
  organization={PMLR}
}

@article{singh2024transient,
  title={The transient nature of emergent in-context learning in transformers},
  author={Singh, Aaditya and Chan, Stephanie and Moskovitz, Ted and Grant, Erin and Saxe, Andrew and Hill, Felix},
  journal={Advances in Neural Information Processing Systems},
  volume={36},
  year={2024}
}

@inproceedings{siniicontext,
  title={In-Context Reinforcement Learning for Variable Action Spaces},
  author={Sinii, Viacheslav and Nikulin, Alexander and Kurenkov, Vladislav and Zisman, Ilya and Kolesnikov, Sergey},
  booktitle={Forty-first International Conference on Machine Learning}
}

@incollection{thrun1998learning,
  title={Learning to learn: Introduction and overview},
  author={Thrun, Sebastian and Pratt, Lorien},
  booktitle={Learning to learn},
  pages={3--17},
  year={1998},
  publisher={Springer}
}

@inproceedings{von2023transformers,
  title={Transformers learn in-context by gradient descent},
  author={Von Oswald, Johannes and Niklasson, Eyvind and Randazzo, Ettore and Sacramento, Jo{\~a}o and Mordvintsev, Alexander and Zhmoginov, Andrey and Vladymyrov, Max},
  booktitle={International Conference on Machine Learning},
  pages={35151--35174},
  year={2023},
  organization={PMLR}
}

@article{wang2022evolving,
  title={Evolving Decomposed Plasticity Rules for Information-Bottlenecked Meta-Learning},
  author={Wang, Fan and Tian, Hao and Xiong, Haoyi and Wu, Hua and Fu, Jie and Cao, Yang and Kang, Yu and Wang, Haifeng},
  journal={Transactions on Machine Learning Research},
  year={2022}
}

@article{wang2024benchmarking,
  title={Benchmarking General Purpose In-Context Learning},
  author={Wang, Fan and Lin, Chuan and Cao, Yang and Kang, Yu},
  journal={arXiv preprint arXiv:2405.17234},
  year={2024}
}

@article{wason1974dual,
  title={Dual processes in reasoning?},
  author={Wason, Peter C and Evans, J St BT},
  journal={Cognition},
  volume={3},
  number={2},
  pages={141--154},
  year={1974},
  publisher={Elsevier}
}

@article{wies2024learnability,
  title={The learnability of in-context learning},
  author={Wies, Noam and Levine, Yoav and Shashua, Amnon},
  journal={Advances in Neural Information Processing Systems},
  volume={36},
  year={2024}
}

@inproceedings{xieexplanation,
  title={An Explanation of In-context Learning as Implicit Bayesian Inference},
  author={Xie, Sang Michael and Raghunathan, Aditi and Liang, Percy and Ma, Tengyu},
  booktitle={International Conference on Learning Representations 2022}
}

@inproceedings{yu2020meta,
  title={Meta-world: A benchmark and evaluation for multi-task and meta reinforcement learning},
  author={Yu, Tianhe and Quillen, Deirdre and He, Zhanpeng and Julian, Ryan and Hausman, Karol and Finn, Chelsea and Levine, Sergey},
  booktitle={Conference on robot learning},
  pages={1094--1100},
  year={2020},
  organization={PMLR}
}

@inproceedings{zhang2021end,
  title={End-to-end urban driving by imitating a reinforcement learning coach},
  author={Zhang, Zhejun and Liniger, Alexander and Dai, Dengxin and Yu, Fisher and Van Gool, Luc},
  booktitle={Proceedings of the IEEE/CVF international conference on computer vision},
  pages={15222--15232},
  year={2021}
}

