@article{hu2022model,
  title={Model-based imitation learning for urban driving},
  author={Hu, Anthony and Corrado, Gianluca and Griffiths, Nicolas and Murez, Zachary and Gurau, Corina and Yeo, Hudson and Kendall, Alex and Cipolla, Roberto and Shotton, Jamie},
  journal={Advances in Neural Information Processing Systems},
  volume={35},
  pages={20703--20716},
  year={2022}
}

@article{reed2022generalist,
  title={A Generalist Agent},
  author={Reed, Scott and Zolna, Konrad and Parisotto, Emilio and Colmenarejo, Sergio G{\'o}mez and Novikov, Alexander and Barth-maron, Gabriel and Gim{\'e}nez, Mai and Sulsky, Yury and Kay, Jackie and Springenberg, Jost Tobias and others},
  journal={Transactions on Machine Learning Research},
  year={2022}
}

@article{coda2023meta,
  title={Meta-in-context learning in large language models},
  author={Coda-Forno, Julian and Binz, Marcel and Akata, Zeynep and Botvinick, Matt and Wang, Jane and Schulz, Eric},
  journal={Advances in Neural Information Processing Systems},
  volume={36},
  pages={65189--65201},
  year={2023}
}

@article{wang2022evolving,
  title={Evolving Decomposed Plasticity Rules for Information-Bottlenecked Meta-Learning},
  author={Wang, Fan and Tian, Hao and Xiong, Haoyi and Wu, Hua and Fu, Jie and Cao, Yang and Kang, Yu and Wang, Haifeng},
  journal={Transactions on Machine Learning Research},
  year={2022}
}

@inproceedings{tay2020long,
  title={Long Range Arena: A Benchmark for Efficient Transformers},
  author={Tay, Yi and Dehghani, Mostafa and Abnar, Samira and Shen, Yikang and Bahri, Dara and Pham, Philip and Rao, Jinfeng and Yang, Liu and Ruder, Sebastian and Metzler, Donald},
  booktitle={International Conference on Learning Representations},
  year={2020}
}

@inproceedings{santoro2016meta,
  title={Meta-learning with memory-augmented neural networks},
  author={Santoro, Adam and Bartunov, Sergey and Botvinick, Matthew and Wierstra, Daan and Lillicrap, Timothy},
  booktitle={International conference on machine learning},
  pages={1842--1850},
  year={2016},
  organization={PMLR}
}

@inproceedings{yu2020meta,
  title={Meta-world: A benchmark and evaluation for multi-task and meta reinforcement learning},
  author={Yu, Tianhe and Quillen, Deirdre and He, Zhanpeng and Julian, Ryan and Hausman, Karol and Finn, Chelsea and Levine, Sergey},
  booktitle={Conference on robot learning},
  pages={1094--1100},
  year={2020},
  organization={PMLR}
}

@article{brockman2016openai,
  title={Openai gym},
  author={Brockman, Greg and Cheung, Vicki and Pettersson, Ludwig and Schneider, Jonas and Schulman, John and Tang, Jie and Zaremba, Wojciech},
  journal={arXiv preprint arXiv:1606.01540},
  year={2016}
}

@inproceedings{li2023transformers,
  title={Transformers as algorithms: Generalization and stability in in-context learning},
  author={Li, Yingcong and Ildiz, Muhammed Emrullah and Papailiopoulos, Dimitris and Oymak, Samet},
  booktitle={International Conference on Machine Learning},
  pages={19565--19594},
  year={2023},
  organization={PMLR}
}

@article{su2024roformer,
  title={Roformer: Enhanced transformer with rotary position embedding},
  author={Su, Jianlin and Ahmed, Murtadha and Lu, Yu and Pan, Shengfeng and Bo, Wen and Liu, Yunfeng},
  journal={Neurocomputing},
  volume={568},
  pages={127063},
  year={2024},
  publisher={Elsevier}
}

@inproceedings{ross2010efficient,
  title={Efficient reductions for imitation learning},
  author={Ross, St{\'e}phane and Bagnell, Drew},
  booktitle={Proceedings of the thirteenth international conference on artificial intelligence and statistics},
  pages={661--668},
  year={2010},
  organization={JMLR Workshop and Conference Proceedings}
}

@inproceedings{ross2011reduction,
  title={A reduction of imitation learning and structured prediction to no-regret online learning},
  author={Ross, St{\'e}phane and Gordon, Geoffrey and Bagnell, Drew},
  booktitle={Proceedings of the fourteenth international conference on artificial intelligence and statistics},
  pages={627--635},
  year={2011},
  organization={JMLR Workshop and Conference Proceedings}
}

@inproceedings{mishra2018simple,
  title={A Simple Neural Attentive Meta-Learner},
  author={Mishra, Nikhil and Rohaninejad, Mostafa and Chen, Xi and Abbeel, Pieter},
  booktitle={International Conference on Learning Representations},
  year={2018}
}

@inproceedings{kirsch2023towards,
  title={Towards general-purpose in-context learning agents},
  author={Kirsch, Louis and Harrison, James and Freeman, Daniel and Sohl-Dickstein, Jascha and Schmidhuber, J{\"u}rgen},
  year={2023},
  organization={Workshop on Distribution Shifts, 37th Conference on Neural Information~â€¦}
}

@inproceedings{Chen2024LongCI,
  title={Long Context is Not Long at All: A Prospector of Long-Dependency Data for Large Language Models},
  author={Longze Chen and Ziqiang Liu and Wanwei He and Yunshui Li and Run Luo and Min Yang},
  year={2024},
  url={https://api.semanticscholar.org/CorpusID:270068255}
}

@article{min2021metaicl,
  title={Metaicl: Learning to learn in context},
  author={Min, Sewon and Lewis, Mike and Zettlemoyer, Luke and Hajishirzi, Hannaneh},
  journal={arXiv preprint arXiv:2110.15943},
  year={2021}
}

@inproceedings{laskin2022context,
  title={In-context Reinforcement Learning with Algorithm Distillation},
  author={Laskin, Michael and Wang, Luyu and Oh, Junhyuk and Parisotto, Emilio and Spencer, Stephen and Steigerwald, Richie and Strouse, DJ and Hansen, Steven Stenberg and Filos, Angelos and Brooks, Ethan and others},
  booktitle={NeurIPS 2022 Foundation Models for Decision Making Workshop},
  year={2022}
}

@article{lee2024supervised,
  title={Supervised pretraining can learn in-context reinforcement learning},
  author={Lee, Jonathan and Xie, Annie and Pacchiano, Aldo and Chandak, Yash and Finn, Chelsea and Nachum, Ofir and Brunskill, Emma},
  journal={Advances in Neural Information Processing Systems},
  volume={36},
  year={2024}
}

@article{morad2023popgym,
  title={Popgym: Benchmarking partially observable reinforcement learning},
  author={Morad, Steven and Kortvelesy, Ryan and Bettini, Matteo and Liwicki, Stephan and Prorok, Amanda},
  journal={arXiv preprint arXiv:2303.01859},
  year={2023}
}

@inproceedings{zisman2023emergence,
  title={Emergence of In-Context Reinforcement Learning from Noise Distillation},
  author={Zisman, Ilya and Kurenkov, Vladislav and Nikulin, Alexander and Sinii, Viacheslav and Kolesnikov, Sergey},
  booktitle={Forty-first International Conference on Machine Learning},
  year={2024}
}

@article{singh2024transient,
  title={The transient nature of emergent in-context learning in transformers},
  author={Singh, Aaditya and Chan, Stephanie and Moskovitz, Ted and Grant, Erin and Saxe, Andrew and Hill, Felix},
  journal={Advances in Neural Information Processing Systems},
  volume={36},
  year={2024}
}

@article{chan2022data,
  title={Data distributional properties drive emergent in-context learning in transformers},
  author={Chan, Stephanie and Santoro, Adam and Lampinen, Andrew and Wang, Jane and Singh, Aaditya and Richemond, Pierre and McClelland, James and Hill, Felix},
  journal={Advances in Neural Information Processing Systems},
  volume={35},
  pages={18878--18891},
  year={2022}
}

@article{wang2024benchmarking,
  title={Benchmarking General Purpose In-Context Learning},
  author={Wang, Fan and Lin, Chuan and Cao, Yang and Kang, Yu},
  journal={arXiv preprint arXiv:2405.17234},
  year={2024}
}

@article{wei2022emergent,
  title={Emergent Abilities of Large Language Models},
  author={Wei, Jason and Tay, Yi and Bommasani, Rishi and Raffel, Colin and Zoph, Barret and Borgeaud, Sebastian and Yogatama, Dani and Bosma, Maarten and Zhou, Denny and Metzler, Donald and others},
  journal={Transactions on Machine Learning Research},
  year={2022}
}

@inproceedings{peng2023rwkv,
  title={RWKV: Reinventing RNNs for the Transformer Era},
  author={Peng, Bo and Alcaide, Eric and Anthony, Quentin and Albalak, Alon and Arcadinho, Samuel and Biderman, Stella and Cao, Huanqi and Cheng, Xin and Chung, Michael and Derczynski, Leon and others},
  booktitle={Findings of the Association for Computational Linguistics: EMNLP 2023},
  pages={14048--14077},
  year={2023}
}

@inproceedings{chen2022meta,
  title={Meta-learning via Language Model In-context Tuning},
  author={Chen, Yanda and Zhong, Ruiqi and Zha, Sheng and Karypis, George and He, He},
  booktitle={60th Annual Meeting of the Association for Computational Linguistics, ACL 2022},
  pages={719--730},
  year={2022},
  organization={Association for Computational Linguistics (ACL)}
}

@inproceedings{finn2017model,
  title={Model-agnostic meta-learning for fast adaptation of deep networks},
  author={Finn, Chelsea and Abbeel, Pieter and Levine, Sergey},
  booktitle={International conference on machine learning},
  pages={1126--1135},
  year={2017},
  organization={PMLR}
}

@article{duan2016rl,
  title={Rl $\hat{} 2$: Fast reinforcement learning via slow reinforcement learning},
  author={Duan, Yan and Schulman, John and Chen, Xi and Bartlett, Peter L and Sutskever, Ilya and Abbeel, Pieter},
  journal={arXiv preprint arXiv:1611.02779},
  year={2016}
}

@inproceedings{grigsbyamago,
  title={AMAGO: Scalable In-Context Reinforcement Learning for Adaptive Agents},
  author={Grigsby, Jake and Fan, Linxi and Zhu, Yuke},
  booktitle={The Twelfth International Conference on Learning Representations}
}

@article{jiang2023mistral,
  title={Mistral 7B},
  author={Jiang, Albert Q and Sablayrolles, Alexandre and Mensch, Arthur and Bamford, Chris and Chaplot, Devendra Singh and Casas, Diego de las and Bressand, Florian and Lengyel, Gianna and Lample, Guillaume and Saulnier, Lucile and others},
  journal={arXiv preprint arXiv:2310.06825},
  year={2023}
}

@article{dai2018transformer,
  title={Transformer-xl: Language modeling with longer-term dependency},
  author={Dai, Zihang and Yang, Zhilin and Yang, Yiming and Cohen, William W and Carbonell, Jaime and Le, Quoc V and Salakhutdinov, Ruslan},
  year={2018}
}

@inproceedings{zhanggated,
  title={Gated Slot Attention for Efficient Linear-Time Sequence Modeling},
  author={Zhang, Yu and Yang, Songlin and Zhu, Rui-Jie and Zhang, Yue and Cui, Leyang and Wang, Yiqiao and Wang, Bolun and Shi, Freda and Wang, Bailin and Bi, Wei and others},
  booktitle={The Thirty-eighth Annual Conference on Neural Information Processing Systems}
}

@article{wies2024learnability,
  title={The learnability of in-context learning},
  author={Wies, Noam and Levine, Yoav and Shashua, Amnon},
  journal={Advances in Neural Information Processing Systems},
  volume={36},
  year={2024}
}

@article{kirsch2022general,
  title={General-purpose in-context learning by meta-learning transformers},
  author={Kirsch, Louis and Harrison, James and Sohl-Dickstein, Jascha and Metz, Luke},
  journal={arXiv preprint arXiv:2212.04458},
  year={2022}
}

@article{beltagy2020longformer,
  title={Longformer: The long-document transformer},
  author={Beltagy, Iz and Peters, Matthew E and Cohan, Arman},
  journal={arXiv preprint arXiv:2004.05150},
  year={2020}
}

@inproceedings{arndt2020meta,
  title={Meta reinforcement learning for sim-to-real domain adaptation},
  author={Arndt, Karol and Hazara, Murtaza and Ghadirzadeh, Ali and Kyrki, Ville},
  booktitle={2020 IEEE international conference on robotics and automation (ICRA)},
  pages={2725--2731},
  year={2020},
  organization={IEEE}
}

@inproceedings{peng2018sim,
  title={Sim-to-real transfer of robotic control with dynamics randomization},
  author={Peng, Xue Bin and Andrychowicz, Marcin and Zaremba, Wojciech and Abbeel, Pieter},
  booktitle={2018 IEEE international conference on robotics and automation (ICRA)},
  pages={3803--3810},
  year={2018},
  organization={IEEE}
}

@article{peng2022out,
  title={Out-of-domain generalization from a single source: An uncertainty quantification approach},
  author={Peng, Xi and Qiao, Fengchun and Zhao, Long},
  journal={IEEE Transactions on Pattern Analysis and Machine Intelligence},
  volume={46},
  number={3},
  pages={1775--1787},
  year={2022},
  publisher={IEEE}
}

@article{bellman1958dynamic,
  title={Dynamic programming},
  author={Bellman, Richard},
  journal={Chapter IX, Princeton University Press, Princeton, New Jersey},
  year={1958}
}

@article{gu2023mamba,
  title={Mamba: Linear-time sequence modeling with selective state spaces},
  author={Gu, Albert and Dao, Tri},
  journal={arXiv preprint arXiv:2312.00752},
  year={2023}
}

@article{peng2024eagle,
  title={Eagle and finch: Rwkv with matrix-valued states and dynamic recurrence},
  author={Peng, Bo and Goldstein, Daniel and Anthony, Quentin and Albalak, Alon and Alcaide, Eric and Biderman, Stella and Cheah, Eugene and Du, Xingjian and Ferdinan, Teddy and Hou, Haowen and others},
  journal={arXiv preprint arXiv:2404.05892},
  year={2024}
}

@inproceedings{zhang2021end,
  title={End-to-end urban driving by imitating a reinforcement learning coach},
  author={Zhang, Zhejun and Liniger, Alexander and Dai, Dengxin and Yu, Fisher and Van Gool, Luc},
  booktitle={Proceedings of the IEEE/CVF international conference on computer vision},
  pages={15222--15232},
  year={2021}
}

@article{najarro2020meta,
  title={Meta-learning through hebbian plasticity in random networks},
  author={Najarro, Elias and Risi, Sebastian},
  journal={Advances in Neural Information Processing Systems},
  volume={33},
  pages={20719--20731},
  year={2020}
}

@article{nikulin2023xland,
  title={XLand-minigrid: Scalable meta-reinforcement learning environments in JAX},
  author={Nikulin, Alexander and Kurenkov, Vladislav and Zisman, Ilya and Agarkov, Artem and Sinii, Viacheslav and Kolesnikov, Sergey},
  journal={arXiv preprint arXiv:2312.12044},
  year={2023}
}

@inproceedings{alegre2022mo,
  title={MO-Gym: A library of multi-objective reinforcement learning environments},
  author={Alegre, Lucas N and Felten, Florian and Talbi, El-Ghazali and Danoy, Gr{\'e}goire and Now{\'e}, Ann and Bazzan, Ana LC and da Silva, Bruno C},
  booktitle={Proceedings of the 34th Benelux Conference on Artificial Intelligence BNAIC/Benelearn},
  volume={2022},
  pages={2},
  year={2022}
}

@inproceedings{pedersen2021evolving,
  title={Evolving and merging Hebbian learning rules: increasing generalization by decreasing the number of rules},
  author={Pedersen, Joachim Winther and Risi, Sebastian},
  booktitle={Proceedings of the Genetic and Evolutionary Computation Conference},
  pages={892--900},
  year={2021}
}

@inproceedings{cobbe2020leveraging,
  title={Leveraging procedural generation to benchmark reinforcement learning},
  author={Cobbe, Karl and Hesse, Chris and Hilton, Jacob and Schulman, John},
  booktitle={International conference on machine learning},
  pages={2048--2056},
  year={2020},
  organization={PMLR}
}

@inproceedings{nikulinxland,
  title={XLand-MiniGrid: Scalable Meta-Reinforcement Learning Environments in JAX},
  author={Nikulin, Alexander and Kurenkov, Vladislav and Zisman, Ilya and Agarkov, Artem Sergeevich and Sinii, Viacheslav and Kolesnikov, Sergey},
  booktitle={ICML 2024 Workshop on Automated Reinforcement Learning: Exploring Meta-Learning, AutoML, and LLMs}
}

@inproceedings{siniicontext,
  title={In-Context Reinforcement Learning for Variable Action Spaces},
  author={Sinii, Viacheslav and Nikulin, Alexander and Kurenkov, Vladislav and Zisman, Ilya and Kolesnikov, Sergey},
  booktitle={Forty-first International Conference on Machine Learning}
}

@article{chen2021decision,
  title={Decision transformer: Reinforcement learning via sequence modeling},
  author={Chen, Lili and Lu, Kevin and Rajeswaran, Aravind and Lee, Kimin and Grover, Aditya and Laskin, Misha and Abbeel, Pieter and Srinivas, Aravind and Mordatch, Igor},
  journal={Advances in neural information processing systems},
  volume={34},
  pages={15084--15097},
  year={2021}
}

@article{lv2024decision,
  title={Decision Mamba: A Multi-Grained State Space Model with Self-Evolution Regularization for Offline RL},
  author={Lv, Qi and Deng, Xiang and Chen, Gongwei and Wang, Michael Yu and Nie, Liqiang},
  journal={arXiv preprint arXiv:2406.05427},
  year={2024}
}

@article{ota2024decision,
  title={Decision mamba: Reinforcement learning via sequence modeling with selective state spaces},
  author={Ota, Toshihiro},
  journal={arXiv preprint arXiv:2403.19925},
  year={2024}
}

@article{huang2024decision,
  title={Decision Mamba: Reinforcement Learning via Hybrid Selective Sequence Modeling},
  author={Huang, Sili and Hu, Jifeng and Yang, Zhejian and Yang, Liwei and Luo, Tao and Chen, Hechang and Sun, Lichao and Yang, Bo},
  journal={arXiv preprint arXiv:2406.00079},
  year={2024}
}

@article{vaswani2017attention,
  title={Attention is all you need},
  author={Vaswani, A},
  journal={Advances in Neural Information Processing Systems},
  year={2017}
}

@article{garg2022can,
  title={What can transformers learn in-context? a case study of simple function classes},
  author={Garg, Shivam and Tsipras, Dimitris and Liang, Percy S and Valiant, Gregory},
  journal={Advances in Neural Information Processing Systems},
  volume={35},
  pages={30583--30598},
  year={2022}
}

@inproceedings{fucontext,
  title={In-Context Imitation Learning via Next-Token Prediction},
  author={Fu, Letian and Huang, Huang and Datta, Gaurav and Chen, Lawrence Yunliang and Panitch, William Chung-Ho and Liu, Fangchen and Li, Hui and Goldberg, Ken},
  booktitle={1st Workshop on X-Embodiment Robot Learning}
}

@inproceedings{vosyliusfew,
  title={Few-Shot In-Context Imitation Learning via Implicit Graph Alignment},
  author={Vosylius, Vitalis and Johns, Edward},
  booktitle={7th Annual Conference on Robot Learning}
}

@article{brown2020language,
  title={Language models are few-shot learners},
  author={Brown, Tom and Mann, Benjamin and Ryder, Nick and Subbiah, Melanie and Kaplan, Jared D and Dhariwal, Prafulla and Neelakantan, Arvind and Shyam, Pranav and Sastry, Girish and Askell, Amanda and others},
  journal={Advances in neural information processing systems},
  volume={33},
  pages={1877--1901},
  year={2020}
}

@article{chen2021meta,
  title={Meta-learning via language model in-context tuning},
  author={Chen, Yanda and Zhong, Ruiqi and Zha, Sheng and Karypis, George and He, He},
  journal={arXiv preprint arXiv:2110.07814},
  year={2021}
}

@incollection{thrun1998learning,
  title={Learning to learn: Introduction and overview},
  author={Thrun, Sebastian and Pratt, Lorien},
  booktitle={Learning to learn},
  pages={3--17},
  year={1998},
  publisher={Springer}
}

@inproceedings{von2023transformers,
  title={Transformers learn in-context by gradient descent},
  author={Von Oswald, Johannes and Niklasson, Eyvind and Randazzo, Ettore and Sacramento, Jo{\~a}o and Mordvintsev, Alexander and Zhmoginov, Andrey and Vladymyrov, Max},
  booktitle={International Conference on Machine Learning},
  pages={35151--35174},
  year={2023},
  organization={PMLR}
}

@inproceedings{xieexplanation,
  title={An Explanation of In-context Learning as Implicit Bayesian Inference},
  author={Xie, Sang Michael and Raghunathan, Aditi and Liang, Percy and Ma, Tengyu},
  booktitle={International Conference on Learning Representations 2022}
}

@article{chan2022transformers,
  title={Transformers generalize differently from information stored in context vs in weights},
  author={Chan, Stephanie CY and Dasgupta, Ishita and Kim, Junkyung and Kumaran, Dharshan and Lampinen, Andrew K and Hill, Felix},
  journal={arXiv preprint arXiv:2210.05675},
  year={2022}
}

@article{towers2024gymnasium,
  title={Gymnasium: A standard interface for reinforcement learning environments},
  author={Towers, Mark and Kwiatkowski, Ariel and Terry, Jordan and Balis, John U and De Cola, Gianluca and Deleu, Tristan and Goul{\~a}o, Manuel and Kallinteris, Andreas and Krimmel, Markus and KG, Arjun and others},
  journal={arXiv preprint arXiv:2407.17032},
  year={2024}
}

@article{raffin2021stable,
  title={Stable-baselines3: Reliable reinforcement learning implementations},
  author={Raffin, Antonin and Hill, Ashley and Gleave, Adam and Kanervisto, Anssi and Ernestus, Maximilian and Dormann, Noah},
  journal={Journal of Machine Learning Research},
  volume={22},
  number={268},
  pages={1--8},
  year={2021}
}

@article{schulman2017proximal,
  title={Proximal policy optimization algorithms},
  author={Schulman, John and Wolski, Filip and Dhariwal, Prafulla and Radford, Alec and Klimov, Oleg},
  journal={arXiv preprint arXiv:1707.06347},
  year={2017}
}

@misc{openai24o1,
  author = {OpenAI},
  title = {Learning to reason with LLMs},
  howpublished = {\url{https://openai.com/index/learning-to-reason-with-llms/}},
  year = {2024},
}

@article{deepseek-llm,
  author = {DeepSeek-AI},
  title = {DeepSeek LLM: Scaling Open-Source Language Models with Longtermism},
  journal = {arXiv preprint arXiv:2401.02954},
  year = {2024},
  url = {https://github.com/deepseek-ai/DeepSeek-LLM}
}

@article{achiam2023gpt,
  title={Gpt-4 technical report},
  author={Achiam, Josh and Adler, Steven and Agarwal, Sandhini and Ahmad, Lama and Akkaya, Ilge and Aleman, Florencia Leoni and Almeida, Diogo and Altenschmidt, Janko and Altman, Sam and Anadkat, Shyamal and others},
  journal={arXiv preprint arXiv:2303.08774},
  year={2023}
}

@article{touvron2023llama,
  title={Llama: Open and efficient foundation language models},
  author={Touvron, Hugo and Lavril, Thibaut and Izacard, Gautier and Martinet, Xavier and Lachaux, Marie-Anne and Lacroix, Timoth{\'e}e and Rozi{\`e}re, Baptiste and Goyal, Naman and Hambro, Eric and Azhar, Faisal and others},
  journal={arXiv preprint arXiv:2302.13971},
  year={2023}
}

@article{driess2023palm,
  title={Palm-e: An embodied multimodal language model},
  author={Driess, Danny and Xia, Fei and Sajjadi, Mehdi SM and Lynch, Corey and Chowdhery, Aakanksha and Ichter, Brian and Wahid, Ayzaan and Tompson, Jonathan and Vuong, Quan and Yu, Tianhe and others},
  journal={arXiv preprint arXiv:2303.03378},
  year={2023}
}

@inproceedings{radford2021learning,
  title={Learning transferable visual models from natural language supervision},
  author={Radford, Alec and Kim, Jong Wook and Hallacy, Chris and Ramesh, Aditya and Goh, Gabriel and Agarwal, Sandhini and Sastry, Girish and Askell, Amanda and Mishkin, Pamela and Clark, Jack and others},
  booktitle={International conference on machine learning},
  pages={8748--8763},
  year={2021},
  organization={PMLR}
}

@article{dohare2024loss,
  title={Loss of plasticity in deep continual learning},
  author={Dohare, Shibhansh and Hernandez-Garcia, J Fernando and Lan, Qingfeng and Rahman, Parash and Mahmood, A Rupam and Sutton, Richard S},
  journal={Nature},
  volume={632},
  number={8026},
  pages={768--774},
  year={2024},
  publisher={Nature Publishing Group UK London}
}

@article{lior2024computation,
  title={Computation or Weight Adaptation? Rethinking the Role of Plasticity in Learning},
  author={Lior, Gili and Shalev, Yuval and Stanovsky, Gabriel and Goldstein, Ariel},
  journal={bioRxiv},
  pages={2024--03},
  year={2024},
  publisher={Cold Spring Harbor Laboratory}
}

@misc{magym,
      author = {Koul, Anurag},
      title = {ma-gym: Collection of multi-agent environments based on OpenAI gym.},
      year = {2019},
      publisher = {GitHub},
      journal = {GitHub repository},
      howpublished = {\url{https://github.com/koulanurag/ma-gym}},
    }

@article{kahneman2011thinking,
  title={Thinking, fast and slow},
  author={Kahneman, Daniel},
  journal={Farrar, Straus and Giroux},
  year={2011}
}

@article{wason1974dual,
  title={Dual processes in reasoning?},
  author={Wason, Peter C and Evans, J St BT},
  journal={Cognition},
  volume={3},
  number={2},
  pages={141--154},
  year={1974},
  publisher={Elsevier}
}