@inproceedings{adalora,
  title={Adaptive budget allocation for parameter-efficient fine-tuning},
  author={Zhang, Qingru and Chen, Minshuo and Bukharin, Alexander and He, Pengcheng and Cheng, Yu and Chen, Weizhu and Zhao, Tuo},
  booktitle={The Eleventh International Conference on Learning Representations},
  year={2023}
}

@article{balazy2024lora,
  title={LoRA-XS: Low-Rank Adaptation with Extremely Small Number of Parameters},
  author={Ba{\l}azy, Klaudia and Banaei, Mohammadreza and Aberer, Karl and Tabor, Jacek},
  journal={arXiv preprint arXiv:2405.17604},
  year={2024}
}

@article{dettmers2024qlora,
  title={Qlora: Efficient finetuning of quantized llms},
  author={Dettmers, Tim and Pagnoni, Artidoro and Holtzman, Ari and Zettlemoyer, Luke},
  journal={Advances in Neural Information Processing Systems},
  volume={36},
  year={2024}
}

@misc{doan2025bayesianlowranklearningbella,
      title={Bayesian Low-Rank LeArning (Bella): A Practical Approach to Bayesian Neural Networks}, 
      author={Bao Gia Doan and Afshar Shamsi and Xiao-Yu Guo and Arash Mohammadi and Hamid Alinejad-Rokny and Dino Sejdinovic and Damien Teney and Damith C. Ranasinghe and Ehsan Abbasnejad},
      year={2025},
      eprint={2407.20891},
      archivePrefix={arXiv},
      primaryClass={cs.LG},
      url={https://arxiv.org/abs/2407.20891}, 
}

@inproceedings{guo-etal-2021-parameter,
    title = "Parameter-Efficient Transfer Learning with Diff Pruning",
    author = "Guo, Demi  and
      Rush, Alexander  and
      Kim, Yoon",
    editor = "Zong, Chengqing  and
      Xia, Fei  and
      Li, Wenjie  and
      Navigli, Roberto",
    booktitle = "Proceedings of the 59th Annual Meeting of the Association for Computational Linguistics and the 11th International Joint Conference on Natural Language Processing (Volume 1: Long Papers)",
    month = aug,
    year = "2021",
    address = "Online",
    publisher = "Association for Computational Linguistics",
    url = "https://aclanthology.org/2021.acl-long.378/",
    doi = "10.18653/v1/2021.acl-long.378",
    pages = "4884--4896",
}

@inproceedings{houlsby2019parameter,
  title={Parameter-efficient transfer learning for NLP},
  author={Houlsby, Neil and Giurgiu, Andrei and Jastrzebski, Stanislaw and Morrone, Bruna and De Laroussilhe, Quentin and Gesmundo, Andrea and Attariyan, Mona and Gelly, Sylvain},
  booktitle={International conference on machine learning},
  pages={2790--2799},
  year={2019},
  organization={PMLR}
}

@article{hu2021lora,
  title={Lora: Low-rank adaptation of large language models},
  author={Hu, Edward J and Shen, Yelong and Wallis, Phillip and Allen-Zhu, Zeyuan and Li, Yuanzhi and Wang, Shean and Wang, Lu and Chen, Weizhu},
  journal={arXiv preprint arXiv:2106.09685},
  year={2021}
}

@article{kopiczko2023vera,
  title={Vera: Vector-based random matrix adaptation},
  author={Kopiczko, Dawid Jan and Blankevoort, Tijmen and Asano, Yuki Markus},
  journal={arXiv preprint arXiv:2310.11454},
  year={2023}
}

@article{lester2021power,
  title={The power of scale for parameter-efficient prompt tuning},
  author={Lester, Brian and Al-Rfou, Rami and Constant, Noah},
  journal={arXiv preprint arXiv:2104.08691},
  year={2021}
}

@article{li2021prefix,
  title={Prefix-tuning: Optimizing continuous prompts for generation},
  author={Li, Xiang Lisa and Liang, Percy},
  journal={arXiv preprint arXiv:2101.00190},
  year={2021}
}

@inproceedings{meo2024bayesianlora,
    title={Bayesian-Lo{RA}: Lo{RA} based Parameter Efficient Fine-Tuning using Optimal Quantization levels and Rank Values trough Differentiable Bayesian Gates},
    author={Cristian Meo and Ksenia Sycheva and Anirudh Goyal and Justin Dauwels}

@inproceedings{robeyns2024laplaceLora,
    author={Maxime Robeyns},
    title={Bayesian Low-Rank Adaptation for Large Language Models},
  booktitle={ICLR},
  year={2024}
}

@inproceedings{wang2024blob,
    title={{BL}oB: Bayesian Low-Rank Adaptation by Backpropagation for Large Language Models},
    author={Yibin Wang and Haizhou Shi and Ligong Han and Dimitris N. Metaxas and Hao Wang},
    booktitle={The Thirty-eighth Annual Conference on Neural Information Processing Systems},
    year={2024},
}

