@Article{Barron21,
  author        = "J. T. Barron",
  title         = "MIP-NERF: A Multiscale Representation for Anti-Aliasing Neural Radiance Fields",
  journal       = "arXiv.org",
  month         = mar,
  year          = 2021,
  url           = "https://arxiv.org/abs/2103.13415"
}

@Article{Garbin21,
  author        = "S. J. Garbin and M. Kowalski and M. S. Johnson and J. Shotton and J. Valentin",
  title         = "FastNERF: High-Fidelity Neural Rendering at 200FPS",
  journal       = "arXiv (Cornell University)",
  year          = 2021,
  doi           = "10.48550/arxiv.2103.10380",
  url           = "https://doi.org/10.48550/arxiv.2103.10380"
}

@Article{Kerbl23,
  author        = "B. Kerbl and G. Kopanas and T. Leimk√ºhler and G. Drettakis",
  title         = "3D Gaussian Splatting for Real-Time Radiance Field Rendering",
  journal       = "arXiv (Cornell University)",
  year          = 2023,
  doi           = "10.48550/arxiv.2308.04079",
  url           = "https://doi.org/10.48550/arxiv.2308.04079"
}

@Article{Knapitsch17,
  author        = "A. Knapitsch and J. Park and Q. Zhou and V. Koltun",
  title         = "Tanks and Temples",
  journal       = "ACM Transactions on Graphics",
  volume        = 36,
  number        = 4,
  pages         = "1--13",
  year          = 2017,
  doi           = "10.1145/3072959.3073599",
  url           = "https://doi.org/10.1145/3072959.3073599"
}

@Article{Mildenhall20,
  author        = "B. Mildenhall and P. P. Srinivasan and M. Tancik and J. T. Barron and R. Ramamoorthi and R. Ng",
  title         = "NeRF: Representing Scenes as Neural Radiance Fields for View Synthesis",
  journal       = "arXiv (Cornell University)",
  year          = 2020,
  doi           = "10.48550/arxiv.2003.08934",
  url           = "https://doi.org/10.48550/arxiv.2003.08934"
}

@Article{Piala21,
  author        = "M. Piala and R. J. Clark",
  title         = "TERMiNERF: Ray Termination Prediction for Efficient Neural Rendering",
  journal       = "arXiv (Cornell University)",
  year          = 2021,
  doi           = "10.48550/arxiv.2111.03643",
  url           = "https://doi.org/10.48550/arxiv.2111.03643"
}

@Article{Reiser21,
  author        = "C. Reiser and S. Peng and Y. Liao and A. Geiger",
  title         = "KiloNeRF: Speeding Up Neural Radiance Fields with Thousands of Tiny MLPs",
  journal       = "arXiv (Cornell University)",
  year          = 2021,
  doi           = "10.48550/arxiv.2103.13744",
  url           = "https://doi.org/10.48550/arxiv.2103.13744"
}

@Article{Yu21plenoctrees,
  author        = "A. C. L. Yu and R. Li and M. Tancik and H. Li and R. Ng and A. Kanazawa",
  title         = "PlenOctrees for Real-Time Rendering of Neural Radiance Fields",
  journal       = "arXiv (Cornell University)",
  year          = 2021,
  doi           = "10.48550/arxiv.2103.14024",
  url           = "https://doi.org/10.48550/arxiv.2103.14024"
}


%Inbook{Knuth97,
%  author =       "Donald E. Knuth",
%  title =        "The Art of Computer Programming",
%  booktitle =    "the booktitle",
%  edition =      "3",
%  volume =       "1",
%  year =         "1997",
%  publisher =    "Addison Wesley Longman Publishing Co., Inc.",
%  editor =       "",
%  number =       "",
%  series =       "Fundamental Algorithms",
%  type =         "",
%  chapter =      "",
%  pages =        "",
%  address =      "",
%  month =        "",
%  note =         "(inbook)",
%}

%INBOOK{DK:73-inbook-full,
%   author = "Donald E. Knuth",
%   title = "Fundamental Algorithms (inbook w series)",
%   volume = 1,
%   series = "The Art of Computer Programming",
%   publisher = "Addison-Wesley",
%   address = "Reading, Massachusetts",
%   edition = "Second",
%   month = "10~" # jan,
%   year = "1973",
%   type = "Section",
%   chapter = "1.2",
%   pages = "10--119",
%   note = "Full INBOOK entry (w series)",
%}

%INcollection{DK:74-incoll,
%   author = "Donald E. Knuth",
%   title = "Fundamental Algorithms (incoll)",
%   volume = 1,
%   booktitle = "The Art of Computer Programming",
%   publisher = "Addison-Wesley",
%   address = "Reading, Massachusetts",
%   month = "10~" # jan,
%   year = "1974",
%   pages = "10--119",
%   editor = "Bernard Rous",
%   note = "This is a full incoll entry with an editor",
%}

%INcollection{DK:75-incollws,
%   author = "Donald E. Knuth",
%   title = "Fundamental Algorithms (incoll w series)",
%   volume = 1,
%   booktitle = "The Art of Computer Programming",
%   series = "The Art of Computer Programming",
%   publisher = "Addison-Wesley",
%   address = "Reading, Massachusetts",
%   month = "10~" # jan,
%   year = "1975",
%   pages = "10--119",
%   editor = "Bernard Rous",
%   note = "This is a full incoll entry with an editor and series",
%}

