
% Journals

% First the Full Name is given, then the abbreviation used in the AMS Math
% Reviews, with an indication if it could not be found there.
% Note the 2nd overwrites the 1st, so swap them if you want the full name.

 %{AMS}
 @String{AMSTrans = "American Mathematical Society Translations" }
 @String{AMSTrans = "Amer. Math. Soc. Transl." }
 @String{BullAMS = "Bulletin of the American Mathematical Society" }
 @String{BullAMS = "Bull. Amer. Math. Soc." }
 @String{ProcAMS = "Proceedings of the American Mathematical Society" }
 @String{ProcAMS = "Proc. Amer. Math. Soc." }
 @String{TransAMS = "Transactions of the American Mathematical Society" }
 @String{TransAMS = "Trans. Amer. Math. Soc." }

 %ACM
 @String{CACM = "Communications of the {ACM}" }
 @String{CACM = "Commun. {ACM}" }
 @String{CompServ = "Comput. Surveys" }
 @String{JACM = "J. ACM" }
 @String{ACMMathSoft = "{ACM} Transactions on Mathematical Software" }
 @String{ACMMathSoft = "{ACM} Trans. Math. Software" }
 @String{SIGNUM = "{ACM} {SIGNUM} Newsletter" }
 @String{SIGNUM = "{ACM} {SIGNUM} Newslett." }

 @String{AmerSocio = "American Journal of Sociology" }
 @String{AmerStatAssoc = "Journal of the American Statistical Association" }
 @String{AmerStatAssoc = "J. Amer. Statist. Assoc." }
 @String{ApplMathComp = "Applied Mathematics and Computation" }
 @String{ApplMathComp = "Appl. Math. Comput." }
 @String{AmerMathMonthly = "American Mathematical Monthly" }
 @String{AmerMathMonthly = "Amer. Math. Monthly" }
 @String{BIT = "{BIT}" }
 @String{BritStatPsych = "British Journal of Mathematical and Statistical
          Psychology" }
 @String{BritStatPsych = "Brit. J. Math. Statist. Psych." }
 @String{CanMathBull = "Canadian Mathematical Bulletin" }
 @String{CanMathBull = "Canad. Math. Bull." }
 @String{CompApplMath = "Journal of Computational and Applied Mathematics" }
 @String{CompApplMath = "J. Comput. Appl. Math." }
 @String{CompPhys = "Journal of Computational Physics" }
 @String{CompPhys = "J. Comput. Phys." }
 @String{CompStruct = "Computers and Structures" }
 @String{CompStruct = "Comput. \& Structures" }
 @String{CompJour = "The Computer Journal" }
 @String{CompJour = "Comput. J." }
 @String{CompSysSci = "Journal of Computer and System Sciences" }
 @String{CompSysSci = "J. Comput. System Sci." }
 @String{Computing = "Computing" }
 @String{ContempMath = "Contemporary Mathematics" }
 @String{ContempMath = "Contemp. Math." }
 @String{Crelle = "Crelle's Journal" }
 @String{GiornaleMath = "Giornale di Mathematiche" }
 @String{GiornaleMath = "Giorn. Mat." } % didn't find in AMS MR., ibid.

 %IEEE
 @String{Computer = "{IEEE} Computer" }
 @String{IEEETransComp = "{IEEE} Transactions on Computers" }
 @String{IEEETransComp = "{IEEE} Trans. Comput." }
 @String{IEEETransAC = "{IEEE} Transactions on Automatic Control" }
 @String{IEEETransAC = "{IEEE} Trans. Automat. Control" }
 @String{IEEESpec = "{IEEE} Spectrum" } % didn't find in AMS MR
 @String{ProcIEEE = "Proceedings of the {IEEE}" }
 @String{ProcIEEE = "Proc. {IEEE}" } % didn't find in AMS MR
 @String{IEEETransAeroElec = "{IEEE} Transactions on Aerospace and Electronic
     Systems" }
 @String{IEEETransAeroElec = "{IEEE} Trans. Aerospace Electron. Systems" }

 @String{IMANumerAna = "{IMA} Journal of Numerical Analysis" }
 @String{IMANumerAna = "{IMA} J. Numer. Anal." }
 @String{InfProcLet = "Information Processing Letters" }
 @String{InfProcLet = "Inform. Process. Lett." }
 @String{InstMathApp = "Journal of the Institute of Mathematics and
     its Applications" }
 @String{InstMathApp = "J. Inst. Math. Appl." }
 @String{IntControl = "International Journal of Control" }
 @String{IntControl = "Internat. J. Control" }
 @String{IntNumerEng = "International Journal for Numerical Methods in
     Engineering" }
 @String{IntNumerEng = "Internat. J. Numer. Methods Engrg." }
 @String{IntSuper = "International Journal of Supercomputing Applications" }
 @String{IntSuper = "Internat. J. Supercomputing Applic." } % didn't find
%% in AMS MR
 @String{Kibernetika = "Kibernetika" }
 @String{JResNatBurStand = "Journal of Research of the National Bureau
     of Standards" }
 @String{JResNatBurStand = "J. Res. Nat. Bur. Standards" }
 @String{LinAlgApp = "Linear Algebra and its Applications" }
 @String{LinAlgApp = "Linear Algebra Appl." }
 @String{MathAnaAppl = "Journal of Mathematical Analysis and Applications" }
 @String{MathAnaAppl = "J. Math. Anal. Appl." }
 @String{MathAnnalen = "Mathematische Annalen" }
 @String{MathAnnalen = "Math. Ann." }
 @String{MathPhys = "Journal of Mathematical Physics" }
 @String{MathPhys = "J. Math. Phys." }
 @String{MathComp = "Mathematics of Computation" }
 @String{MathComp = "Math. Comp." }
 @String{MathScand = "Mathematica Scandinavica" }
 @String{MathScand = "Math. Scand." }
 @String{TablesAidsComp = "Mathematical Tables and Other Aids to Computation" }
 @String{TablesAidsComp = "Math. Tables Aids Comput." }
 @String{NumerMath = "Numerische Mathematik" }
 @String{NumerMath = "Numer. Math." }
 @String{PacificMath = "Pacific Journal of Mathematics" }
 @String{PacificMath = "Pacific J. Math." }
 @String{ParDistComp = "Journal of Parallel and Distributed Computing" }
 @String{ParDistComp = "J. Parallel and Distrib. Comput." } % didn't find
%% in AMS MR
 @String{ParComputing = "Parallel Computing" }
 @String{ParComputing = "Parallel Comput." }
 @String{PhilMag = "Philosophical Magazine" }
 @String{PhilMag = "Philos. Mag." }
 @String{ProcNAS = "Proceedings of the National Academy of Sciences
                    of the USA" }
 @String{ProcNAS = "Proc. Nat. Acad. Sci. U. S. A." }
 @String{Psychometrika = "Psychometrika" }
 @String{QuartMath = "Quarterly Journal of Mathematics, Oxford, Series (2)" }
 @String{QuartMath = "Quart. J. Math. Oxford Ser. (2)" }
 @String{QuartApplMath = "Quarterly of Applied Mathematics" }
 @String{QuartApplMath = "Quart. Appl. Math." }
 @String{RevueInstStat = "Review of the International Statisical Institute" }
 @String{RevueInstStat = "Rev. Inst. Internat. Statist." }

 %SIAM
 @String{JSIAM = "Journal of the Society for Industrial and Applied
     Mathematics" }
 @String{JSIAM = "J. Soc. Indust. Appl. Math." }
 @String{JSIAMB = "Journal of the Society for Industrial and Applied
     Mathematics, Series B, Numerical Analysis" }
 @String{JSIAMB = "J. Soc. Indust. Appl. Math. Ser. B Numer. Anal." }
 @String{SIAMAlgMeth = "{SIAM} Journal on Algebraic and Discrete Methods" }
 @String{SIAMAlgMeth = "{SIAM} J. Algebraic Discrete Methods" }
 @String{SIAMAppMath = "{SIAM} Journal on Applied Mathematics" }
 @String{SIAMAppMath = "{SIAM} J. Appl. Math." }
 @String{SIAMComp = "{SIAM} Journal on Computing" }
 @String{SIAMComp = "{SIAM} J. Comput." }
 @String{SIAMMatrix = "{SIAM} Journal on Matrix Analysis and Applications" }
 @String{SIAMMatrix = "{SIAM} J. Matrix Anal. Appl." }
 @String{SIAMNumAnal = "{SIAM} Journal on Numerical Analysis" }
 @String{SIAMNumAnal = "{SIAM} J. Numer. Anal." }
 @String{SIAMReview = "{SIAM} Review" }
 @String{SIAMReview = "{SIAM} Rev." }
 @String{SIAMSciStat = "{SIAM} Journal on Scientific and Statistical
     Computing" }
 @String{SIAMSciStat = "{SIAM} J. Sci. Statist. Comput." }

 @String{SoftPracExp = "Software Practice and Experience" }
 @String{SoftPracExp = "Software Prac. Experience" } % didn't find in AMS MR
 @String{StatScience = "Statistical Science" }
 @String{StatScience = "Statist. Sci." }
 @String{Techno = "Technometrics" }
 @String{USSRCompMathPhys = "{USSR} Computational Mathematics and Mathematical
     Physics" }
 @String{USSRCompMathPhys = "{U. S. S. R.} Comput. Math. and Math. Phys." }
 @String{VLSICompSys = "Journal of {VLSI} and Computer Systems" }
 @String{VLSICompSys = "J. {VLSI} Comput. Syst." }
 @String{ZAngewMathMech = "Zeitschrift fur Angewandte Mathematik und
     Mechanik" }
 @String{ZAngewMathMech = "Z. Angew. Math. Mech." }
 @String{ZAngewMathPhys = "Zeitschrift fur Angewandte Mathematik und Physik" }
 @String{ZAngewMathPhys = "Z. Angew. Math. Phys." }

% Publishers % ================================================= |

 @String{Academic = "Academic Press" }
 @String{ACMPress = "{ACM} Press" }
 @String{AdamHilger = "Adam Hilger" }
 @String{AddisonWesley = "Addison-Wesley" }
 @String{AllynBacon = "Allyn and Bacon" }
 @String{AMS = "American Mathematical Society" }
 @String{Birkhauser = "Birkh{\"a}user" }
 @String{CambridgePress = "Cambridge University Press" }
 @String{Chelsea = "Chelsea" }
 @String{ClaredonPress = "Claredon Press" }
 @String{DoverPub = "Dover Publications" }
 @String{Eyolles = "Eyolles" }
 @String{HoltRinehartWinston = "Holt, Rinehart and Winston" }
 @String{Interscience = "Interscience" }
 @String{JohnsHopkinsPress = "The Johns Hopkins University Press" }
 @String{JohnWileySons = "John Wiley and Sons" }
 @String{Macmillan = "Macmillan" }
 @String{MathWorks = "The Math Works Inc." }
 @String{McGrawHill = "McGraw-Hill" }
 @String{NatBurStd = "National Bureau of Standards" }
 @String{NorthHolland = "North-Holland" }
 @String{OxfordPress = "Oxford University Press" }  %address Oxford or London?
 @String{PergamonPress = "Pergamon Press" }
 @String{PlenumPress = "Plenum Press" }
 @String{PrenticeHall = "Prentice-Hall" }
 @String{SIAMPub = "{SIAM} Publications" }
 @String{Springer = "Springer-Verlag" }
 @String{TexasPress = "University of Texas Press" }
 @String{VanNostrand = "Van Nostrand" }
 @String{WHFreeman = "W. H. Freeman and Co." }

%Entries

@Article{Aliev19,
  author        = "K. Aliev and A. Sevastopolsky and M. Kolos and D. Ulyanov and V. Lempitsky",
  title         = "Neural Point-Based Graphics",
  journal       = "arXiv (Cornell University)",
  year          = 2019,
  doi           = "10.48550/arxiv.1906.08240",
  url           = "https://doi.org/10.48550/arxiv.1906.08240"
}

@Article{Barron21,
  author        = "J. T. Barron",
  title         = "MIP-NERF: A Multiscale Representation for Anti-Aliasing Neural Radiance Fields",
  journal       = "arXiv.org",
  month         = mar,
  year          = 2021,
  url           = "https://arxiv.org/abs/2103.13415"
}

@Article{Chen22,
  author        = "Z. Chen and T. Funkhouser and P. Hedman and A. Tagliasacchi",
  title         = "MobileNERF: Exploiting the Polygon Rasterization Pipeline for Efficient Neural Field Rendering on Mobile Architectures",
  journal       = "arXiv (Cornell University)",
  year          = 2022,
  doi           = "10.48550/arxiv.2208.00277",
  url           = "https://doi.org/10.48550/arxiv.2208.00277"
}

@Article{Garbin21,
  author        = "S. J. Garbin and M. Kowalski and M. S. Johnson and J. Shotton and J. Valentin",
  title         = "FastNERF: High-Fidelity Neural Rendering at 200FPS",
  journal       = "arXiv (Cornell University)",
  year          = 2021,
  doi           = "10.48550/arxiv.2103.10380",
  url           = "https://doi.org/10.48550/arxiv.2103.10380"
}

@Article{Kerbl23,
  author        = "B. Kerbl and G. Kopanas and T. Leimkühler and G. Drettakis",
  title         = "3D Gaussian Splatting for Real-Time Radiance Field Rendering",
  journal       = "arXiv (Cornell University)",
  year          = 2023,
  doi           = "10.48550/arxiv.2308.04079",
  url           = "https://doi.org/10.48550/arxiv.2308.04079"
}

@Article{Knapitsch17,
  author        = "A. Knapitsch and J. Park and Q. Zhou and V. Koltun",
  title         = "Tanks and Temples",
  journal       = "ACM Transactions on Graphics",
  volume        = 36,
  number        = 4,
  pages         = "1--13",
  year          = 2017,
  doi           = "10.1145/3072959.3073599",
  url           = "https://doi.org/10.1145/3072959.3073599"
}

@Article{Mildenhall20,
  author        = "B. Mildenhall and P. P. Srinivasan and M. Tancik and J. T. Barron and R. Ramamoorthi and R. Ng",
  title         = "NeRF: Representing Scenes as Neural Radiance Fields for View Synthesis",
  journal       = "arXiv (Cornell University)",
  year          = 2020,
  doi           = "10.48550/arxiv.2003.08934",
  url           = "https://doi.org/10.48550/arxiv.2003.08934"
}

@Article{Park19,
  author        = "J. J. Park and P. Florence and J. Straub and R. Newcombe and S. Lovegrove",
  title         = "DeepSDF: Learning Continuous Signed Distance Functions for Shape Representation",
  journal       = "arXiv (Cornell University)",
  year          = 2019,
  doi           = "10.48550/arxiv.1901.05103",
  url           = "https://doi.org/10.48550/arxiv.1901.05103"
}

@Article{Piala21,
  author        = "M. Piala and R. J. Clark",
  title         = "TERMiNERF: Ray Termination Prediction for Efficient Neural Rendering",
  journal       = "arXiv (Cornell University)",
  year          = 2021,
  doi           = "10.48550/arxiv.2111.03643",
  url           = "https://doi.org/10.48550/arxiv.2111.03643"
}

@Article{Reiser21,
  author        = "C. Reiser and S. Peng and Y. Liao and A. Geiger",
  title         = "KiloNeRF: Speeding Up Neural Radiance Fields with Thousands of Tiny MLPs",
  journal       = "arXiv (Cornell University)",
  year          = 2021,
  doi           = "10.48550/arxiv.2103.13744",
  url           = "https://doi.org/10.48550/arxiv.2103.13744"
}

@InProceedings{Seitz02,
  author        = "S. M. Seitz and C. R. Dyer",
  title         = "Photorealistic Scene Reconstruction by Voxel Coloring",
  booktitle     = "Proceedings of IEEE Computer Society Conference on Computer Vision and Pattern Recognition",
  year          = 2002,
  doi           = "10.1109/cvpr.1997.609462",
  url           = "https://doi.org/10.1109/cvpr.1997.609462"
}

@Article{Yu21plenoxels,
  author        = "A. Yu and S. Fridovich-Keil and M. Tancik and Q. Chen and B. Recht and A. Kanazawa",
  title         = "Plenoxels: Radiance Fields Without Neural Networks",
  journal       = "arXiv (Cornell University)",
  year          = 2021,
  doi           = "10.48550/arxiv.2112.05131",
  url           = "https://doi.org/10.48550/arxiv.2112.05131"
}

@Article{Yu21plenoctrees,
  author        = "A. C. L. Yu and R. Li and M. Tancik and H. Li and R. Ng and A. Kanazawa",
  title         = "PlenOctrees for Real-Time Rendering of Neural Radiance Fields",
  journal       = "arXiv (Cornell University)",
  year          = 2021,
  doi           = "10.48550/arxiv.2103.14024",
  url           = "https://doi.org/10.48550/arxiv.2103.14024"
}


%Inbook{Knuth97,
%  author =       "Donald E. Knuth",
%  title =        "The Art of Computer Programming",
%  booktitle =    "the booktitle",
%  edition =      "3",
%  volume =       "1",
%  year =         "1997",
%  publisher =    "Addison Wesley Longman Publishing Co., Inc.",
%  editor =       "",
%  number =       "",
%  series =       "Fundamental Algorithms",
%  type =         "",
%  chapter =      "",
%  pages =        "",
%  address =      "",
%  month =        "",
%  note =         "(inbook)",
%}

%INBOOK{DK:73-inbook-full,
%   author = "Donald E. Knuth",
%   title = "Fundamental Algorithms (inbook w series)",
%   volume = 1,
%   series = "The Art of Computer Programming",
%   publisher = "Addison-Wesley",
%   address = "Reading, Massachusetts",
%   edition = "Second",
%   month = "10~" # jan,
%   year = "1973",
%   type = "Section",
%   chapter = "1.2",
%   pages = "10--119",
%   note = "Full INBOOK entry (w series)",
%}

%INcollection{DK:74-incoll,
%   author = "Donald E. Knuth",
%   title = "Fundamental Algorithms (incoll)",
%   volume = 1,
%   booktitle = "The Art of Computer Programming",
%   publisher = "Addison-Wesley",
%   address = "Reading, Massachusetts",
%   month = "10~" # jan,
%   year = "1974",
%   pages = "10--119",
%   editor = "Bernard Rous",
%   note = "This is a full incoll entry with an editor",
%}

%INcollection{DK:75-incollws,
%   author = "Donald E. Knuth",
%   title = "Fundamental Algorithms (incoll w series)",
%   volume = 1,
%   booktitle = "The Art of Computer Programming",
%   series = "The Art of Computer Programming",
%   publisher = "Addison-Wesley",
%   address = "Reading, Massachusetts",
%   month = "10~" # jan,
%   year = "1975",
%   pages = "10--119",
%   editor = "Bernard Rous",
%   note = "This is a full incoll entry with an editor and series",
%}


@article{aliev2019neural,
  author    = {K. Aliev and A. Sevastopolsky and M. Kolos and D. Ulyanov and V. Lempitsky},
  title     = {Neural Point-Based Graphics},
  journal   = {arXiv (Cornell University)},
  year      = {2019},
  doi       = {10.48550/arxiv.1906.08240},
  url       = {https://doi.org/10.48550/arxiv.1906.08240}
}

@article{barron2021mip,
  author    = {J. T. Barron},
  title     = {MIP-NERF: A Multiscale Representation for Anti-Aliasing Neural Radiance Fields},
  journal   = {arXiv.org},
  year      = {2021},
  month     = {March},
  url       = {https://arxiv.org/abs/2103.13415}
}

@article{chen2022mobilenerf,
  author    = {Z. Chen and T. Funkhouser and P. Hedman and A. Tagliasacchi},
  title     = {MobileNERF: Exploiting the Polygon Rasterization Pipeline for Efficient Neural Field Rendering on Mobile Architectures},
  journal   = {arXiv (Cornell University)},
  year      = {2022},
  doi       = {10.48550/arxiv.2208.00277},
  url       = {https://doi.org/10.48550/arxiv.2208.00277}
}

@article{garbin2021fastnerf,
  author    = {S. J. Garbin and M. Kowalski and M. S. Johnson and J. Shotton and J. Valentin},
  title     = {FastNERF: High-Fidelity Neural Rendering at 200FPS},
  journal   = {arXiv (Cornell University)},
  year      = {2021},
  doi       = {10.48550/arxiv.2103.10380},
  url       = {https://doi.org/10.48550/arxiv.2103.10380}
}

@article{kerbl2023gaussian,
  author    = {B. Kerbl and G. Kopanas and T. Leimkühler and G. Drettakis},
  title     = {3D Gaussian Splatting for Real-Time Radiance Field Rendering},
  journal   = {arXiv (Cornell University)},
  year      = {2023},
  doi       = {10.48550/arxiv.2308.04079},
  url       = {https://doi.org/10.48550/arxiv.2308.04079}
}

@article{knapitsch2017tanks,
  author    = {A. Knapitsch and J. Park and Q. Zhou and V. Koltun},
  title     = {Tanks and Temples},
  journal   = {ACM Transactions on Graphics},
  volume    = {36},
  number    = {4},
  pages     = {1--13},
  year      = {2017},
  doi       = {10.1145/3072959.3073599},
  url       = {https://doi.org/10.1145/3072959.3073599}
}

@article{mildenhall2020nerf,
  author    = {B. Mildenhall and P. P. Srinivasan and M. Tancik and J. T. Barron and R. Ramamoorthi and R. Ng},
  title     = {NeRF: Representing Scenes as Neural Radiance Fields for View Synthesis},
  journal   = {arXiv (Cornell University)},
  year      = {2020},
  doi       = {10.48550/arxiv.2003.08934},
  url       = {https://doi.org/10.48550/arxiv.2003.08934}
}

@article{park2019deepsdf,
  author    = {J. J. Park and P. Florence and J. Straub and R. Newcombe and S. Lovegrove},
  title     = {DeepSDF: Learning Continuous Signed Distance Functions for Shape Representation},
  journal   = {arXiv (Cornell University)},
  year      = {2019},
  doi       = {10.48550/arxiv.1901.05103},
  url       = {https://doi.org/10.48550/arxiv.1901.05103}
}

@article{piala2021terminerf,
  author    = {M. Piala and R. J. Clark},
  title     = {TERMiNERF: Ray Termination Prediction for Efficient Neural Rendering},
  journal   = {arXiv (Cornell University)},
  year      = {2021},
  doi       = {10.48550/arxiv.2111.03643},
  url       = {https://doi.org/10.48550/arxiv.2111.03643}
}

@article{reiser2021kilonerf,
  author    = {C. Reiser and S. Peng and Y. Liao and A. Geiger},
  title     = {KiloNeRF: Speeding Up Neural Radiance Fields with Thousands of Tiny MLPs},
  journal   = {arXiv (Cornell University)},
  year      = {2021},
  doi       = {10.48550/arxiv.2103.13744},
  url       = {https://doi.org/10.48550/arxiv.2103.13744}
}

@inproceedings{seitz2002photorealistic,
  author    = {S. M. Seitz and C. R. Dyer},
  title     = {Photorealistic Scene Reconstruction by Voxel Coloring},
  booktitle = {Proceedings of IEEE Computer Society Conference on Computer Vision and Pattern Recognition},
  year      = {2002},
  doi       = {10.1109/cvpr.1997.609462},
  url       = {https://doi.org/10.1109/cvpr.1997.609462}
}

@article{yu2021plenoxels,
  author    = {A. Yu and S. Fridovich-Keil and M. Tancik and Q. Chen and B. Recht and A. Kanazawa},
  title     = {Plenoxels: Radiance Fields Without Neural Networks},
  journal   = {arXiv (Cornell University)},
  year      = {2021},
  doi       = {10.48550/arxiv.2112.05131},
  url       = {https://doi.org/10.48550/arxiv.2112.05131}
}

@article{yu2021plenoctrees,
  author    = {A. C. L. Yu and R. Li and M. Tancik and H. Li and R. Ng and A. Kanazawa},
  title     = {PlenOctrees for Real-Time Rendering of Neural Radiance Fields},
  journal   = {arXiv (Cornell University)},
  year      = {2021},
  doi       = {10.48550/arxiv.2103.14024},
  url       = {https://doi.org/10.48550/arxiv.2103.14024}
}
