@inproceedings{bose2022sailfish,
  title={Sailfish: Vetting smart contract state-inconsistency bugs in seconds},
  author={Bose, Priyanka and Das, Dipanjan and Chen, Yanju and Feng, Yu and Kruegel, Christopher and Vigna, Giovanni},
  booktitle={2022 IEEE Symposium on Security and Privacy (SP)},
  pages={161--178},
  year={2022},
  organization={IEEE}
}

@inproceedings{brent2020ethainter,
  title={Ethainter: a smart contract security analyzer for composite vulnerabilities},
  author={Brent, Lexi and Grech, Neville and Lagouvardos, Sifis and Scholz, Bernhard and Smaragdakis, Yannis},
  booktitle={Proceedings of the 41st ACM SIGPLAN Conference on Programming Language Design and Implementation},
  pages={454--469},
  year={2020}
}

@inproceedings{chen2024flashsyn,
  title={Flashsyn: Flash loan attack synthesis via counter example driven approximation},
  author={Chen, Zhiyang and Beillahi, Sidi Mohamed and Long, Fan},
  booktitle={Proceedings of the IEEE/ACM 46th International Conference on Software Engineering},
  pages={1--13},
  year={2024}
}

@inproceedings{choi2021smartian,
  title={Smartian: Enhancing smart contract fuzzing with static and dynamic data-flow analyses},
  author={Choi, Jaeseung and Kim, Doyeon and Kim, Soomin and Grieco, Gustavo and Groce, Alex and Cha, Sang Kil},
  booktitle={2021 36th IEEE/ACM International Conference on Automated Software Engineering (ASE)},
  pages={227--239},
  year={2021},
  organization={IEEE}
}

@inproceedings{feist2019slither,
  title={Slither: a static analysis framework for smart contracts},
  author={Feist, Josselin and Grieco, Gustavo and Groce, Alex},
  booktitle={2019 IEEE/ACM 2nd International Workshop on Emerging Trends in Software Engineering for Blockchain (WETSEB)},
  pages={8--15},
  year={2019},
  organization={IEEE}
}

@misc{forta,
    year = 2024,
    title = "Forta",
    howpublished = "\url{https://forta.org/blog/how-fortas-predictive-ml-models-detect-attacks-before-exploitation/}",
}

@inproceedings{frank2020ethbmc,
  title={$\{$ETHBMC$\}$: A bounded model checker for smart contracts},
  author={Frank, Joel and Aschermann, Cornelius and Holz, Thorsten},
  booktitle={29th USENIX Security Symposium (USENIX Security 20)},
  pages={2757--2774},
  year={2020}
}

@article{grech2018madmax,
  title={Madmax: Surviving out-of-gas conditions in ethereum smart contracts},
  author={Grech, Neville and Kong, Michael and Jurisevic, Anton and Brent, Lexi and Scholz, Bernhard and Smaragdakis, Yannis},
  journal={Proceedings of the ACM on Programming Languages},
  volume={2},
  number={OOPSLA},
  pages={1--27},
  year={2018},
  publisher={ACM New York, NY, USA}
}

@inproceedings{grech2019gigahorse,
  title={Gigahorse: thorough, declarative decompilation of smart contracts},
  author={Grech, Neville and Brent, Lexi and Scholz, Bernhard and Smaragdakis, Yannis},
  booktitle={2019 IEEE/ACM 41st International Conference on Software Engineering (ICSE)},
  pages={1176--1186},
  year={2019},
  organization={IEEE}
}

@article{grech2022elipmoc,
  title={Elipmoc: advanced decompilation of ethereum smart contracts},
  author={Grech, Neville and Lagouvardos, Sifis and Tsatiris, Ilias and Smaragdakis, Yannis},
  journal={Proceedings of the ACM on Programming Languages},
  volume={6},
  number={OOPSLA1},
  pages={1--27},
  year={2022},
  publisher={ACM New York, NY, USA}
}

@inproceedings{grieco2020echidna,
  title={Echidna: effective, usable, and fast fuzzing for smart contracts},
  author={Grieco, Gustavo and Song, Will and Cygan, Artur and Feist, Josselin and Groce, Alex},
  booktitle={Proceedings of the 29th ACM SIGSOFT international symposium on software testing and analysis},
  pages={557--560},
  year={2020}
}

@inproceedings{he2019learning,
  title={Learning to fuzz from symbolic execution with application to smart contracts},
  author={He, Jingxuan and Balunovi{\'c}, Mislav and Ambroladze, Nodar and Tsankov, Petar and Vechev, Martin},
  booktitle={Proceedings of the 2019 ACM SIGSAC conference on computer and communications security},
  pages={531--548},
  year={2019}
}

@inproceedings{he2021eosafe,
  title={$\{$EOSAFE$\}$: security analysis of $\{$EOSIO$\}$ smart contracts},
  author={He, Ningyu and Zhang, Ruiyi and Wang, Haoyu and Wu, Lei and Luo, Xiapu and Guo, Yao and Yu, Ting and Jiang, Xuxian},
  booktitle={30th USENIX security symposium (USENIX Security 21)},
  pages={1271--1288},
  year={2021}
}

@article{he2024large,
  title={Large language models for blockchain security: A systematic literature review},
  author={He, Zheyuan and Li, Zihao and Yang, Sen},
  journal={arXiv preprint arXiv:2403.14280},
  year={2024}
}

@inproceedings{jiang2018contractfuzzer,
  title={Contractfuzzer: Fuzzing smart contracts for vulnerability detection},
  author={Jiang, Bo and Liu, Ye and Chan, Wing Kwong},
  booktitle={Proceedings of the 33rd ACM/IEEE international conference on automated software engineering},
  pages={259--269},
  year={2018}
}

@inproceedings{kong2023defitainter,
  title={Defitainter: Detecting price manipulation vulnerabilities in defi protocols},
  author={Kong, Queping and Chen, Jiachi and Wang, Yanlin and Jiang, Zigui and Zheng, Zibin},
  booktitle={Proceedings of the 32nd ACM SIGSOFT International Symposium on Software Testing and Analysis},
  pages={1144--1156},
  year={2023}
}

@article{liveteos,
  title={VETEOS: Statically Vetting EOSIO Contracts for the “Groundhog Day” Vulnerabilities},
  author={Li, Levi Taiji and He, Ningyu and Wang, Haoyu and Zhang, Mu}
}

@inproceedings{luu2016making,
  title={Making smart contracts smarter},
  author={Luu, Loi and Chu, Duc-Hiep and Olickel, Hrishi and Saxena, Prateek and Hobor, Aquinas},
  booktitle={Proceedings of the 2016 ACM SIGSAC conference on computer and communications security},
  pages={254--269},
  year={2016}
}

@article{manes2018fuzzing,
  title={Fuzzing: Art, science, and engineering},
  author={Manes, Valentin JM and Han, HyungSeok and Han, Choongwoo and Cha, Sang Kil and Egele, Manuel and Schwartz, Edward J and Woo, Maverick},
  journal={arXiv preprint arXiv:1812.00140},
  year={2018}
}

@inproceedings{mossberg2019manticore,
  title={Manticore: A user-friendly symbolic execution framework for binaries and smart contracts},
  author={Mossberg, Mark and Manzano, Felipe and Hennenfent, Eric and Groce, Alex and Grieco, Gustavo and Feist, Josselin and Brunson, Trent and Dinaburg, Artem},
  booktitle={2019 34th IEEE/ACM International Conference on Automated Software Engineering (ASE)},
  pages={1186--1189},
  year={2019},
  organization={IEEE}
}

@misc{mythril,
    year = "2018",
    title = "Mythril: Security analysis tool for Ethereum smart contracts",
    howpublished="\url{https://github.com/ConsenSys/mythril}"
}

@article{ren2024lookahead,
  title={LookAhead: Preventing DeFi Attacks via Unveiling Adversarial Contracts},
  author={Ren, Shoupeng and Tu, Tianyu and Liu, Jian and Wu, Di and Ren, Kui},
  journal={arXiv preprint arXiv:2401.07261},
  year={2024}
}

@inproceedings{shou2023ityfuzz,
  title={Ityfuzz: Snapshot-based fuzzer for smart contract},
  author={Shou, Chaofan and Tan, Shangyin and Sen, Koushik},
  booktitle={Proceedings of the 32nd ACM SIGSOFT International Symposium on Software Testing and Analysis},
  pages={322--333},
  year={2023}
}

@inproceedings{su2021evil,
  title={Evil under the sun: Understanding and discovering attacks on ethereum decentralized applications},
  author={Su, Liya and Shen, Xinyue and Du, Xiangyu and Liao, Xiaojing and Wang, XiaoFeng and Xing, Luyi and Liu, Baoxu},
  booktitle={30th USENIX Security Symposium (USENIX Security 21)},
  pages={1307--1324},
  year={2021}
}

@inproceedings{sun2024all,
  title={All Your Tokens are Belong to Us: Demystifying Address Verification Vulnerabilities in Solidity Smart Contracts},
  author={Sun, Tianle and He, Ningyu and Xiao, Jiang and Yue, Yinliang and Luo, Xiapu and Wang, Haoyu},
  booktitle={The 33rd USENIX Security Symposium},
  year={2024}
}

@inproceedings{sun2024gptscan,
  title={Gptscan: Detecting logic vulnerabilities in smart contracts by combining gpt with program analysis},
  author={Sun, Yuqiang and Wu, Daoyuan and Xue, Yue and Liu, Han and Wang, Haijun and Xu, Zhengzi and Xie, Xiaofei and Liu, Yang},
  booktitle={Proceedings of the IEEE/ACM 46th International Conference on Software Engineering},
  pages={1--13},
  year={2024}
}

@inproceedings{tsankov2018securify,
  title={Securify: Practical security analysis of smart contracts},
  author={Tsankov, Petar and Dan, Andrei and Drachsler-Cohen, Dana and Gervais, Arthur and Buenzli, Florian and Vechev, Martin},
  booktitle={Proceedings of the 2018 ACM SIGSAC conference on computer and communications security},
  pages={67--82},
  year={2018}
}

@article{wang2024defiguard,
  title={DeFiGuard: A Price Manipulation Detection Service in DeFi using Graph Neural Networks},
  author={Wang, Dabao and Wu, Bang and Yuan, Xingliang and Wu, Lei and Zhou, Yajin and Cui, Helei},
  journal={arXiv preprint arXiv:2406.11157},
  year={2024}
}

@article{wu2023defiranger,
  title={DeFiRanger: Detecting DeFi Price Manipulation Attacks},
  author={Wu, Siwei and Yu, Zhou and Wang, Dabao and Zhou, Yajin and Wu, Lei and Wang, Haoyu and Yuan, Xingliang},
  journal={IEEE Transactions on Dependable and Secure Computing},
  year={2023},
  publisher={IEEE}
}

@inproceedings{wustholz2020harvey,
  title={Harvey: A greybox fuzzer for smart contracts},
  author={W{\"u}stholz, Valentin and Christakis, Maria},
  booktitle={Proceedings of the 28th ACM Joint Meeting on European Software Engineering Conference and Symposium on the Foundations of Software Engineering},
  pages={1398--1409},
  year={2020}
}

@inproceedings{yang2024uncover,
  title={Uncover the Premeditated Attacks: Detecting Exploitable Reentrancy Vulnerabilities by Identifying Attacker Contracts},
  author={Yang, Shuo and Chen, Jiachi and Huang, Mingyuan and Zheng, Zibin and Huang, Yuan},
  booktitle={Proceedings of the IEEE/ACM 46th International Conference on Software Engineering},
  pages={1--12},
  year={2024}
}

@inproceedings{ye2023detecting,
  title={Detecting state inconsistency bugs in dapps via on-chain transaction replay and fuzzing},
  author={Ye, Mingxi and Nan, Yuhong and Zheng, Zibin and Wu, Dongpeng and Li, Huizhong},
  booktitle={Proceedings of the 32nd ACM SIGSOFT International Symposium on Software Testing and Analysis},
  pages={298--309},
  year={2023}
}

