@article{zou2019smart,
  title={Smart contract development: Challenges and opportunities},
  author={Zou, Weiqin and Lo, David and Kochhar, Pavneet Singh and Le, Xuan-Bach Dinh and Xia, Xin and Feng, Yang and Chen, Zhenyu and Xu, Baowen},
  journal={IEEE transactions on software engineering},
  volume={47},
  number={10},
  pages={2084--2106},
  year={2019},
  publisher={IEEE}
}

@article{ren2024lookahead,
  title={LookAhead: Preventing DeFi Attacks via Unveiling Adversarial Contracts},
  author={Ren, Shoupeng and Tu, Tianyu and Liu, Jian and Wu, Di and Ren, Kui},
  journal={arXiv preprint arXiv:2401.07261},
  year={2024}
}

@inproceedings{yang2024uncover,
  title={Uncover the Premeditated Attacks: Detecting Exploitable Reentrancy Vulnerabilities by Identifying Attacker Contracts},
  author={Yang, Shuo and Chen, Jiachi and Huang, Mingyuan and Zheng, Zibin and Huang, Yuan},
  booktitle={Proceedings of the IEEE/ACM 46th International Conference on Software Engineering},
  pages={1--12},
  year={2024}
}

@inproceedings{grech2019gigahorse,
  title={Gigahorse: thorough, declarative decompilation of smart contracts},
  author={Grech, Neville and Brent, Lexi and Scholz, Bernhard and Smaragdakis, Yannis},
  booktitle={2019 IEEE/ACM 41st International Conference on Software Engineering (ICSE)},
  pages={1176--1186},
  year={2019},
  organization={IEEE}
}

@article{grech2022elipmoc,
  title={Elipmoc: advanced decompilation of ethereum smart contracts},
  author={Grech, Neville and Lagouvardos, Sifis and Tsatiris, Ilias and Smaragdakis, Yannis},
  journal={Proceedings of the ACM on Programming Languages},
  volume={6},
  number={OOPSLA1},
  pages={1--27},
  year={2022},
  publisher={ACM New York, NY, USA}
}

@article{nakamoto2008bitcoin,
  title={Bitcoin: A peer-to-peer electronic cash system},
  author={Nakamoto, Satoshi},
  journal={Satoshi Nakamoto},
  year={2008}
}

@book{raval2016decentralized,
  title={Decentralized applications: harnessing Bitcoin's blockchain technology},
  author={Raval, Siraj},
  year={2016},
  publisher={" O'Reilly Media, Inc."}
}

@article{zetzsche2020decentralized,
  title={Decentralized finance},
  author={Zetzsche, Dirk A and Arner, Douglas W and Buckley, Ross P},
  journal={Journal of Financial Regulation},
  volume={6},
  number={2},
  pages={172--203},
  year={2020},
  publisher={Oxford University Press}
}

@article{shah2023systematic,
  title={A systematic review of decentralized finance protocols},
  author={Shah, Kaushal and Lathiya, Dhruvil and Lukhi, Naimish and Parmar, Keyur and Sanghvi, Harshal},
  journal={International Journal of Intelligent Networks},
  year={2023},
  publisher={Elsevier}
}




@misc{daily,
    year = 2024,
    title = "Daily Contract Deployment",
    howpublished = "\url{https://dune.com/queries/4037888}",
}


@misc{percent,
    year = 2023,
    title = "Smart Contract Sanctuary",
    howpublished = "\url{https://github.com/tintinweb/smart-contract-sanctuary}",
}


@misc{forta,
    year = 2024,
    title = "Forta",
    howpublished = "\url{https://forta.org/blog/how-fortas-predictive-ml-models-detect-attacks-before-exploitation/}",
}


@misc{coindesk,
    year = "2024",
    title = "Coindesk",
    howpublished="\url{https://www.coindesk.com}",
}

@misc{biance_re,
    year = "2024",
    title = "Biance",
    howpublished="\url{https://www.binance.com/en/square/post/8851640245434}",
}


@misc{similarEth,
    year = "2023",
    title = "Similar Contract Search",
    howpublished="\url{https://etherscan.io/find-similar-contracts}",
}


@misc{eip1967,
    year = "2019",
    title = "EIP-1967",
    howpublished="\url{https://eips.ethereum.org/EIPS/eip-1967}",
}

@misc{4bytes,
    year = "2024",
    title = "4bytes database",
    howpublished="\url{https://www.4byte.directory}",
}

@misc{uniswap,
    year = "2024",
    title = "Uniswap Protocol",
    howpublished="\url{https://docs.uniswap.org}"
}


@misc{verified,
    year = "2024",
    title = "Verified Contracts",
    howpublished="\url{https://etherscan.io/contractsVerified}"
}

@misc{erc20,
    year = "2015",
    title = "ERC-20 Token Standard",
    howpublished="\url{https://eips.ethereum.org/EIPS/eip-20}"
}

@misc{erc721,
    year = "2018",
    title = "ERC-721 Non-Fungible token standard",
    howpublished="\url{https://eips.ethereum.org/EIPS/eip-721}"
}


@misc{pancakeswap,
    year = "2024",
    title = "PancakeSwap",
    howpublished="\url{https://pancakeswap.finance}"
}


@misc{aave,
    year = "2024",
    title = "Aave",
    howpublished="\url{https://aave.com}"
}


@misc{elephant,
    year = "2023",
    title = "The ElephantStatus Incident",
    howpublished="\url{https://x.com/Phalcon_xyz/status/1732354930529435940}"
}

@misc{cheese,
    year = "2020",
    title = "The Cheese Bank Incident",
    howpublished="\url{https://peckshield.medium.com/cheese-bank-incident-root-cause-analysis-d076bf87a1e7}"
}

@misc{Defihacklab,
    year = "2024",
    title = "DefihackLab",
    howpublished="\url{https://github.com/SunWeb3Sec/DeFiHackLabs}"
}

@misc{rekt,
    year = "2024",
    title = "Rekt",
    howpublished="\url{https://rekt.news}"
}

@misc{EthApi,
    year = "2024",
    title = "EtherScan API documentation",
    howpublished="\url{https://docs.etherscan.io}"
}

@misc{Eopcode,
    year = "2024",
    title = "Ethereum Virtual Machine Opcodes",
    howpublished="\url{https://ethervm.io}"
}

@misc{tokenter,
    year = "2024",
    title = "Token Terminal",
    howpublished="\url{https://tokenterminal.com/terminal/datasets/trending-contracts}"
}

@misc{phalcon,
    year = "2024",
    title = "Blocksec Phalcon Explorer",
    howpublished="\url{https://blocksec.com/explorer}"
}


@misc{rikkei,
    year = "2022",
    title = "Rikkei Finance hack",
    howpublished="\url{https://blockmagnates.com/rikkei-finance-hack}"
}

@misc{geth,
    year = "2024",
    title = "Geth",
    howpublished="\url{https://github.com/ethereum/go-ethereum}"
}


@misc{mevObfus,
    year = "2024",
    title = "MEV Smart Contract Obfuscation Techniques",
    howpublished="\url{https://degatchi.com/articles/mev-smart-contract-obfuscation}"
}


@misc{slowmist,
    year = "2024",
    title = "SlowMist",
    howpublished="\url{https://www.slowmist.com/}"
}

@misc{mythril,
    year = "2018",
    title = "Mythril: Security analysis tool for Ethereum smart contracts",
    howpublished="\url{https://github.com/ConsenSys/mythril}"
}


@misc{dedaub,
    year = "2024",
    title = "Dedaub Decompiler",
    howpublished="\url{https://app.dedaub.com/decompile}"
}


@misc{eip55,
    year = "2016",
    title = "EIP-55",
    howpublished="\url{https://eips.ethereum.org/EIPS/eip-55}"
}

@misc{openeip,
    year = "2024",
    title = "Openzeppelin proxies document",
    howpublished="\url{https://docs.openzeppelin.com/contracts/4.x/api/proxy}"
}

@misc{sollang,
    year = "2024",
    title = "Solidity",
    howpublished="\url{https://docs.soliditylang.org/en/v0.8.26/}"
}

@misc{akmev,
    year = "2024",
    title = "Attack Contract Example",
    howpublished="\url{https://etherscan.io/address/0x2F99fb66Ea797E7fA2d07262402Ab38bd5e53B12}"
}

@misc{erc1155,
    year = "2018",
    title = "ERC-1155 Multi Token Standard",
    howpublished="\url{https://eips.ethereum.org/EIPS/eip-1155}"
}



@misc{defillama,
    year = "2024",
    title = "DefiLlama",
    howpublished="\url{https://defillama.com}"
}

@misc{vyper,
    year = "2024",
    title = "Vyper Documentation",
    howpublished="\url{https://vyperlang.org/}"
}



@misc{ftx,
    year = "2023",
    title = "The collapse of FTX",
    howpublished="\url{https://www.investopedia.com/what-went-wrong-with-ftx-6828447}"
}

@misc{pancakeUPS,
    year = "2024",
    title = "The PancakePair contract of UPS",
    howpublished="\url{https://bscscan.com/address/0x5db4604c8952a8c3474e8ac33e0d31814d75f786}"
}



@misc{ulme,
    year = "2024",
    title = "The ULME attack",
    howpublished="\url{https://x.com/BeosinAlert/status/1584888021299916801}"
}




@misc{foundry ,
    year = "2024",
    title = "The Foundry book",
    howpublished="\url{https://book.getfoundry.sh/}"
}

@misc{bian,
    year = "2021",
    key = BiAn,
    howpublished="\url{https://github.com/xf97/BiAn/}"
}


@inproceedings{li2023demystifying,
  title={Demystifying defi mev activities in flashbots bundle},
  author={Li, Zihao and Li, Jianfeng and He, Zheyuan and Luo, Xiapu and Wang, Ting and Ni, Xiaoze and Yang, Wenwu and Chen, Xi and Chen, Ting},
  booktitle={Proceedings of the 2023 ACM SIGSAC Conference on Computer and Communications Security},
  pages={165--179},
  year={2023}
}


@inproceedings{tikhomirov2018ethereum,
  title={Ethereum: state of knowledge and research perspectives},
  author={Tikhomirov, Sergei},
  booktitle={Foundations and Practice of Security: 10th International Symposium, FPS 2017, Nancy, France, October 23-25, 2017, Revised Selected Papers 10},
  pages={206--221},
  year={2018},
  organization={Springer}
}

@inproceedings{he2021eosafe,
  title={$\{$EOSAFE$\}$: security analysis of $\{$EOSIO$\}$ smart contracts},
  author={He, Ningyu and Zhang, Ruiyi and Wang, Haoyu and Wu, Lei and Luo, Xiapu and Guo, Yao and Yu, Ting and Jiang, Xuxian},
  booktitle={30th USENIX security symposium (USENIX Security 21)},
  pages={1271--1288},
  year={2021}
}


@article{liveteos,
  title={VETEOS: Statically Vetting EOSIO Contracts for the “Groundhog Day” Vulnerabilities},
  author={Li, Levi Taiji and He, Ningyu and Wang, Haoyu and Zhang, Mu}
}

@article{buterin2014next,
  title={A next-generation smart contract and decentralized application platform},
  author={Buterin, Vitalik and others},
  journal={white paper},
  volume={3},
  number={37},
  pages={2--1},
  year={2014}
}


@article{wu2023defiranger,
  title={DeFiRanger: Detecting DeFi Price Manipulation Attacks},
  author={Wu, Siwei and Yu, Zhou and Wang, Dabao and Zhou, Yajin and Wu, Lei and Wang, Haoyu and Yuan, Xingliang},
  journal={IEEE Transactions on Dependable and Secure Computing},
  year={2023},
  publisher={IEEE}
}

@inproceedings{su2021evil,
  title={Evil under the sun: Understanding and discovering attacks on ethereum decentralized applications},
  author={Su, Liya and Shen, Xinyue and Du, Xiangyu and Liao, Xiaojing and Wang, XiaoFeng and Xing, Luyi and Liu, Baoxu},
  booktitle={30th USENIX Security Symposium (USENIX Security 21)},
  pages={1307--1324},
  year={2021}
}

@inproceedings{su2023defiwarder,
  title={DeFiWarder: Protecting DeFi Apps from Token Leaking Vulnerabilities},
  author={Su, Jianzhong and Lin, Xingwei and Fang, Zhiyuan and Zhu, Zhirong and Chen, Jiachi and Zheng, Zibin and Lv, Wei and Wang, Jiashui},
  booktitle={2023 38th IEEE/ACM International Conference on Automated Software Engineering (ASE)},
  pages={1664--1675},
  year={2023},
  organization={IEEE}
}

@article{zhang2023bian,
  title={BiAn: smart contract source code obfuscation},
  author={Zhang, Pengcheng and Yu, Qifan and Xiao, Yan and Dong, Hai and Luo, Xiapu and Wang, Xiao and Zhang, Meng},
  journal={IEEE Transactions on Software Engineering},
  year={2023},
  publisher={IEEE}
}

@inproceedings{wang2024smartinv,
  title={Smartinv: Multimodal learning for smart contract invariant inference},
  author={Wang, Sally Junsong and Pei, Kexin and Yang, Junfeng},
  booktitle={2024 IEEE Symposium on Security and Privacy (SP)},
  pages={126--126},
  year={2024},
  organization={IEEE Computer Society}
}

@book{dannen2017introducing,
  title={Introducing Ethereum and solidity},
  author={Dannen, Chris},
  volume={1},
  year={2017},
  publisher={Springer}
}

@inproceedings{hirai2017defining,
  title={Defining the ethereum virtual machine for interactive theorem provers},
  author={Hirai, Yoichi},
  booktitle={Financial Cryptography and Data Security: FC 2017 International Workshops, WAHC, BITCOIN, VOTING, WTSC, and TA, Sliema, Malta, April 7, 2017, Revised Selected Papers 21},
  pages={520--535},
  year={2017},
  organization={Springer}
}

@inproceedings{qin2021attacking,
  title={Attacking the defi ecosystem with flash loans for fun and profit},
  author={Qin, Kaihua and Zhou, Liyi and Livshits, Benjamin and Gervais, Arthur},
  booktitle={International conference on financial cryptography and data security},
  pages={3--32},
  year={2021},
  organization={Springer}
}

@article{wang2020towards,
  title={Towards understanding flash loan and its applications in defi ecosystem},
  author={Wang, Dabao and Wu, Siwei and Lin, Ziling and Wu, Lei and Yuan, Xingliang and Zhou, Yajin and Wang, Haoyu and Ren, Kui},
  journal={arXiv preprint arXiv:2010.12252},
  year={2020}
}


@article{ceri1989you,
  title={What you always wanted to know about Datalog(and never dared to ask)},
  author={Ceri, Stefano and Gottlob, Georg and Tanca, Letizia and others},
  journal={IEEE transactions on knowledge and data engineering},
  volume={1},
  number={1},
  pages={146--166},
  year={1989},
  publisher={Citeseer}
}


@article{wang2024defiguard,
  title={DeFiGuard: A Price Manipulation Detection Service in DeFi using Graph Neural Networks},
  author={Wang, Dabao and Wu, Bang and Yuan, Xingliang and Wu, Lei and Zhou, Yajin and Cui, Helei},
  journal={arXiv preprint arXiv:2406.11157},
  year={2024}
}

@inproceedings{kong2023defitainter,
  title={Defitainter: Detecting price manipulation vulnerabilities in defi protocols},
  author={Kong, Queping and Chen, Jiachi and Wang, Yanlin and Jiang, Zigui and Zheng, Zibin},
  booktitle={Proceedings of the 32nd ACM SIGSOFT International Symposium on Software Testing and Analysis},
  pages={1144--1156},
  year={2023}
}

@inproceedings{chen2024flashsyn,
  title={Flashsyn: Flash loan attack synthesis via counter example driven approximation},
  author={Chen, Zhiyang and Beillahi, Sidi Mohamed and Long, Fan},
  booktitle={Proceedings of the IEEE/ACM 46th International Conference on Software Engineering},
  pages={1--13},
  year={2024}
}

@article{baldoni2018survey,
  title={A survey of symbolic execution techniques},
  author={Baldoni, Roberto and Coppa, Emilio and D’elia, Daniele Cono and Demetrescu, Camil and Finocchi, Irene},
  journal={ACM Computing Surveys (CSUR)},
  volume={51},
  number={3},
  pages={1--39},
  year={2018},
  publisher={ACM New York, NY, USA}
}


@article{he2024large,
  title={Large language models for blockchain security: A systematic literature review},
  author={He, Zheyuan and Li, Zihao and Yang, Sen},
  journal={arXiv preprint arXiv:2403.14280},
  year={2024}
}


@inproceedings{feist2019slither,
  title={Slither: a static analysis framework for smart contracts},
  author={Feist, Josselin and Grieco, Gustavo and Groce, Alex},
  booktitle={2019 IEEE/ACM 2nd International Workshop on Emerging Trends in Software Engineering for Blockchain (WETSEB)},
  pages={8--15},
  year={2019},
  organization={IEEE}
}

@inproceedings{tsankov2018securify,
  title={Securify: Practical security analysis of smart contracts},
  author={Tsankov, Petar and Dan, Andrei and Drachsler-Cohen, Dana and Gervais, Arthur and Buenzli, Florian and Vechev, Martin},
  booktitle={Proceedings of the 2018 ACM SIGSAC conference on computer and communications security},
  pages={67--82},
  year={2018}
}

@inproceedings{brent2020ethainter,
  title={Ethainter: a smart contract security analyzer for composite vulnerabilities},
  author={Brent, Lexi and Grech, Neville and Lagouvardos, Sifis and Scholz, Bernhard and Smaragdakis, Yannis},
  booktitle={Proceedings of the 41st ACM SIGPLAN Conference on Programming Language Design and Implementation},
  pages={454--469},
  year={2020}
}

@inproceedings{bose2022sailfish,
  title={Sailfish: Vetting smart contract state-inconsistency bugs in seconds},
  author={Bose, Priyanka and Das, Dipanjan and Chen, Yanju and Feng, Yu and Kruegel, Christopher and Vigna, Giovanni},
  booktitle={2022 IEEE Symposium on Security and Privacy (SP)},
  pages={161--178},
  year={2022},
  organization={IEEE}
}

@article{grech2018madmax,
  title={Madmax: Surviving out-of-gas conditions in ethereum smart contracts},
  author={Grech, Neville and Kong, Michael and Jurisevic, Anton and Brent, Lexi and Scholz, Bernhard and Smaragdakis, Yannis},
  journal={Proceedings of the ACM on Programming Languages},
  volume={2},
  number={OOPSLA},
  pages={1--27},
  year={2018},
  publisher={ACM New York, NY, USA}
}



@inproceedings{luu2016making,
  title={Making smart contracts smarter},
  author={Luu, Loi and Chu, Duc-Hiep and Olickel, Hrishi and Saxena, Prateek and Hobor, Aquinas},
  booktitle={Proceedings of the 2016 ACM SIGSAC conference on computer and communications security},
  pages={254--269},
  year={2016}
}

@inproceedings{frank2020ethbmc,
  title={$\{$ETHBMC$\}$: A bounded model checker for smart contracts},
  author={Frank, Joel and Aschermann, Cornelius and Holz, Thorsten},
  booktitle={29th USENIX Security Symposium (USENIX Security 20)},
  pages={2757--2774},
  year={2020}
}


@inproceedings{mossberg2019manticore,
  title={Manticore: A user-friendly symbolic execution framework for binaries and smart contracts},
  author={Mossberg, Mark and Manzano, Felipe and Hennenfent, Eric and Groce, Alex and Grieco, Gustavo and Feist, Josselin and Brunson, Trent and Dinaburg, Artem},
  booktitle={2019 34th IEEE/ACM International Conference on Automated Software Engineering (ASE)},
  pages={1186--1189},
  year={2019},
  organization={IEEE}
}


@inproceedings{sun2024gptscan,
  title={Gptscan: Detecting logic vulnerabilities in smart contracts by combining gpt with program analysis},
  author={Sun, Yuqiang and Wu, Daoyuan and Xue, Yue and Liu, Han and Wang, Haijun and Xu, Zhengzi and Xie, Xiaofei and Liu, Yang},
  booktitle={Proceedings of the IEEE/ACM 46th International Conference on Software Engineering},
  pages={1--13},
  year={2024}
}


@inproceedings{jiang2018contractfuzzer,
  title={Contractfuzzer: Fuzzing smart contracts for vulnerability detection},
  author={Jiang, Bo and Liu, Ye and Chan, Wing Kwong},
  booktitle={Proceedings of the 33rd ACM/IEEE international conference on automated software engineering},
  pages={259--269},
  year={2018}
}

@inproceedings{grieco2020echidna,
  title={Echidna: effective, usable, and fast fuzzing for smart contracts},
  author={Grieco, Gustavo and Song, Will and Cygan, Artur and Feist, Josselin and Groce, Alex},
  booktitle={Proceedings of the 29th ACM SIGSOFT international symposium on software testing and analysis},
  pages={557--560},
  year={2020}
}

@article{manes2018fuzzing,
  title={Fuzzing: Art, science, and engineering},
  author={Manes, Valentin JM and Han, HyungSeok and Han, Choongwoo and Cha, Sang Kil and Egele, Manuel and Schwartz, Edward J and Woo, Maverick},
  journal={arXiv preprint arXiv:1812.00140},
  year={2018}
}


@inproceedings{choi2021smartian,
  title={Smartian: Enhancing smart contract fuzzing with static and dynamic data-flow analyses},
  author={Choi, Jaeseung and Kim, Doyeon and Kim, Soomin and Grieco, Gustavo and Groce, Alex and Cha, Sang Kil},
  booktitle={2021 36th IEEE/ACM International Conference on Automated Software Engineering (ASE)},
  pages={227--239},
  year={2021},
  organization={IEEE}
}


@inproceedings{shou2023ityfuzz,
  title={Ityfuzz: Snapshot-based fuzzer for smart contract},
  author={Shou, Chaofan and Tan, Shangyin and Sen, Koushik},
  booktitle={Proceedings of the 32nd ACM SIGSOFT International Symposium on Software Testing and Analysis},
  pages={322--333},
  year={2023}
}


@inproceedings{wustholz2020harvey,
  title={Harvey: A greybox fuzzer for smart contracts},
  author={W{\"u}stholz, Valentin and Christakis, Maria},
  booktitle={Proceedings of the 28th ACM Joint Meeting on European Software Engineering Conference and Symposium on the Foundations of Software Engineering},
  pages={1398--1409},
  year={2020}
}

@inproceedings{he2019learning,
  title={Learning to fuzz from symbolic execution with application to smart contracts},
  author={He, Jingxuan and Balunovi{\'c}, Mislav and Ambroladze, Nodar and Tsankov, Petar and Vechev, Martin},
  booktitle={Proceedings of the 2019 ACM SIGSAC conference on computer and communications security},
  pages={531--548},
  year={2019}
}


@inproceedings{ye2023detecting,
  title={Detecting state inconsistency bugs in dapps via on-chain transaction replay and fuzzing},
  author={Ye, Mingxi and Nan, Yuhong and Zheng, Zibin and Wu, Dongpeng and Li, Huizhong},
  booktitle={Proceedings of the 32nd ACM SIGSOFT International Symposium on Software Testing and Analysis},
  pages={298--309},
  year={2023}
}


@inproceedings{werner2022sok,
  title={Sok: Decentralized finance (defi)},
  author={Werner, Sam and Perez, Daniel and Gudgeon, Lewis and Klages-Mundt, Ariah and Harz, Dominik and Knottenbelt, William},
  booktitle={Proceedings of the 4th ACM Conference on Advances in Financial Technologies},
  pages={30--46},
  year={2022}
}

@article{zheng2020overview,
  title={An overview on smart contracts: Challenges, advances and platforms},
  author={Zheng, Zibin and Xie, Shaoan and Dai, Hong-Ning and Chen, Weili and Chen, Xiangping and Weng, Jian and Imran, Muhammad},
  journal={Future Generation Computer Systems},
  volume={105},
  pages={475--491},
  year={2020},
  publisher={Elsevier}
}

@article{wu2019empirical,
  title={An empirical study of blockchain-based decentralized applications},
  author={Wu, Kaidong},
  journal={arXiv preprint arXiv:1902.04969},
  year={2019}
}

@inproceedings{zhang2023demystifying,
  title={Demystifying exploitable bugs in smart contracts},
  author={Zhang, Zhuo and Zhang, Brian and Xu, Wen and Lin, Zhiqiang},
  booktitle={2023 IEEE/ACM 45th International Conference on Software Engineering (ICSE)},
  pages={615--627},
  year={2023},
  organization={IEEE}
}


@inproceedings{mo2023toward,
  title={Toward automated detecting unanticipated price feed in smart contract},
  author={Mo, Yifan and Chen, Jiachi and Wang, Yanlin and Zheng, Zibin},
  booktitle={Proceedings of the 32nd ACM SIGSOFT International Symposium on Software Testing and Analysis},
  pages={1257--1268},
  year={2023}
}

@inproceedings{sun2024all,
  title={All Your Tokens are Belong to Us: Demystifying Address Verification Vulnerabilities in Solidity Smart Contracts},
  author={Sun, Tianle and He, Ningyu and Xiao, Jiang and Yue, Yinliang and Luo, Xiapu and Wang, Haoyu},
  booktitle={The 33rd USENIX Security Symposium},
  year={2024}
}

@inproceedings{zhou2023sok,
  title={Sok: Decentralized finance (defi) attacks},
  author={Zhou, Liyi and Xiong, Xihan and Ernstberger, Jens and Chaliasos, Stefanos and Wang, Zhipeng and Wang, Ye and Qin, Kaihua and Wattenhofer, Roger and Song, Dawn and Gervais, Arthur},
  booktitle={2023 IEEE Symposium on Security and Privacy (SP)},
  pages={2444--2461},
  year={2023},
  organization={IEEE}
}

@inproceedings{pan2023automated,
  title={Automated generation of security-centric descriptions for smart contract bytecode},
  author={Pan, Yu and Xu, Zhichao and Li, Levi Taiji and Yang, Yunhe and Zhang, Mu},
  booktitle={Proceedings of the 32nd ACM SIGSOFT International Symposium on Software Testing and Analysis},
  pages={1244--1256},
  year={2023}
}

@article{li2024varlifter,
  title={VarLifter: Recovering Variables and Types from Bytecode of Solidity Smart Contracts},
  author={Li, Yichuan and Song, Wei and Huang, Jeff},
  journal={Proceedings of the ACM on Programming Languages},
  volume={8},
  number={OOPSLA2},
  pages={1--29},
  year={2024},
  publisher={ACM New York, NY, USA}
}


@inproceedings{yu2022bytecode,
  title={Bytecode obfuscation for smart contracts},
  author={Yu, Qifan and Zhang, Pengcheng and Dong, Hai and Xiao, Yan and Ji, Shunhui},
  booktitle={2022 29th Asia-Pacific Software Engineering Conference (APSEC)},
  pages={566--567},
  year={2022},
  organization={IEEE}
}

@article{chen2021sadponzi,
  title={Sadponzi: Detecting and characterizing ponzi schemes in ethereum smart contracts},
  author={Chen, Weimin and Li, Xinran and Sui, Yuting and He, Ningyu and Wang, Haoyu and Wu, Lei and Luo, Xiapu},
  journal={Proceedings of the ACM on Measurement and Analysis of Computing Systems},
  volume={5},
  number={2},
  pages={1--30},
  year={2021},
  publisher={ACM New York, NY, USA}
}
