@article{appleton1975experience,
  title={The Experience of Landscape John Wiley},
  author={Appleton, J},
  journal={New York},
  year={1975}
}

@article{blei2003latent,
  title={Latent dirichlet allocation},
  author={Blei, David M and Ng, Andrew Y and Jordan, Michael I},
  journal={Journal of machine Learning research},
  volume={3},
  number={Jan},
  pages={993--1022},
  year={2003}
}

@article{cooney2018design,
  title={Design for an art therapy robot: An explorative review of the theoretical foundations for engaging in emotional and creative painting with a robot},
  author={Cooney, Martin Daniel and Menezes, Maria Luiza Recena},
  journal={Multimodal Technologies and Interaction},
  volume={2},
  number={3},
  pages={52},
  year={2018},
  publisher={MDPI}
}

@article{devlin2018bert,
  title={Bert: Pre-training of deep bidirectional transformers for language understanding},
  author={Devlin, Jacob and Chang, Ming-Wei and Lee, Kenton and Toutanova, Kristina},
  journal={arXiv preprint arXiv:1810.04805},
  year={2018}
}

@article{diette2003distraction,
  title={Distraction therapy with nature sights and sounds reduces pain during flexible bronchoscopy: A complementary approach to routine analgesia},
  author={Diette, Gregory B and Lechtzin, Noah and Haponik, Edward and Devrotes, Aline and Rubin, Haya R},
  journal={Chest},
  volume={123},
  number={3},
  pages={941--948},
  year={2003},
  publisher={Elsevier}
}

@article{haeyen2020benefits,
  title={Benefits of art therapy in people diagnosed with personality disorders: a quantitative survey},
  author={Haeyen, Suzanne and Chakhssi, Farid and Van Hooren, Susan},
  journal={Frontiers in Psychology},
  volume={11},
  pages={686},
  year={2020},
  publisher={Frontiers Media SA}
}

@article{inoue2019post,
  title={Post-intensive care syndrome: its pathophysiology, prevention, and future directions},
  author={Inoue, Shigeaki and Hatakeyama, Junji and Kondo, Yutaka and Hifumi, Toru and Sakuramoto, Hideaki and Kawasaki, Tatsuya and Taito, Shunsuke and Nakamura, Kensuke and Unoki, Takeshi and Kawai, Yusuke and others},
  journal={Acute medicine \& surgery},
  volume={6},
  number={3},
  pages={233--246},
  year={2019},
  publisher={Wiley Online Library}
}

@article{kim2023morning,
  title={From a Morning Forest to a Sunset Beach: Understanding Visual Experiences and the Roles of Personal Characteristics for Designing Relaxing Digital Nature},
  author={Kim, Chan Mi and van Rompay, Thomas JL and Louwers, Gijs LM and Yoon, Jungkyoon and Ludden, Geke DS},
  journal={International Journal of Human--Computer Interaction},
  pages={1--18},
  year={2023},
  publisher={Taylor \& Francis}
}

@phdthesis{kim2025towardshealing,
title = "Towards healing through digital nature in critical care and beyond: An integrated approach to design nature-based aesthetic experiences to promote delirium prevention and patient wellbeing",
author = "Kim, {Chan Mi}",
year = "2024",
month = dec,
doi = "10.3990/1.9789036563017",
language = "English",
isbn = "978-90-365-6300-0",
publisher = "University of Twente",
address = "Netherlands",
type = "PhD Thesis - Research UT, graduation UT",
school = "University of Twente",
}

@inproceedings{liu2024he,
  title={" When He Feels Cold, He Goes to the Seahorse"—Blending Generative AI into Multimaterial Storymaking for Family Expressive Arts Therapy},
  author={Liu, Di and Zhou, Hanqing and An, Pengcheng},
  booktitle={Proceedings of the CHI Conference on Human Factors in Computing Systems},
  pages={1--21},
  year={2024}
}

@article{luo2024emergence,
  title={Emergence of Artificial Intelligence Art Therapies (AIATs) in Mental Health Care: A Systematic Review},
  author={Luo, Xuexing and Zhang, Aijia and Li, Yu and Zhang, Zheyu and Ying, Fangtian and Lin, Runqing and Yang, Qianxu and Wang, Jue and Huang, Guanghui},
  journal={International Journal of Mental Health Nursing},
  year={2024},
  publisher={Wiley Online Library}
}

@book{madigan2011narrative,
  title={Narrative therapy.},
  author={Madigan, Stephen},
  year={2011},
  publisher={American Psychological Association}
}

@article{nanda2008undertaking,
  title={Undertaking an art survey to compare patient versus student art preferences},
  author={Nanda, Upali and Eisen, Sarajane L and Baladandayuthapani, Veerabhadran},
  journal={Environment and Behavior},
  volume={40},
  number={2},
  pages={269--301},
  year={2008},
  publisher={Sage Publications Sage CA: Los Angeles, CA}
}

@article{nanda2011effect,
  title={Effect of visual art on patient anxiety and agitation in a mental health facility and implications for the business case},
  author={Nanda, Upali and Eisen, S and Zadeh, Rana S and Owen, Deborah},
  journal={Journal of psychiatric and mental health nursing},
  volume={18},
  number={5},
  pages={386--393},
  year={2011},
  publisher={Wiley Online Library}
}

@article{ramnarain2021post,
  title={Post Intensive Care Syndrome (PICS): an overview of the definition, etiology, risk factors, and possible counseling and treatment strategies},
  author={Ramnarain, Dharmanand and Aupers, Emily and den Oudsten, Brenda and Oldenbeuving, Annemarie and de Vries, Jolanda and Pouwels, Sjaak},
  journal={Expert Review of Neurotherapeutics},
  volume={21},
  number={10},
  pages={1159--1177},
  year={2021},
  publisher={Taylor \& Francis}
}

@article{robledo2021therapy,
  title={From therapy to teletherapy: Relocating mental health services online},
  author={Robledo Yamamoto, Fujiko and Voida, Amy and Voida, Stephen},
  journal={Proceedings of the ACM on Human-Computer Interaction},
  volume={5},
  number={CSCW2},
  pages={1--30},
  year={2021},
  publisher={ACM New York, NY, USA}
}

@article{schouten2015effectiveness,
  title={The effectiveness of art therapy in the treatment of traumatized adults: A systematic review on art therapy and trauma},
  author={Schouten, Karin Alice and de Niet, Gerrit J and Knipscheer, Jeroen W and Kleber, Rolf J and Hutschemaekers, Giel JM},
  journal={Trauma, violence, \& abuse},
  volume={16},
  number={2},
  pages={220--228},
  year={2015},
  publisher={Sage Publications Sage CA: Los Angeles, CA}
}

@article{shojaei2024exploring,
  title={Exploring the integration of technology in art therapy: insights from interviews with art therapists},
  author={Shojaei, Fereshtehossadat and Osorio Torres, John and Shih, Patrick C},
  journal={Art Therapy},
  pages={1--7},
  year={2024},
  publisher={Taylor \& Francis}
}

@article{ulrich1993effects,
  title={Effects of exposure to nature and abstract pictures on patients recovering from heart surgery},
  author={Ulrich, Roger S and Lunden, Outi and Eltinge, JL},
  journal={Psychophysiology},
  volume={30},
  number={7},
  year={1993}
}

@article{ulrich2003healingarts,
  title={HealingArts-NutritionforTheSoul},
  author={Ulrich, R and Gilpin, L},
  journal={Charmel, PM, Frampton, SB, Gilpin, L},
  pages={89--104},
  year={2003}
}

@book{wilson1986biophilia,
  title={Biophilia},
  author={Wilson, Edward O},
  year={1986},
  publisher={Harvard university press}
}

@inproceedings{yilma2023together,
author = {Yilma, Bereket A. and Leiva, Luis A.},
title = {Together Yet Apart: Multimodal Representation Learning for Personalised Visual Art Recommendation},
year = {2023},
isbn = {9781450399326},
publisher = {Association for Computing Machinery},
address = {New York, NY, USA},
url = {https://doi.org/10.1145/3565472.3592964},
doi = {10.1145/3565472.3592964},
booktitle = {Proceedings of the 31st ACM Conference on User Modeling, Adaptation and Personalization},
pages = {204–214},
numpages = {11},
keywords = {Artwork, Machine Learning, Personalization, Recommendation, User Experience},
location = {Limassol, Cyprus},
series = {UMAP '23}
}

@inproceedings{yilma2024artful,
author = {Yilma, Bereket A. and Kim, Chan Mi and Cupchik, Gerald C. and Leiva, Luis A.},
title = {Artful Path to Healing: Using Machine Learning for Visual Art Recommendation to Prevent and Reduce Post-Intensive Care Syndrome (PICS)},
year = {2024},
isbn = {9798400703300},
publisher = {Association for Computing Machinery},
address = {New York, NY, USA},
url = {https://doi.org/10.1145/3613904.3642636},
doi = {10.1145/3613904.3642636},
booktitle = {Proceedings of the CHI Conference on Human Factors in Computing Systems},
articleno = {447},
numpages = {19},
keywords = {Artwork, Health, Machine Learning, Personalization, Recommendation, User Experience, intensive care unit, rehabilitation},
location = {Honolulu, HI, USA},
series = {CHI '24}
}

