
% Journals

% First the Full Name is given, then the abbreviation used in the AMS Math
% Reviews, with an indication if it could not be found there.
% Note the 2nd overwrites the 1st, so swap them if you want the full name.

 %{AMS}
 @String{AMSTrans = "American Mathematical Society Translations" }
 @String{AMSTrans = "Amer. Math. Soc. Transl." }
 @String{BullAMS = "Bulletin of the American Mathematical Society" }
 @String{BullAMS = "Bull. Amer. Math. Soc." }
 @String{ProcAMS = "Proceedings of the American Mathematical Society" }
 @String{ProcAMS = "Proc. Amer. Math. Soc." }
 @String{TransAMS = "Transactions of the American Mathematical Society" }
 @String{TransAMS = "Trans. Amer. Math. Soc." }

 %ACM
 @String{CACM = "Communications of the {ACM}" }
 @String{CACM = "Commun. {ACM}" }
 @String{CompServ = "Comput. Surveys" }
 @String{JACM = "J. ACM" }
 @String{ACMMathSoft = "{ACM} Transactions on Mathematical Software" }
 @String{ACMMathSoft = "{ACM} Trans. Math. Software" }
 @String{SIGNUM = "{ACM} {SIGNUM} Newsletter" }
 @String{SIGNUM = "{ACM} {SIGNUM} Newslett." }

 @String{AmerSocio = "American Journal of Sociology" }
 @String{AmerStatAssoc = "Journal of the American Statistical Association" }
 @String{AmerStatAssoc = "J. Amer. Statist. Assoc." }
 @String{ApplMathComp = "Applied Mathematics and Computation" }
 @String{ApplMathComp = "Appl. Math. Comput." }
 @String{AmerMathMonthly = "American Mathematical Monthly" }
 @String{AmerMathMonthly = "Amer. Math. Monthly" }
 @String{BIT = "{BIT}" }
 @String{BritStatPsych = "British Journal of Mathematical and Statistical
          Psychology" }
 @String{BritStatPsych = "Brit. J. Math. Statist. Psych." }
 @String{CanMathBull = "Canadian Mathematical Bulletin" }
 @String{CanMathBull = "Canad. Math. Bull." }
 @String{CompApplMath = "Journal of Computational and Applied Mathematics" }
 @String{CompApplMath = "J. Comput. Appl. Math." }
 @String{CompPhys = "Journal of Computational Physics" }
 @String{CompPhys = "J. Comput. Phys." }
 @String{CompStruct = "Computers and Structures" }
 @String{CompStruct = "Comput. \& Structures" }
 @String{CompJour = "The Computer Journal" }
 @String{CompJour = "Comput. J." }
 @String{CompSysSci = "Journal of Computer and System Sciences" }
 @String{CompSysSci = "J. Comput. System Sci." }
 @String{Computing = "Computing" }
 @String{ContempMath = "Contemporary Mathematics" }
 @String{ContempMath = "Contemp. Math." }
 @String{Crelle = "Crelle's Journal" }
 @String{GiornaleMath = "Giornale di Mathematiche" }
 @String{GiornaleMath = "Giorn. Mat." } % didn't find in AMS MR., ibid.

 %IEEE
 @String{Computer = "{IEEE} Computer" }
 @String{IEEETransComp = "{IEEE} Transactions on Computers" }
 @String{IEEETransComp = "{IEEE} Trans. Comput." }
 @String{IEEETransAC = "{IEEE} Transactions on Automatic Control" }
 @String{IEEETransAC = "{IEEE} Trans. Automat. Control" }
 @String{IEEESpec = "{IEEE} Spectrum" } % didn't find in AMS MR
 @String{ProcIEEE = "Proceedings of the {IEEE}" }
 @String{ProcIEEE = "Proc. {IEEE}" } % didn't find in AMS MR
 @String{IEEETransAeroElec = "{IEEE} Transactions on Aerospace and Electronic
     Systems" }
 @String{IEEETransAeroElec = "{IEEE} Trans. Aerospace Electron. Systems" }

 @String{IMANumerAna = "{IMA} Journal of Numerical Analysis" }
 @String{IMANumerAna = "{IMA} J. Numer. Anal." }
 @String{InfProcLet = "Information Processing Letters" }
 @String{InfProcLet = "Inform. Process. Lett." }
 @String{InstMathApp = "Journal of the Institute of Mathematics and
     its Applications" }
 @String{InstMathApp = "J. Inst. Math. Appl." }
 @String{IntControl = "International Journal of Control" }
 @String{IntControl = "Internat. J. Control" }
 @String{IntNumerEng = "International Journal for Numerical Methods in
     Engineering" }
 @String{IntNumerEng = "Internat. J. Numer. Methods Engrg." }
 @String{IntSuper = "International Journal of Supercomputing Applications" }
 @String{IntSuper = "Internat. J. Supercomputing Applic." } % didn't find
%% in AMS MR
 @String{Kibernetika = "Kibernetika" }
 @String{JResNatBurStand = "Journal of Research of the National Bureau
     of Standards" }
 @String{JResNatBurStand = "J. Res. Nat. Bur. Standards" }
 @String{LinAlgApp = "Linear Algebra and its Applications" }
 @String{LinAlgApp = "Linear Algebra Appl." }
 @String{MathAnaAppl = "Journal of Mathematical Analysis and Applications" }
 @String{MathAnaAppl = "J. Math. Anal. Appl." }
 @String{MathAnnalen = "Mathematische Annalen" }
 @String{MathAnnalen = "Math. Ann." }
 @String{MathPhys = "Journal of Mathematical Physics" }
 @String{MathPhys = "J. Math. Phys." }
 @String{MathComp = "Mathematics of Computation" }
 @String{MathComp = "Math. Comp." }
 @String{MathScand = "Mathematica Scandinavica" }
 @String{MathScand = "Math. Scand." }
 @String{TablesAidsComp = "Mathematical Tables and Other Aids to Computation" }
 @String{TablesAidsComp = "Math. Tables Aids Comput." }
 @String{NumerMath = "Numerische Mathematik" }
 @String{NumerMath = "Numer. Math." }
 @String{PacificMath = "Pacific Journal of Mathematics" }
 @String{PacificMath = "Pacific J. Math." }
 @String{ParDistComp = "Journal of Parallel and Distributed Computing" }
 @String{ParDistComp = "J. Parallel and Distrib. Comput." } % didn't find
%% in AMS MR
 @String{ParComputing = "Parallel Computing" }
 @String{ParComputing = "Parallel Comput." }
 @String{PhilMag = "Philosophical Magazine" }
 @String{PhilMag = "Philos. Mag." }
 @String{ProcNAS = "Proceedings of the National Academy of Sciences
                    of the USA" }
 @String{ProcNAS = "Proc. Nat. Acad. Sci. U. S. A." }
 @String{Psychometrika = "Psychometrika" }
 @String{QuartMath = "Quarterly Journal of Mathematics, Oxford, Series (2)" }
 @String{QuartMath = "Quart. J. Math. Oxford Ser. (2)" }
 @String{QuartApplMath = "Quarterly of Applied Mathematics" }
 @String{QuartApplMath = "Quart. Appl. Math." }
 @String{RevueInstStat = "Review of the International Statisical Institute" }
 @String{RevueInstStat = "Rev. Inst. Internat. Statist." }

 %SIAM
 @String{JSIAM = "Journal of the Society for Industrial and Applied
     Mathematics" }
 @String{JSIAM = "J. Soc. Indust. Appl. Math." }
 @String{JSIAMB = "Journal of the Society for Industrial and Applied
     Mathematics, Series B, Numerical Analysis" }
 @String{JSIAMB = "J. Soc. Indust. Appl. Math. Ser. B Numer. Anal." }
 @String{SIAMAlgMeth = "{SIAM} Journal on Algebraic and Discrete Methods" }
 @String{SIAMAlgMeth = "{SIAM} J. Algebraic Discrete Methods" }
 @String{SIAMAppMath = "{SIAM} Journal on Applied Mathematics" }
 @String{SIAMAppMath = "{SIAM} J. Appl. Math." }
 @String{SIAMComp = "{SIAM} Journal on Computing" }
 @String{SIAMComp = "{SIAM} J. Comput." }
 @String{SIAMMatrix = "{SIAM} Journal on Matrix Analysis and Applications" }
 @String{SIAMMatrix = "{SIAM} J. Matrix Anal. Appl." }
 @String{SIAMNumAnal = "{SIAM} Journal on Numerical Analysis" }
 @String{SIAMNumAnal = "{SIAM} J. Numer. Anal." }
 @String{SIAMReview = "{SIAM} Review" }
 @String{SIAMReview = "{SIAM} Rev." }
 @String{SIAMSciStat = "{SIAM} Journal on Scientific and Statistical
     Computing" }
 @String{SIAMSciStat = "{SIAM} J. Sci. Statist. Comput." }

 @String{SoftPracExp = "Software Practice and Experience" }
 @String{SoftPracExp = "Software Prac. Experience" } % didn't find in AMS MR
 @String{StatScience = "Statistical Science" }
 @String{StatScience = "Statist. Sci." }
 @String{Techno = "Technometrics" }
 @String{USSRCompMathPhys = "{USSR} Computational Mathematics and Mathematical
     Physics" }
 @String{USSRCompMathPhys = "{U. S. S. R.} Comput. Math. and Math. Phys." }
 @String{VLSICompSys = "Journal of {VLSI} and Computer Systems" }
 @String{VLSICompSys = "J. {VLSI} Comput. Syst." }
 @String{ZAngewMathMech = "Zeitschrift fur Angewandte Mathematik und
     Mechanik" }
 @String{ZAngewMathMech = "Z. Angew. Math. Mech." }
 @String{ZAngewMathPhys = "Zeitschrift fur Angewandte Mathematik und Physik" }
 @String{ZAngewMathPhys = "Z. Angew. Math. Phys." }

% Publishers % ================================================= |

 @String{Academic = "Academic Press" }
 @String{ACMPress = "{ACM} Press" }
 @String{AdamHilger = "Adam Hilger" }
 @String{AddisonWesley = "Addison-Wesley" }
 @String{AllynBacon = "Allyn and Bacon" }
 @String{AMS = "American Mathematical Society" }
 @String{Birkhauser = "Birkha{\"u}ser" }
 @String{CambridgePress = "Cambridge University Press" }
 @String{Chelsea = "Chelsea" }
 @String{ClaredonPress = "Claredon Press" }
 @String{DoverPub = "Dover Publications" }
 @String{Eyolles = "Eyolles" }
 @String{HoltRinehartWinston = "Holt, Rinehart and Winston" }
 @String{Interscience = "Interscience" }
 @String{JohnsHopkinsPress = "The Johns Hopkins University Press" }
 @String{JohnWileySons = "John Wiley and Sons" }
 @String{Macmillan = "Macmillan" }
 @String{MathWorks = "The Math Works Inc." }
 @String{McGrawHill = "McGraw-Hill" }
 @String{NatBurStd = "National Bureau of Standards" }
 @String{NorthHolland = "North-Holland" }
 @String{OxfordPress = "Oxford University Press" }  %address Oxford or London?
 @String{PergamonPress = "Pergamon Press" }
 @String{PlenumPress = "Plenum Press" }
 @String{PrenticeHall = "Prentice-Hall" }
 @String{SIAMPub = "{SIAM} Publications" }
 @String{Springer = "Springer-Verlag" }
 @String{TexasPress = "University of Texas Press" }
 @String{VanNostrand = "Van Nostrand" }
 @String{WHFreeman = "W. H. Freeman and Co." }













@inproceedings{thoolen2020ambientecho,
  title={AmbientEcho: exploring interactive media experiences in the context of residential dementia care},
  author={Thoolen, Myrte and Brankaert, Rens and Lu, Yuan},
  booktitle={Proceedings of the 2020 ACM Designing Interactive Systems Conference},
  pages={1495--1508},
  year={2020}
}


%Entries
%PICS
@article{egerod2015patient,
  title={The patient experience of intensive care: a meta-synthesis of Nordic studies},
  author={Egerod, Ingrid and Bergbom, Ingegerd and Lindahl, Berit and Henricson, Maria and Granberg-Axell, Anetth and Storli, Sissel Lisa},
  journal={International Journal of Nursing Studies},
  volume={52},
  number={8},
  pages={1354--1361},
  year={2015},
  publisher={Elsevier}
}
@article{van2019dutch,
  title={Dutch ICU survivors have more consultations with general practitioners before and after ICU admission compared to a matched control group from the general population},
  author={van Beusekom, Ilse and Bakhshi-Raiez, Ferishta and de Keizer, Nicolette F and van der Schaaf, Marike and Termorshuizen, Fabian and Dongelmans, Dave A},
  journal={PLoS One},
  volume={14},
  number={5},
  pages={e0217225},
  year={2019},
  publisher={Public Library of Science San Francisco, CA USA}
}
@article{shankar2020rate,
  title={Rate and risk factors for rehospitalisation in sepsis survivors: systematic review and meta-analysis},
  author={Shankar-Hari, Manu and Saha, Rohit and Wilson, Julie and Prescott, Hallie C and Harrison, David and Rowan, Kathryn and Rubenfeld, Gordon D and Adhikari, Neill KJ},
  journal={Intensive care medicine},
  volume={46},
  pages={619--636},
  year={2020},
  publisher={Springer}
}
@article{needham2012improving,
  title={Improving long-term outcomes after discharge from intensive care unit: report from a stakeholders' conference},
  author={Needham, Dale M and Davidson, Judy and Cohen, Henry and Hopkins, Ramona O and Weinert, Craig and Wunsch, Hannah and Zawistowski, Christine and Bemis-Dougherty, Anita and Berney, Susan C and Bienvenu, O Joseph and others},
  journal={Critical care medicine},
  volume={40},
  number={2},
  pages={502--509},
  year={2012},
  publisher={LWW}
}
@article{needham2013physical,
  title={Physical and cognitive performance of patients with acute lung injury 1 year after initial trophic versus full enteral feeding. EDEN trial follow-up},
  author={Needham, Dale M and Dinglas, Victor D and Morris, Peter E and Jackson, James C and Hough, Catherine L and Mendez-Tellez, Pedro A and Wozniak, Amy W and Colantuoni, Elizabeth and Ely, E Wesley and Rice, Todd W and others},
  journal={American journal of respiratory and critical care medicine},
  volume={188},
  number={5},
  pages={567--576},
  year={2013},
  publisher={American Thoracic Society}
}
@article{rawal2017post,
  title={Post-intensive care syndrome: an overview},
  author={Rawal, Gautam and Yadav, Sankalp and Kumar, Raj},
  journal={Journal of translational internal medicine},
  volume={5},
  number={2},
  pages={90--92},
  year={2017},
  publisher={De Gruyter Open}
}
@article{pandharipande2013long,
  title={Long-term cognitive impairment after critical illness},
  author={Pandharipande, Pratik P and Girard, Timothy D and Jackson, James C and Morandi, Alessandro and Thompson, Jennifer L and Pun, Brenda T and Brummel, Nathan E and Hughes, Christopher G and Vasilevskis, Eduard E and Shintani, Ayumi K and others},
  journal={New England Journal of Medicine},
  volume={369},
  number={14},
  pages={1306--1316},
  year={2013},
  publisher={Mass Medical Soc}
}
@article{davydow2013hospital,
  title={In-hospital acute stress symptoms are associated with impairment in cognition 1 year after intensive care unit admission},
  author={Davydow, Dimitry S and Zatzick, Douglas and Hough, Catherine L and Katon, Wayne J},
  journal={Annals of the American Thoracic Society},
  volume={10},
  number={5},
  pages={450--457},
  year={2013},
  publisher={American Thoracic Society}
}
@article{dowdy2005quality,
  title={Quality of life in adult survivors of critical illness: a systematic review of the literature},
  author={Dowdy, David W and Eid, Mark P and Sedrakyan, Artyom and Mendez-Tellez, Pedro A and Pronovost, Peter J and Herridge, Margaret S and Needham, Dale M},
  journal={Intensive care medicine},
  volume={31},
  pages={611--620},
  year={2005},
  publisher={Springer}
}
@article{griffiths2013exploration,
  title={An exploration of social and economic outcome and associated health-related quality of life after critical illness in general intensive care unit survivors: a 12-month follow-up study},
  author={Griffiths, John and Hatch, Robert A and Bishop, Judith and Morgan, Kayleigh and Jenkinson, Crispin and Cuthbertson, Brian H and Brett, Stephen J},
  journal={Critical care},
  volume={17},
  number={3},
  pages={1--12},
  year={2013},
  publisher={BioMed Central}
}
@article{inoue2019post,
  title={Post-intensive care syndrome: its pathophysiology, prevention, and future directions},
  author={Inoue, Shigeaki and Hatakeyama, Junji and Kondo, Yutaka and Hifumi, Toru and Sakuramoto, Hideaki and Kawasaki, Tatsuya and Taito, Shunsuke and Nakamura, Kensuke and Unoki, Takeshi and Kawai, Yusuke and others},
  journal={Acute medicine \& surgery},
  volume={6},
  number={3},
  pages={233--246},
  year={2019},
  publisher={Wiley Online Library}
}
@article{regev2018effectiveness,
  title={Effectiveness of art therapy with adult clients in 2018—what progress has been made?},
  author={Regev, Dafna and Cohen-Yatziv, Liat},
  journal={Frontiers in psychology},
  volume={9},
  pages={1531},
  year={2018},
  publisher={Frontiers Media SA}
}
@article{cuthbertson2009practical,
  title={The PRaCTICaL study of nurse led, intensive care follow-up programmes for improving long term outcomes from critical illness: a pragmatic randomised controlled trial},
  author={Cuthbertson, BH and Rattray, J and Campbell, Marion Kay and Gager, M and Roughton, Susanna and Smith, A and Hull, A and Breeman, S and Norrie, J and Jenkinson, David and others},
  journal={Bmj},
  volume={339},
  year={2009},
  publisher={British Medical Journal Publishing Group}
}
@inproceedings{radford2021learning,
  title={Learning transferable visual models from natural language supervision},
  author={Radford, Alec and Kim, Jong Wook and Hallacy, Chris and Ramesh, Aditya and Goh, Gabriel and Agarwal, Sandhini and Sastry, Girish and Askell, Amanda and Mishkin, Pamela and Clark, Jack and others},
  booktitle={International conference on machine learning},
  pages={8748--8763},
  year={2021},
  organization={PMLR}
}

@article{blair2017improving,
  title={Improving the patient experience by implementing an ICU diary for those at risk of post-intensive care syndrome},
  author={Blair, K Taylor A and Eccleston, Sarah D and Binder, Hannah M and McCarthy, Mary S},
  journal={Journal of patient experience},
  volume={4},
  number={1},
  pages={4--9},
  year={2017},
  publisher={SAGE Publications Sage CA: Los Angeles, CA}
}
@article{demoule2017impact,
  title={Impact of earplugs and eye mask on sleep in critically ill patients: a prospective randomized study},
  author={Demoule, Alexandre and Carreira, Serge and Lavault, Sophie and Pallanca, Olivier and Morawiec, Elise and Mayaux, Julien and Arnulf, Isabelle and Similowski, Thomas},
  journal={Critical Care},
  volume={21},
  number={1},
  pages={1--9},
  year={2017},
  publisher={BioMed Central}
}
@article{litton2016efficacy,
  title={The efficacy of earplugs as a sleep hygiene strategy for reducing delirium in the ICU: a systematic review and meta-analysis},
  author={Litton, Edward and Carnegie, Vanessa and Elliott, Rosalind and Webb, Steve AR},
  journal={Critical care medicine},
  volume={44},
  number={5},
  pages={992--999},
  year={2016},
  publisher={Wolters Kluwer}
}
@article{van2017effect,
  title={Effect of nocturnal sound reduction on the incidence of delirium in intensive care unit patients: an interrupted time series analysis},
  author={van de Pol, Ineke and van Iterson, Mat and Maaskant, Jolanda},
  journal={Intensive and Critical Care Nursing},
  volume={41},
  pages={18--25},
  year={2017},
  publisher={Elsevier}
}
@article{ulrich1984view,
  title={View through a window may influence recovery from surgery},
  author={Ulrich, Roger S},
  journal={science},
  volume={224},
  number={4647},
  pages={420--421},
  year={1984},
  publisher={American association for the advancement of science}
}
@article{ulrich1991stress,
  title={Stress recovery during exposure to natural and urban environments},
  author={Ulrich, Roger S and Simons, Robert F and Losito, Barbara D and Fiorito, Evelyn and Miles, Mark A and Zelson, Michael},
  journal={Journal of environmental psychology},
  volume={11},
  number={3},
  pages={201--230},
  year={1991},
  publisher={Elsevier}
}
@article{diette2003distraction,
  title={Distraction therapy with nature sights and sounds reduces pain during flexible bronchoscopy: A complementary approach to routine analgesia},
  author={Diette, Gregory B and Lechtzin, Noah and Haponik, Edward and Devrotes, Aline and Rubin, Haya R},
  journal={Chest},
  volume={123},
  number={3},
  pages={941--948},
  year={2003},
  publisher={Elsevier}
}
@article{nanda2011effect,
  title={Effect of visual art on patient anxiety and agitation in a mental health facility and implications for the business case},
  author={Nanda, Upali and Eisen, S and Zadeh, Rana S and Owen, Deborah},
  journal={Journal of psychiatric and mental health nursing},
  volume={18},
  number={5},
  pages={386--393},
  year={2011},
  publisher={Wiley Online Library}
}
@inproceedings{ulrich2001effects,
  title={Effects of healthcare environmental design on medical outcomes},
  author={Ulrich, Roger S},
  booktitle={Design and Health: Proceedings of the Second International Conference on Health and Design. Stockholm, Sweden: Svensk Byggtjanst},
  volume={49},
  pages={59},
  year={2001}
}
@article{crigger2022trustworthy,
  title={Trustworthy augmented intelligence in health care},
  author={Crigger, Elliott and Reinbold, Karen and Hanson, Chelsea and Kao, Audiey and Blake, Kathleen and Irons, Mira},
  journal={Journal of Medical Systems},
  volume={46},
  number={2},
  pages={12},
  year={2022},
  publisher={Springer}
}
@article{chanel2020towards,
  title={Towards mixed-initiative human--robot interaction: Assessment of discriminative physiological and behavioral features for performance prediction},
  author={Chanel, Caroline PC and Roy, Rapha{\"e}lle N and Dehais, Fr{\'e}d{\'e}ric and Drougard, Nicolas},
  journal={Sensors},
  volume={20},
  number={1},
  pages={296},
  year={2020},
  publisher={MDPI}
}
@inproceedings{piovesan2015mixed,
  title={A mixed-initiative approach to the conciliation of clinical guidelines for comorbid patients},
  author={Piovesan, Luca and Terenziani, Paolo},
  booktitle={Knowledge Representation for Health Care: AIME 2015 International Joint Workshop, KR4HC/ProHealth 2015, Pavia, Italy, June 20, 2015, Revised Selected Papers},
  pages={95--108},
  year={2015},
  organization={Springer}
}
@article{zhou2020human,
  title={Human-in-the-loop-aided privacy-preserving scheme for smart healthcare},
  author={Zhou, Tianqi and Shen, Jian and He, Debiao and Vijayakumar, Pandi and Kumar, Neeraj},
  journal={IEEE transactions on emerging topics in computational intelligence},
  volume={6},
  number={1},
  pages={6--15},
  year={2020},
  publisher={IEEE}
}
@article{kabata2024human,
  title={Human in the loop requirement and AI healthcare applications in low-resource settings: A narrative review},
  author={Kabata, F and Thaldar, D},
  journal={South African Journal of Bioethics and Law},
  pages={e1975--e1975},
  year={2024}
}
@article{middleton2022trust,
  title={Trust, regulation, and human-in-the-loop AI: within the European region},
  author={Middleton, Stuart E and Letouz{\'e}, Emmanuel and Hossaini, Ali and Chapman, Adriane},
  journal={Communications of the ACM},
  volume={65},
  number={4},
  pages={64--68},
  year={2022},
  publisher={ACM New York, NY, USA}
}
@article{ontika2022exploring,
  title={Exploring human-centered AI in healthcare: diagnosis, explainability, and trust},
  author={Ontika, Nazmun Nisat and Syed, Hussain Abid and Sa{\ss}mannshausen, Sheree May and Harper, Richard HR and Chen, Yunan and Park, Sun Young and Grisot, Miria and Chow, Astrid and Blaumer, Nils and Pinatti de Carvalho, Aparecido Fabiano and others},
  year={2022},
  publisher={European Society for Socially Embedded Technologies (EUSSET)}
}
@article{yau2021augmented,
  title={Augmented intelligence: surveys of literature and expert opinion to understand relations between human intelligence and artificial intelligence},
  author={Yau, Kok-Lim Alvin and Lee, Heejeong Jasmine and Chong, Yung-Wey and Ling, Mee Hong and Syed, Aqeel Raza and Wu, Celimuge and Goh, Hock Guan},
  journal={IEEE Access},
  volume={9},
  pages={136744--136761},
  year={2021},
  publisher={IEEE}
}
@article{sadiku2021augmented,
  title={Augmented intelligence},
  author={Sadiku, Matthew NO and Musa, Sarhan M and Sadiku, Matthew NO and Musa, Sarhan M},
  journal={A Primer on Multiple Intelligences},
  pages={191--199},
  year={2021},
  publisher={Springer}
}
@book{grover2024approaches,
  title={Approaches to Human-centered AI in Healthcare},
  author={Grover, Veena and Balusamy, Balamurugan and MK, Nallakaruppan and Anand, Vijay and Milanova, Mariofanna},
  year={2024},
  publisher={IGI Global}
}
@article{strong2024towards,
  title={Towards Human-AI Collaboration in Healthcare: Guided Deferral Systems with Large Language Models},
  author={Strong, Joshua and Men, Qianhui and Noble, Alison},
  journal={arXiv preprint arXiv:2406.07212},
  year={2024}
}
@book{shneiderman2022human,
  title={Human-centered AI},
  author={Shneiderman, Ben},
  year={2022},
  publisher={Oxford University Press}
}
@inproceedings{amershi2019guidelines,
  title={Guidelines for human-AI interaction},
  author={Amershi, Saleema and Weld, Dan and Vorvoreanu, Mihaela and Fourney, Adam and Nushi, Besmira and Collisson, Penny and Suh, Jina and Iqbal, Shamsi and Bennett, Paul N and Inkpen, Kori and others},
  booktitle={Proceedings of the 2019 chi conference on human factors in computing systems},
  pages={1--13},
  year={2019}
}
@article{luo2024emergence,
  title={Emergence of Artificial Intelligence Art Therapies (AIATs) in Mental Health Care: A Systematic Review},
  author={Luo, Xuexing and Zhang, Aijia and Li, Yu and Zhang, Zheyu and Ying, Fangtian and Lin, Runqing and Yang, Qianxu and Wang, Jue and Huang, Guanghui},
  journal={International Journal of Mental Health Nursing},
  year={2024},
  publisher={Wiley Online Library}
}
@article{kim2024artwork,
  title={Artwork Recommendations based on User Preferences: Integrating Clustering Analysis with Visual Features},
  author={Kim, Eunhoo and Cha, Junyeop and Jeong, Dahye and Park, Eunil},
  journal={ACM Journal on Computing and Cultural Heritage},
  volume={17},
  number={3},
  pages={1--10},
  year={2024},
  publisher={ACM New York, NY}
}
@article{lee2017effects,
  title={Effects of music intervention on state anxiety and physiological indices in patients undergoing mechanical ventilation in the intensive care unit: a randomized controlled trial},
  author={Lee, Chiu-Hsiang and Lee, Chien-Ying and Hsu, Ming-Yi and Lai, Chiung-Ling and Sung, Yi-Hui and Lin, Chung-Ying and Lin, Long-Yau},
  journal={Biological research for nursing},
  volume={19},
  number={2},
  pages={137--144},
  year={2017},
  publisher={SAGE Publications Sage CA: Los Angeles, CA}
}
@article{kotfis2020covid,
  title={COVID-19: What do we need to know about ICU delirium during the SARS-CoV-2 pandemic?},
  author={Kotfis, Katarzyna and Roberson, Shawniqua Williams and Wilson, Jo and Pun, Brenda and Ely, E Wesley and Je{\.z}owska, Ilona and Jezierska, Maja and Dabrowski, Wojciech},
  journal={Anaesthesiology intensive therapy},
  volume={52},
  number={2},
  pages={132--138},
  year={2020},
  publisher={Termedia}
}
@article{ramnarain2021post,
  title={Post Intensive Care Syndrome (PICS): an overview of the definition, etiology, risk factors, and possible counseling and treatment strategies},
  author={Ramnarain, Dharmanand and Aupers, Emily and den Oudsten, Brenda and Oldenbeuving, Annemarie and de Vries, Jolanda and Pouwels, Sjaak},
  journal={Expert Review of Neurotherapeutics},
  volume={21},
  number={10},
  pages={1159--1177},
  year={2021},
  publisher={Taylor \& Francis}
}

@article{jensen2015impact,
  title={Impact of follow-up consultations for ICU survivors on post-ICU syndrome: a systematic review and meta-analysis},
  author={Jensen, Janet Froulund and Thomsen, Thordis and Overgaard, Dorthe and Bestle, Morten Heiberg and Christensen, Doris and Egerod, Ingrid},
  journal={Intensive care medicine},
  volume={41},
  pages={763--775},
  year={2015},
  publisher={Springer}
}
@article{pourmand2018virtual,
  title={Virtual reality as a clinical tool for pain management},
  author={Pourmand, Ali and Davis, Steven and Marchak, Alex and Whiteside, Tess and Sikka, Neal},
  journal={Current pain and headache reports},
  volume={22},
  pages={1--6},
  year={2018},
  publisher={Springer}
}

@article{li2014game,
  title={Game-based digital interventions for depression therapy: a systematic review and meta-analysis},
  author={Li, Jinhui and Theng, Yin-Leng and Foo, Schubert},
  journal={Cyberpsychology, Behavior, and Social Networking},
  volume={17},
  number={8},
  pages={519--527},
  year={2014},
  publisher={Mary Ann Liebert, Inc. 140 Huguenot Street, 3rd Floor New Rochelle, NY 10801 USA}
}
@article{kim2021overview,
  title={Overview and strategy analysis of technology-based nonpharmacological interventions for in-hospital delirium prevention and reduction: systematic scoping review},
  author={Kim, Chan Mi and van Der Heide, Esther M and van Rompay, Thomas JL and Verkerke, Gijsbertus J and Ludden, Geke DS},
  journal={Journal of medical internet research},
  volume={23},
  number={8},
  pages={e26079},
  year={2021},
  publisher={JMIR Publications Toronto, Canada}
}
@article{kosinski2020post,
  title={What Is Post--Intensive Care Syndrome (PICS)?},
  author={Kosinski, Samuel and Mohammad, Rima A and Pitcher, Mari and Haezebrouck, Evan and Coe, Antoinette B and Costa, Deena K and Prescott, Hallie C and Iwashyna, Theodore J and McSparron, Jakob I},
  journal={American journal of respiratory and critical care medicine},
  volume={201},
  number={8},
  pages={P15--P16},
  year={2020},
  publisher={American Thoracic Society}
}


%ART therapy
@article{jenabi2023effect,
  title={The effect of the art therapy interventions on depression symptoms among older adults: a meta-analysis of controlled clinical trials},
  author={Jenabi, Ensiyeh and Bashirian, Saeid and Ayubi, Erfan and Rafiee, Masoud and Bashirian, Mozhdeh},
  journal={Journal of geriatric psychiatry and neurology},
  volume={36},
  number={3},
  pages={185--192},
  year={2023},
  publisher={SAGE Publications Sage CA: Los Angeles, CA}
}

@book{case2014handbook,
  title={The handbook of art therapy},
  author={Case, Caroline and Dalley, Tessa},
  year={2014},
  publisher={Routledge}
}



@article{zhong2016overview,
  title={An overview on data representation learning: From traditional feature learning to recent deep learning},
  author={Zhong, Guoqiang and Wang, Li-Na and Ling, Xiao and Dong, Junyu},
  journal={The Journal of Finance and Data Science},
  volume={2},
  number={4},
  pages={265--278},
  year={2016},
  publisher={Elsevier}
}
@article{ulrich2003healingarts,
  title={HealingArts-NutritionforTheSoul},
  author={Ulrich, R and Gilpin, L},
  journal={Charmel, PM, Frampton, SB, Gilpin, L},
  pages={89--104},
  year={2003}
}
@article{nanda2008undertaking,
  title={Undertaking an art survey to compare patient versus student art preferences},
  author={Nanda, Upali and Eisen, Sarajane L and Baladandayuthapani, Veerabhadran},
  journal={Environment and Behavior},
  volume={40},
  number={2},
  pages={269--301},
  year={2008},
  publisher={Sage Publications Sage CA: Los Angeles, CA}
}
@article{hathorn2008guide,
  title={A guide to evidence-based art},
  author={Hathorn, Kathy and Nanda, Upali},
  journal={The Center for Health Design},
  volume={1},
  pages={1--23},
  year={2008}
}

@article{ulrich1993effects,
  title={Effects of exposure to nature and abstract pictures on patients recovering from heart surgery},
  author={Ulrich, Roger S and Lunden, Outi and Eltinge, JL},
  journal={Psychophysiology},
  volume={30},
  number={7},
  year={1993}
}
@book{wilson1986biophilia,
  title={Biophilia},
  author={Wilson, Edward O},
  year={1986},
  publisher={Harvard university press}
}
@article{appleton1975experience,
  title={The Experience of Landscape John Wiley},
  author={Appleton, J},
  journal={New York},
  year={1975}
}
%VA REcSys
@inproceedings{cooney2022unimodal,
  title={Unimodal and Multimodal Representation Training for Relation Extraction},
  author={Cooney, Ciaran and Heyburn, Rachel and Madigan, Liam and O’Cuinn, Mairead and Thompson, Chloe and Cavadas, Joana},
  booktitle={Irish Conference on Artificial Intelligence and Cognitive Science},
  pages={450--461},
  year={2022},
  organization={Springer}
}
@inproceedings{Yilmaleiva23,
  title={The Elements of Visual Art Recommendation: Learning Latent Semantic Representations of Paintings},
  author={Bereket A. Yilma and Luis A. Leiva},
  booktitle={Proceedings of the 2023 CHI Conference on Human Factors in Computing Systems (CHI '23), April 23--28, 2023, Hamburg, Germany},
  doi = {10.1145/3544548.3581477},

  year={2023},
  publisher={ACM Press}
}
@article{palumbo2023visual,
  title={Visual exploration mediates the influence of personal traits on responses to artworks in an art gallery setting.},
  author={Palumbo, Letizia and Harrison, Neil Richard and Trawi{\'n}ski, Tobiasz and Kass, Jason and Metelmann, Andrea Caroline and Bari, Rai Samar Ghulam and Donnelly, Nicholas},
  journal={Psychology of Aesthetics, Creativity, and the Arts},
  year={2023},
  publisher={Educational Publishing Foundation}
}
@article{li2022blip,
  title={Blip: Bootstrapping language-image pre-training for unified vision-language understanding and generation},
  author={Li, Junnan and Li, Dongxu and Xiong, Caiming and Hoi, Steven},
  journal={arXiv preprint arXiv:2201.12086},
  year={2022}
}
@inproceedings{wu2020paintkg,
  title={PaintKG: the painting knowledge graph using bilstm-crf},
  author={Wu, Han and Liu, Shuo Yan and Zheng, Wenkai and Yang, Yifu and Gao, Han},
  booktitle={2020 International Conference on Information Science and Education (ICISE-IE)},
  pages={412--417},
  year={2020},
  organization={IEEE}
}

@article{pun2019caring,
  title={Caring for critically ill patients with the ABCDEF bundle: results of the ICU liberation collaborative in over 15,000 adults},
  author={Pun, Brenda T and Balas, Michele C and Barnes-Daly, Mary Ann and Thompson, Jennifer L and Aldrich, J Matthew and Barr, Juliana and Byrum, Diane and Carson, Shannon S and Devlin, John W and Engel, Heidi J and others},
  journal={Critical care medicine},
  volume={47},
  number={1},
  pages={3},
  year={2019},
  publisher={NIH Public Access}
}
@article{li2021align,
  title={Align before fuse: Vision and language representation learning with momentum distillation},
  author={Li, Junnan and Selvaraju, Ramprasaath and Gotmare, Akhilesh and Joty, Shafiq and Xiong, Caiming and Hoi, Steven Chu Hong},
  journal={Advances in neural information processing systems},
  volume={34},
  pages={9694--9705},
  year={2021}
}
@inproceedings{yilma2020personalised,
  title={Personalised visual art recommendation by learning latent semantic representations},
  author={Yilma, Bereket Abera and Aghenda, Najib and Romero, Marcelo and Naudet, Yannick and Panetto, Herv{\'e}},
  booktitle={2020 15th International Workshop on Semantic and Social Media Adaptation and Personalization (SMA},
  pages={1--6},
  year={2020},
  organization={IEEE}
}
@inproceedings{YilmaleivaUMAP23,
author = {Yilma, Bereket A. and Leiva, Luis A.},
title = {Together Yet Apart: Multimodal Representation Learning for Personalised Visual Art Recommendation},
year = {2023},
isbn = {9781450399326},
publisher = {Association for Computing Machinery},
address = {New York, NY, USA},
url = {https://doi.org/10.1145/3565472.3592964},
doi = {10.1145/3565472.3592964},
abstract = {With the advent of digital media, the availability of art content has greatly expanded, making it increasingly challenging for individuals to discover and curate works that align with their personal preferences and taste. The task of providing accurate and personalized Visual Art (VA) recommendations is thus a complex one, requiring a deep understanding of the intricate interplay of multiple modalities such as image, textual descriptions, or other metadata. In this paper, we study the nuances of modalities involved in the VA domain (image and text) and how they can be effectively harnessed to provide a truly personalized art experience to users. Particularly, we develop four fusion-based multimodal VA recommendation pipelines and conduct a large-scale user-centric evaluation. Our results indicate that early fusion (i.e, joint multimodal learning of visual and textual features) is preferred over a late fusion of ranked paintings from unimodal models (state-of-the-art baselines) but only if the latent representation space of the multimodal painting embeddings is entangled. Our findings open a new perspective for a better representation learning in the VA RecSys domain.},
booktitle = {Proceedings of the 31st ACM Conference on User Modeling, Adaptation and Personalization},
pages = {204–214},
numpages = {11},
keywords = {Machine Learning, Artwork, Personalization, User Experience, Recommendation},
location = {Limassol, Cyprus},
series = {UMAP '23}
}

@book{hamilton2010design,
  title={Design for critical care: An evidence-based approach},
  author={Hamilton, D Kirk and Shepley, Mardelle McCuskey},
  year={2010},
  publisher={Routledge}
}
@article{pastores2019workforce,
  title={Workforce, workload, and burnout among intensivists and advanced practice providers: a narrative review},
  author={Pastores, Stephen M and Kvetan, Vladimir and Coopersmith, Craig M and Farmer, J Christopher and Sessler, Curtis and Christman, John W and D’Agostino, Rhonda and Diaz-Gomez, Jose and Gregg, Sara R and Khan, Roozehra A and others},
  journal={Critical care medicine},
  volume={47},
  number={4},
  pages={550--557},
  year={2019},
  publisher={LWW}
}
@article{chang2019relationship,
  title={The relationship between nursing workload, quality of care, and nursing payment in intensive care units},
  author={Chang, Li-Yin and Hsiu-Hui, YU and others},
  journal={The Journal of Nursing Research},
  volume={27},
  number={1},
  pages={1},
  year={2019},
  publisher={Wolters Kluwer Health}
}
@article{braun2006using,
  title={Using thematic analysis in psychology},
  author={Braun, Virginia and Clarke, Victoria},
  journal={Qualitative research in psychology},
  volume={3},
  number={2},
  pages={77--101},
  year={2006},
  publisher={Taylor \& Francis}
}

@article{veling2021virtual,
  title={Virtual reality relaxation for patients with a psychiatric disorder: crossover randomized controlled trial},
  author={Veling, Wim and Lestestuiver, Bart and Jongma, Marieke and Hoenders, HJ Rogier and van Driel, Catheleine},
  journal={Journal of medical Internet research},
  volume={23},
  number={1},
  pages={e17233},
  year={2021},
  publisher={JMIR Publications Toronto, Canada}
}
@article{kim2023morning,
  title={From a Morning Forest to a Sunset Beach: Understanding Visual Experiences and the Roles of Personal Characteristics for Designing Relaxing Digital Nature},
  author={Kim, Chan Mi and van Rompay, Thomas JL and Louwers, Gijs LM and Yoon, Jungkyoon and Ludden, Geke DS},
  journal={International Journal of Human--Computer Interaction},
  pages={1--18},
  year={2023},
  publisher={Taylor \& Francis}
}
@article{geue2010overview,
  title={An overview of art therapy interventions for cancer patients and the results of research},
  author={Geue, Kristina and Goetze, Heide and Buttstaedt, Marianne and Kleinert, Evelyn and Richter, Diana and Singer, Susanne},
  journal={Complementary therapies in medicine},
  volume={18},
  number={3-4},
  pages={160--170},
  year={2010},
  publisher={Elsevier}
}
@article{malbos2013creation,
  title={Creation of interactive virtual environments for exposure therapy through game-level editors: Comparison and tests on presence and anxiety},
  author={Malbos, Eric and Rapee, Ronald M and Kavakli, Manolya},
  journal={International Journal of Human-Computer Interaction},
  volume={29},
  number={12},
  pages={827--837},
  year={2013},
  publisher={Taylor \& Francis}
}
@article{hung2022exploring,
  title={Exploring the Experience of Traveling to Familiar Places in VR: An Empirical Study Using Google Earth VR},
  author={Hung, Peng-Kai and Liang, Rung-Huei and Ma, Shih-Yu and Kong, Bo-Wen},
  journal={International Journal of Human--Computer Interaction},
  pages={1--23},
  year={2022},
  publisher={Taylor \& Francis}
}
@article{waszynski2018using,
  title={Using simulated family presence to decrease agitation in older hospitalized delirious patients: A randomized controlled trial},
  author={Waszynski, Christine M and Milner, Kerry A and Staff, Ilene and Molony, Sheila L},
  journal={International journal of nursing studies},
  volume={77},
  pages={154--161},
  year={2018},
  publisher={Elsevier}
}
@article{schouten2015effectiveness,
  title={The effectiveness of art therapy in the treatment of traumatized adults: A systematic review on art therapy and trauma},
  author={Schouten, Karin Alice and de Niet, Gerrit J and Knipscheer, Jeroen W and Kleber, Rolf J and Hutschemaekers, Giel JM},
  journal={Trauma, violence, \& abuse},
  volume={16},
  number={2},
  pages={220--228},
  year={2015},
  publisher={Sage Publications Sage CA: Los Angeles, CA}
}
@book{madigan2011narrative,
  title={Narrative therapy.},
  author={Madigan, Stephen},
  year={2011},
  publisher={American Psychological Association}
}
@article{yilma2024mosaic,
  title={MOSAIC: Multimodal Multistakeholder-aware Visual Art Recommendation},
  author={Yilma, Bereket A and Leiva, Luis A},
  journal={arXiv preprint arXiv:2407.21758},
  year={2024}
}
@inproceedings{yilma2024artful,
author = {Yilma, Bereket A. and Kim, Chan Mi and Cupchik, Gerald C. and Leiva, Luis A.},
title = {Artful Path to Healing: Using Machine Learning for Visual Art Recommendation to Prevent and Reduce Post-Intensive Care Syndrome (PICS)},
year = {2024},
isbn = {9798400703300},
publisher = {Association for Computing Machinery},
address = {New York, NY, USA},
url = {https://doi.org/10.1145/3613904.3642636},
doi = {10.1145/3613904.3642636},
booktitle = {Proceedings of the CHI Conference on Human Factors in Computing Systems},
articleno = {447},
numpages = {19},
keywords = {Artwork, Health, Machine Learning, Personalization, Recommendation, User Experience, intensive care unit, rehabilitation},
location = {Honolulu, HI, USA},
series = {CHI '24}
}
@article{desmet2016mood,
  title={Mood measurement with Pick-A-Mood: review of current methods and design of a pictorial self-report scale},
  author={Desmet, Pieter MA and Vastenburg, Martijn H and Romero, Natalia},
  journal={Journal of Design Research},
  volume={14},
  number={3},
  pages={241--279},
  year={2016},
  publisher={Inderscience Publishers (IEL)}
}
@inproceedings{yilma2023elements,
  title={The Elements of Visual Art Recommendation: Learning Latent Semantic Representations of Paintings},
  author={Yilma, Bereket A and Leiva, Luis A},
  booktitle={Proceedings of the 2023 CHI Conference on Human Factors in Computing Systems},
  pages={1--17},
  year={2023}
}
@inproceedings{yilma2023together,
author = {Yilma, Bereket A. and Leiva, Luis A.},
title = {Together Yet Apart: Multimodal Representation Learning for Personalised Visual Art Recommendation},
year = {2023},
isbn = {9781450399326},
publisher = {Association for Computing Machinery},
address = {New York, NY, USA},
url = {https://doi.org/10.1145/3565472.3592964},
doi = {10.1145/3565472.3592964},
booktitle = {Proceedings of the 31st ACM Conference on User Modeling, Adaptation and Personalization},
pages = {204–214},
numpages = {11},
keywords = {Artwork, Machine Learning, Personalization, Recommendation, User Experience},
location = {Limassol, Cyprus},
series = {UMAP '23}
}
@inproceedings{kim2024nature,
  title={Nature-Led Complacency: Biophilic Workplace Environments’ Negative Impact on Work Behaviors},
  author={Kim, Hae-Lyeng Rose},
  booktitle={Academy of Management Proceedings},
  volume={2024},
  number={1},
  pages={12043},
  year={2024},
  organization={Academy of Management Valhalla, NY 10595}
}
@article{felsten2009take,
  title={Where to take a study break on the college campus: An attention restoration theory perspective},
  author={Felsten, Gary},
  journal={Journal of environmental psychology},
  volume={29},
  number={1},
  pages={160--167},
  year={2009},
  publisher={Elsevier}
}
@article{haeyen2020benefits,
  title={Benefits of art therapy in people diagnosed with personality disorders: a quantitative survey},
  author={Haeyen, Suzanne and Chakhssi, Farid and Van Hooren, Susan},
  journal={Frontiers in Psychology},
  volume={11},
  pages={686},
  year={2020},
  publisher={Frontiers Media SA}
}
@inproceedings{yilma2021personalisation,
  title={Personalisation in cyber-physical-social systems: A multi-stakeholder aware recommendation and guidance},
  author={Yilma, Bereket Abera and Naudet, Yannick and Panetto, Herv{\'e}},
  booktitle={Proceedings of the 29th ACM Conference on User Modeling, Adaptation and Personalization},
  pages={251--255},
  year={2021}
}

@article{kim2023relaxation,
  title={From a Morning Forest to a Sunset Beach: Understanding Visual Experiences and the Roles of Personal Characteristics for Designing Relaxing Digital Nature},
  author={Kim, Chan Mi and van Rompay, Thomas JL and Louwers, Gijs LM and Yoon, Jungkyoon and Ludden, Geke DS},
  journal={International Journal of Human–Computer Interaction},
  volume={},
  number={},
  pages={241--279},
  year={2023},
  publisher={Taylor \& Francis}
}
@book{allen2008coping,
  title={Coping with trauma: Hope through understanding},
  author={Allen, Jon G},
  year={2008},
  publisher={American Psychiatric Pub}
}
@book{dalley2008art,
  title={Art as therapy: An introduction to the use of art as a therapeutic technique},
  author={Dalley, Tessa},
  year={2008},
  publisher={Routledge}
}
@book{mayer1991artist,
  title={The Artist's Handbook of Materials and Techniques},
  author={Mayer, R. and Sheehan, S.},
  isbn={9780670837014},
  lccn={90050357},
  url={https://books.google.lu/books?id=tQ9nYreyGwEC},
  year={1991},
  publisher={Viking}
}

@article{Schielzeth20,
  author  = {Holger Schielzeth and Niels J. Dingemanse and Shinichi Nakagawa and David F. Westneat and Hassen Allegue and Céline Teplitsky and Denis Réale and Ned A. Dochtermann and László Zsolt Garamszegi and Yimen G. Araya‐Ajoy},
  title   = {Robustness of linear mixed‐effects models to violations of distributional assumptions},
  journal = {Methods Ecol. Evol.},
  volume  = {11},
  number  = {9},
  year    = {2020},
  pages = {1141--1152},
}
@article{nguyen2019advanced,
  title={Advanced cosine measures for collaborative filtering},
  author={Nguyen, Loc and Amer, Ali A},
  journal={Adapt Personalization (ADP)},
  volume={1},
  pages={21--41},
  year={2019}
}
@article{bengio2013representation,
  title={Representation learning: A review and new perspectives},
  author={Bengio, Yoshua and Courville, Aaron and Vincent, Pascal},
  journal={IEEE transactions on pattern analysis and machine intelligence},
  volume={35},
  number={8},
  pages={1798--1828},
  year={2013},
  publisher={IEEE}
}


@inproceedings{lykourentzou2013improving,
  title={Improving museum visitors' Quality of Experience through intelligent recommendations: A visiting style-based approach},
  author={Lykourentzou, Ioanna and Claude, Xavier and Naudet, Yannick and Tobias, Eric and Antoniou, Angeliki and Lepouras, George and Vasilakis, Costas},
  booktitle={Workshop Proceedings of the 9th International Conference on intelligent environments},
  pages={507--518},
  year={2013},
  organization={IOS Press}
}
@inproceedings{priyogi2019preference,
  title={Preference elicitation strategy for conversational recommender system},
  author={Priyogi, Bilih},
  booktitle={Proceedings of the twelfth ACM international conference on web search and data mining},
  pages={824--825},
  year={2019}
}

@article{10.1145/1852102.1852106,
author = {Webber, William and Moffat, Alistair and Zobel, Justin},
title = {A Similarity Measure for Indefinite Rankings},
year = {2010},
issue_date = {November 2010},
publisher = {Association for Computing Machinery},
address = {New York, NY, USA},
volume = {28},
number = {4},
issn = {1046-8188},
url = {https://doi.org/10.1145/1852102.1852106},
doi = {10.1145/1852102.1852106},
articleno = {20},
numpages = {38},
keywords = {ranking, probabilistic models, Rank correlation}
}

@article{rai2010survey,
  title={A survey of clustering techniques},
  author={Rai, Pradeep and Singh, Shubha},
  journal={International Journal of Computer Applications},
  volume={7},
  number={12},
  pages={1--5},
  year={2010},
  publisher={International Journal of Computer Applications, 244 5 th Avenue,\# 1526, New~…}
}

@inproceedings{he2016vista,
  title={Vista: a visually, socially, and temporally-aware model for artistic recommendation},
  author={He, Ruining and Fang, Chen and Wang, Zhaowen and McAuley, Julian},
  booktitle={Proceedings of the 10th ACM Conference on Recommender Systems},
  pages={309--316},
  year={2016}
}

@article{messina2020curatornet,
  title={CuratorNet: Visually-aware Recommendation of Art Images},
  author={Messina, Pablo and Cartagena, Manuel and Cerda, Patricio and del Rio, Felipe and Parra, Denis},
  year={2020}
}
@article{zhao2021topic,
  title={Topic modelling meets deep neural networks: A survey},
  author={Zhao, He and Phung, Dinh and Huynh, Viet and Jin, Yuan and Du, Lan and Buntine, Wray},
  journal={arXiv preprint arXiv:2103.00498},
  year={2021}
}

@article{messina2017exploring,
  title={Exploring Content-based Artwork Recommendation with Metadata and Visual Features},
  author={Messina, Pablo and Dominguez, Vicente and Parra, Denis and Trattner, Christoph and Soto, Alvaro},
  journal={arXiv preprint arXiv:1706.05786},
  year={2017}
}

@article{blei2003latent,
  title={Latent dirichlet allocation},
  author={Blei, David M and Ng, Andrew Y and Jordan, Michael I},
  journal={Journal of machine Learning research},
  volume={3},
  number={Jan},
  pages={993--1022},
  year={2003}
}

@article{devlin2018bert,
  title={Bert: Pre-training of deep bidirectional transformers for language understanding},
  author={Devlin, Jacob and Chang, Ming-Wei and Lee, Kenton and Toutanova, Kristina},
  journal={arXiv preprint arXiv:1810.04805},
  year={2018}
}

@inproceedings{he2016deep,
  title={Deep residual learning for image recognition},
  author={He, Kaiming and Zhang, Xiangyu and Ren, Shaoqing and Sun, Jian},
  booktitle={Proceedings of the IEEE conference on computer vision and pattern recognition},
  pages={770--778},
  year={2016}
}

@inproceedings{10.1145/1571941.1572114,
author = {Cormack, Gordon V. and Clarke, Charles L A and Buettcher, Stefan},
title = {Reciprocal Rank Fusion Outperforms Condorcet and Individual Rank Learning Methods},
year = {2009},
isbn = {9781605584836},
publisher = {Association for Computing Machinery},
address = {New York, NY, USA},
url = {https://doi.org/10.1145/1571941.1572114},
doi = {10.1145/1571941.1572114},
abstract = {Reciprocal Rank Fusion (RRF), a simple method for combining the document rankings from multiple IR systems, consistently yields better results than any individual system, and better results than the standard method Condorcet Fuse. This result is demonstrated by using RRF to combine the results of several TREC experiments, and to build a meta-learner that ranks the LETOR 3 dataset better than any previously reported method},
booktitle = {Proceedings of the 32nd International ACM SIGIR Conference on Research and Development in Information Retrieval},
pages = {758–759},
numpages = {2},
keywords = {ranking, fusion, aggregation},
location = {Boston, MA, USA},
series = {SIGIR '09}
}

@inproceedings{pu2011user,
  title={A user-centric evaluation framework for recommender systems},
  author={Pu, Pearl and Chen, Li and Hu, Rong},
  booktitle={Proceedings of the fifth ACM conference on Recommender systems},
  pages={157--164},
  year={2011}
}

@inproceedings{kontiza2018museum,
  title={A museum app to trigger users' reflection},
  author={Kontiza, Kalliopi and Loboda, Olga and Deladiennee, Louis and Castagnos, Sylvain and Naudet, Yannick},
  booktitle={International Workshop on Mobile Access to Cultural Heritage (MobileCH2018)},
  year={2018}
}

@article{helal2013lessons,
  title={Lessons learned: Evaluating the Whitney’s multimedia guide},
  author={Helal, D and Maxson, H and Ancelet, J},
  journal={l{\'\i}nea).< http://mw2013. museumsandtheweb. com/paper/lessons-learned-evaluating-the-whitneys-multimedia-guide/>, acceso},
  volume={25},
  year={2013}
}

@book{falk2016identity,
  title={Identity and the museum visitor experience},
  author={Falk, John H},
  year={2016},
  publisher={Routledge}
}

@inproceedings{hage2010finding,
  title={Finding your way through the Rijksmuseum with an adaptive mobile museum guide},
  author={Hage, Willem Robert van and Stash, Natalia and Wang, Yiwen and Aroyo, Lora},
  booktitle={Extended semantic web conference},
  pages={46--59},
  year={2010},
  organization={Springer}
}

@INPROCEEDINGS{8022674,
author={Deladiennee, Louis and Naudet, Yannick},
booktitle={2017 12th International Workshop on Semantic and Social Media Adaptation and Personalization (SMAP)},
title={A graph-based semantic recommender system for a reflective and personalised museum visit: Extended abstract},
year={2017},
volume={},
number={},
pages={88-89},  doi={10.1109/SMAP.2017.8022674}}

@inproceedings{kuflik2014graph,
  title={Graph-based Recommendation in the Museum},
  author={Kuflik, Tsvi and Minkov, Einat and Kahanov, Keren},
  booktitle={DMRS},
  pages={46--48},
  year={2014},
  organization={Citeseer}
}

@InBook{kuflik12profiles,
  title = {Analysis and Prediction of Museum Visitors’ Behavioral Pattern Types},
  author = {Tsvi Kuflik and Zvi Boger and Massimo Zancanaro},
  year = {2012},
  booktitle = {Ubiquitous Display Environments},
  pages = {161--176},
}

@incollection{aroyo2007personalized,
  title={Personalized museum experience: The {Rijksmuseum} use case},
  author={Aroyo, LM and Wang, Y and Brussee, R and Gorgels, Peter and Rutledge, LW and Stash, N},
  booktitle={Museums and the Web 2007 (San Francisco CA, USA, April 11-14, 2007. Proceedings)},
  year={2007},
  publisher={Archives \& Museum Informatics}
}

@misc{esman2012world,
  title={The World’s Strongest Economy? The Global Art Market},
  author={Esman, Abigail R},
  year={2012},
  publisher={Forbes}
}
@inproceedings{frost2019art,
  title={Art i don’t like: An anti-recommender system for visual art},
  author={Frost, Sarah and Thomas, Manu Mathew and Forbes, Angus G},
  booktitle={Proceedings of Museums and the Web},
  year={2019}
}

@book{pariser2011filter,
  title={The filter bubble: What the Internet is hiding from you},
  author={Pariser, Eli},
  year={2011},
  publisher={penguin UK}
}

@inproceedings{cosley2003seeing,
  title={Is seeing believing? How recommender system interfaces affect users' opinions},
  author={Cosley, Dan and Lam, Shyong K and Albert, Istvan and Konstan, Joseph A and Riedl, John},
  booktitle={Proceedings of the SIGCHI conference on Human factors in computing systems},
  pages={585--592},
  year={2003}
}

@article{cacheda2011comparison,
  title={Comparison of collaborative filtering algorithms: Limitations of current techniques and proposals for scalable, high-performance recommender systems},
  author={Cacheda, Fidel and Carneiro, V{\'\i}ctor and Fern{\'a}ndez, Diego and Formoso, Vreixo},
  journal={ACM Transactions on the Web (TWEB)},
  volume={5},
  number={1},
  pages={1--33},
  year={2011},
  publisher={ACM New York, NY, USA}
}
@inproceedings{forbes2012visualizing,
  title={Visualizing and verifying directed social queries},
  author={Forbes, Angus Graeme and Savage, Saiph and H{\"o}llerer, Tobias},
  booktitle={IEEE Workshop on Interactive Visual Text Analytics. Seattle, WA, Citeseer},
  year={2012},
  organization={Citeseer}
}

@inproceedings{rendle2010factorizing,
  title={Factorizing personalized markov chains for next-basket recommendation},
  author={Rendle, Steffen and Freudenthaler, Christoph and Schmidt-Thieme, Lars},
  booktitle={Proceedings of the 19th international conference on World wide web},
  pages={811--820},
  year={2010}
}

@inproceedings{he2016vbpr,
  title={VBPR: visual bayesian personalized ranking from implicit feedback},
  author={He, Ruining and McAuley, Julian},
  booktitle={Proceedings of the AAAI conference on artificial intelligence},
  volume={30},
  number={1},
  year={2016}
}




@article{roy2022systematic,
  title={A systematic review and research perspective on recommender systems},
  author={Roy, Deepjyoti and Dutta, Mala},
  journal={Journal of Big Data},
  volume={9},
  number={1},
  pages={1--36},
  year={2022},
  publisher={Springer}
}



@inproceedings{amami2016lda,
  title={An lda-based approach to scientific paper recommendation},
  author={Amami, Maha and Pasi, Gabriella and Stella, Fabio and Faiz, Rim},
  booktitle={International conference on applications of natural language to information systems},
  pages={200--210},
  year={2016},
  organization={Springer}
}

@article{zhao2016personalized,
  title={A personalized hashtag recommendation approach using LDA-based topic model in microblog environment},
  author={Zhao, Feng and Zhu, Yajun and Jin, Hai and Yang, Laurence T},
  journal={Future Generation Computer Systems},
  volume={65},
  pages={196--206},
  year={2016},
  publisher={Elsevier}
}

@inproceedings{apaza2014online,
  title={Online Courses Recommendation based on LDA.},
  author={Apaza, Rel Guzman and Cervantes, Elizabeth Vera and Quispe, Laura Cruz and Luna, Jos{\'e} Ochoa},
  booktitle={SIMBig},
  pages={42--48},
  year={2014},
  organization={Citeseer}
}

@article{reimers2019sentence,
  title={Sentence-bert: Sentence embeddings using siamese bert-networks},
  author={Reimers, Nils and Gurevych, Iryna},
  journal={arXiv preprint arXiv:1908.10084},
  year={2019}
}

@article{DBLP:journals/corr/abs-1908-10084,
  author    = {Nils Reimers and
               Iryna Gurevych},
  title     = {Sentence-BERT: Sentence Embeddings using Siamese BERT-Networks},
  journal   = {CoRR},
  volume    = {abs/1908.10084},
  year      = {2019},
  url       = {http://arxiv.org/abs/1908.10084},
  eprinttype = {arXiv},
  eprint    = {1908.10084},
  timestamp = {Thu, 26 Nov 2020 12:13:54 +0100},
  biburl    = {https://dblp.org/rec/journals/corr/abs-1908-10084.bib},
  bibsource = {dblp computer science bibliography, https://dblp.org}
}


@InProceedings{Aggarwal01,
author="Aggarwal, Charu C.
and Hinneburg, Alexander
and Keim, Daniel A.",
editor="Van den Bussche, Jan
and Vianu, Victor",
title="On the Surprising Behavior of Distance Metrics in High Dimensional Space",
booktitle="Database Theory --- ICDT 2001",
year="2001",
publisher="Springer Berlin Heidelberg",
address="Berlin, Heidelberg",
pages="420--434"
}

@InProceedings{Beyer99,
author="Beyer, Kevin
and Goldstein, Jonathan
and Ramakrishnan, Raghu
and Shaft, Uri",
editor="Beeri, Catriel
and Buneman, Peter",
title="When Is ``Nearest Neighbor'' Meaningful?",
booktitle="Database Theory --- ICDT'99",
year="1999",
publisher="Springer Berlin Heidelberg",
address="Berlin, Heidelberg",
pages="217--235",
abstract="We explore the effect of dimensionality on the ``nearest neighbor'' problem. We show that under a broad set of conditions (much broader than independent and identically distributed dimensions), as dimensionality increases, the distance to the nearest data point approaches the distance to the farthest data point. To provide a practical perspective, we present empirical results on both real and synthetic data sets that demonstrate that this effect can occur for as few as 10--15 dimensions.",
isbn="978-3-540-49257-3"
}

@inproceedings{hassan2019bert,
  title={Bert, elmo, use and infersent sentence encoders: The panacea for research-paper recommendation?},
  author={Hassan, Hebatallah A Mohamed and Sansonetti, Giuseppe and Gasparetti, Fabio and Micarelli, Alessandro and Beel, Joeran},
  booktitle={RecSys (Late-Breaking Results)},
  pages={6--10},
  year={2019}
}

@article{juarto2021neural,
  title={Neural Collaborative with Sentence BERT for News Recommender System},
  author={Juarto, Budi and Girsang, Abba Suganda},
  journal={JOIV: International Journal on Informatics Visualization},
  volume={5},
  number={4},
  pages={448--455},
  year={2021}
}

@article{lavi2021consultantbert,
  title={consultantbert: Fine-tuned siamese sentence-bert for matching jobs and job seekers},
  author={Lavi, Dor and Medentsiy, Volodymyr and Graus, David},
  journal={arXiv preprint arXiv:2109.06501},
  year={2021}
}

@article{grootendorst2022bertopic,
  title={BERTopic: Neural topic modeling with a class-based TF-IDF procedure},
  author={Grootendorst, Maarten},
  journal={arXiv preprint arXiv:2203.05794},
  year={2022}
}

@article{mcinnes2018umap,
  title={Umap: Uniform manifold approximation and projection for dimension reduction},
  author={McInnes, Leland and Healy, John and Melville, James},
  journal={arXiv preprint arXiv:1802.03426},
  year={2018}
}

@inproceedings{campello2013density,
  title={Density-based clustering based on hierarchical density estimates},
  author={Campello, Ricardo JGB and Moulavi, Davoud and Sander, J{\"o}rg},
  booktitle={Pacific-Asia conference on knowledge discovery and data mining},
  pages={160--172},
  year={2013},
  organization={Springer}
}

@book{veron1989ethnographie,
  title={Ethnographie de l'exposition: l'espace, le corps et le sens},
  author={V{\'e}ron, Elis{\'e}o and Levasseur, Martine},
  year={1989},
  publisher={Biblioth{\`e}que publique d'information du Centre Pompidou}
}
@article{tsiropoulou2017quality,
  title={Quality of Experience-based museum touring: A human in the loop approach},
  author={Tsiropoulou, Eirini Eleni and Thanou, Athina and Papavassiliou, Symeon},
  journal={Social Network Analysis and Mining},
  volume={7},
  number={1},
  pages={1--13},
  year={2017},
  publisher={Springer}
}

@inproceedings{10.1145/3290605.3300717,
author = {Kunkel, Johannes and Donkers, Tim and Michael, Lisa and Barbu, Catalin-Mihai and Ziegler, J\"{u}rgen},
title = {Let Me Explain: Impact of Personal and Impersonal Explanations on Trust in Recommender Systems},
year = {2019},
isbn = {9781450359702},
publisher = {Association for Computing Machinery},
address = {New York, NY, USA},
url = {https://doi.org/10.1145/3290605.3300717},
doi = {10.1145/3290605.3300717},
booktitle = {Proceedings of the 2019 CHI Conference on Human Factors in Computing Systems},
pages = {1–12},
numpages = {12},
keywords = {counterfactual analysis, explanations, trust, user study, recommender systems, structural equation modelling},
location = {Glasgow, Scotland Uk},
series = {CHI '19}
}

@article{kelek2019painter,
  title={Painter classification over the novel art painting data set via the latest deep neural networks},
  author={Kelek, Mehmet Oguz and Calik, Nurullah and Yildirim, Tulay},
  journal={Procedia Computer Science},
  volume={154},
  pages={369--376},
  year={2019},
  publisher={Elsevier}
}

@inproceedings{wang2019panet,
  title={Panet: Few-shot image semantic segmentation with prototype alignment},
  author={Wang, Kaixin and Liew, Jun Hao and Zou, Yingtian and Zhou, Daquan and Feng, Jiashi},
  booktitle={Proceedings of the IEEE/CVF International Conference on Computer Vision},
  pages={9197--9206},
  year={2019}
}

@inproceedings{shimgekar2022database,
  title={Database Concentration Method for Efficient Image Retrieval Using Clustering and Image Tag Comparison},
  author={Shimgekar, Soorya Ram and Pathi, Preetham Reddy and Vijayarajan, V},
  booktitle={International Conference on Soft Computing and its Engineering Applications},
  pages={222--234},
  year={2022},
  organization={Springer}
}

@inproceedings{10.1145/3450613.3456847,
author = {Yilma, Bereket Abera and Naudet, Yannick and Panetto, Herv\'{e}},
title = {Personalisation in Cyber-Physical-Social Systems: A Multi-Stakeholder Aware Recommendation and Guidance},
year = {2021},
isbn = {9781450383660},
publisher = {Association for Computing Machinery},
address = {New York, NY, USA},
url = {https://doi.org/10.1145/3450613.3456847},
doi = {10.1145/3450613.3456847},
booktitle = {Proceedings of the 29th ACM Conference on User Modeling, Adaptation and Personalization},
pages = {251–255},
numpages = {5},
keywords = {Personalisation, Cyber-Physical-Social System, multi-stakeholder aware recommendation},
location = {Utrecht, Netherlands},
series = {UMAP '21}
}
@article{liu2020dynamic,
  title={Dynamic attention-based explainable recommendation with textual and visual fusion},
  author={Liu, Peng and Zhang, Lemei and Gulla, Jon Atle},
  journal={Information Processing \& Management},
  volume={57},
  number={6},
  pages={102099},
  year={2020},
  publisher={Elsevier}
}
@article{messina2019content,
  title={Content-based artwork recommendation: integrating painting metadata with neural and manually-engineered visual features},
  author={Messina, Pablo and Dominguez, Vicente and Parra, Denis and Trattner, Christoph and Soto, Alvaro},
  journal={User Modeling and User-Adapted Interaction},
  volume={29},
  number={2},
  pages={251--290},
  year={2019},
  publisher={Springer}
}

@article{bar2007art,
  title={Art therapy improved depression and influenced fatigue levels in cancer patients on chemotherapy},
  author={Bar-Sela, Gil and Atid, Lily and Danos, Sara and Gabay, Naomi and Epelbaum, Ron},
  journal={Psycho-Oncology: Journal of the Psychological, Social and Behavioral Dimensions of Cancer},
  volume={16},
  number={11},
  pages={980--984},
  year={2007},
  publisher={Wiley Online Library}
}
@article{spiegel2006art,
  title={Art therapy for combat-related PTSD: Recommendations for research and practice},
  author={Spiegel, David and Malchiodi, Cathy and Backos, Amy and Collie, Kate},
  journal={Art Therapy},
  volume={23},
  number={4},
  pages={157--164},
  year={2006},
  publisher={Taylor \& Francis}
}
@book{John2003healing,
  title={Healing Arts: Nutrition for the Soul},
  author={Ulrich, Roger and Gilpin, Laura},
pages={117--146},
  year={2003},
  publisher={John Wiley \& Sons}
}

@inproceedings{newbold2017using,
  title={Using nature-based soundscapes to support task performance and mood},
  author={Newbold, Joseph W and Luton, Jacob and Cox, Anna L and Gould, Sandy JJ},
  booktitle={Proceedings of the 2017 CHI Conference Extended Abstracts on Human Factors in Computing Systems},
  pages={2802--2809},
  year={2017}
}
@article{sharda2019bach,
  title={Bach to the basics: implementation and impact of a postoperative, inpatient personalized music program for older adults},
  author={Sharda, Neema and Mattoon, Emily and Matters, Loretta and Prewitt, Judy and McDonald, Shelley and Sloane, Richard and Cassas, Christy and White, Heidi},
  journal={Journal of perianesthesia nursing},
  volume={34},
  number={2},
  pages={347--353},
  year={2019},
  publisher={Elsevier}
}
%explanation future work

@article{10.1145/3369396,
author = {Dominguez, Vicente and Donoso-Guzm\'{a}n, Ivania and Messina, Pablo and Parra, Denis},
title = {Algorithmic and HCI Aspects for Explaining Recommendations of Artistic Images},
year = {2020},
issue_date = {December 2020},
publisher = {Association for Computing Machinery},
address = {New York, NY, USA},
volume = {10},
number = {4},
issn = {2160-6455},
url = {https://doi.org/10.1145/3369396},
doi = {10.1145/3369396},
journal = {ACM Trans. Interact. Intell. Syst.},
month = {nov},
articleno = {30},
numpages = {31},
keywords = {Visual recommender systems, art, explainable AI}
}



%HCI for REcsys
@inproceedings{10.1145/2959100.2959158,
author = {Calero Valdez, Andr\'{e} and Ziefle, Martina and Verbert, Katrien},
title = {HCI for Recommender Systems: The Past, the Present and the Future},
year = {2016},
isbn = {9781450340359},
publisher = {Association for Computing Machinery},
address = {New York, NY, USA},
url = {https://doi.org/10.1145/2959100.2959158},
doi = {10.1145/2959100.2959158},
pages = {123–126},
numpages = {4},
keywords = {uncertainty, human-computer interaction, recommender systems, risk},
location = {Boston, Massachusetts, USA},
series = {RecSys '16}
}


%reference for dataset
@InProceedings{10.1007/978-3-319-67162-8_35,
author="Vlachidis, Andreas
and Bikakis, Antonis
and Kyriaki-Manessi, Daphne
and Triantafyllou, Ioannis
and Antoniou, Angeliki",
editor="Kirikova, M{\={a}}r{\={\i}}te
and N{\o}rv{\aa}g, Kjetil
and Papadopoulos, George A.
and Gamper, Johann
and Wrembel, Robert
and Darmont, J{\'e}r{\^o}me
and Rizzi, Stefano",
title="The CrossCult Knowledge Base: A Co-inhabitant of Cultural Heritage Ontology and Vocabulary Classification",
booktitle="New Trends in Databases and Information Systems",
year="2017",
publisher="Springer International Publishing",
address="Cham",
pages="353--362",

}

@article{naudet2015museum,
  title={Museum personalization based on gaming and cognitive styles: the BLUE experiment},
  author={Naudet, Yannick and Antoniou, Angeliki and Lykourentzou, Ioanna and Tobias, Eric and Rompa, Jenny and Lepouras, George},
  journal={International Journal of Virtual Communities and Social Networking (IJVCSN)},
  volume={7},
  number={2},
  pages={1--30},
  year={2015},
  publisher={IGI Global}
}

@article{jelodar2019latent,
  title={Latent Dirichlet Allocation (LDA) and Topic modeling: models, applications, a survey},
  author={Jelodar, Hamed and Wang, Yongli and Yuan, Chi and Feng, Xia and Jiang, Xiahui and Li, Yanchao and Zhao, Liang},
  journal={Multimedia Tools and Applications},
  volume={78},
  number={11},
  pages={15169--15211},
  year={2019},
  publisher={Springer}
}
@inproceedings{newman2010automatic,
  title={Automatic evaluation of topic coherence},
  author={Newman, David and Lau, Jey Han and Grieser, Karl and Baldwin, Timothy},
  booktitle={Human language technologies: The 2010 annual conference of the North American chapter of the association for computational linguistics},
  pages={100--108},
  year={2010},
  organization={Association for Computational Linguistics}
}

@article{Maaten:2008:tSNE,
  author = {van der Maaten, L.J.P. and Hinton, G.E.},
  title = {Visualizing Data Using {t-SNE}},
  journal = {J. Mach. Learn. Res.},
  volume = {},
  year = {2008},
  pages = {2579--2605}
}

@article{egger2021identifying,
  title={Identifying hidden semantic structures in Instagram data: a topic modelling comparison},
  author={Egger, Roman and Yu, Joanne},
  journal={Tourism Review},
  year={2021},
  publisher={Emerald Publishing Limited}
}

@Article{Ramachandram17,
  author = {Dhanesh Ramachandram and Graham W. Taylor},
  title = {Deep Multimodal Learning: A Survey on Recent Advances and Trends},
  journal = {IEEE Signal Process. Mag.},
  volume = {34},
  number = {6},
  year = {2017},
  pages = {96--108},
}


@inproceedings{salau2019feature,
  title={Feature extraction: a survey of the types, techniques, applications},
  author={Salau, Ayodeji Olalekan and Jain, Shruti},
  booktitle={2019 International Conference on Signal Processing and Communication (ICSC)},
  pages={158--164},
  year={2019},
  organization={IEEE}
}

@article{chen2009comparison,
  title={The Comparison and Application of Corner Detection Algorithms.},
  author={Chen, Jie and Zou, Li-hui and Zhang, Juan and Dou, Li-hua},
  journal={Journal of multimedia},
  volume={4},
  number={6},
  year={2009},
  publisher={Citeseer}
}
@article{bansal2021efficient,
  title={An efficient technique for object recognition using Shi-Tomasi corner detection algorithm},
  author={Bansal, Monika and Kumar, Munish and Kumar, Manish and Kumar, Krishan},
  journal={Soft Computing},
  volume={25},
  number={6},
  pages={4423--4432},
  year={2021},
  publisher={Springer}
}

@inproceedings{mair2010adaptive,
  title={Adaptive and generic corner detection based on the accelerated segment test},
  author={Mair, Elmar and Hager, Gregory D and Burschka, Darius and Suppa, Michael and Hirzinger, Gerhard},
  booktitle={European conference on Computer vision},
  pages={183--196},
  year={2010},
  organization={Springer}
}
@article{krizhevsky2012imagenet,
  title={Imagenet classification with deep convolutional neural networks},
  author={Krizhevsky, Alex and Sutskever, Ilya and Hinton, Geoffrey E},
  journal={Advances in neural information processing systems},
  volume={25},
  year={2012}
}
@inproceedings{calonder2010brief,
  title={Brief: Binary robust independent elementary features},
  author={Calonder, Michael and Lepetit, Vincent and Strecha, Christoph and Fua, Pascal},
  booktitle={European conference on computer vision},
  pages={778--792},
  year={2010},
  organization={Springer}
}

@article{krizhevsky2017imagenet,
  title={Imagenet classification with deep convolutional neural networks},
  author={Krizhevsky, Alex and Sutskever, Ilya and Hinton, Geoffrey E},
  journal={Communications of the ACM},
  volume={60},
  number={6},
  pages={84--90},
  year={2017},
  publisher={AcM New York, NY, USA}
}
@inproceedings{szegedy2015going,
  title={Going deeper with convolutions},
  author={Szegedy, Christian and Liu, Wei and Jia, Yangqing and Sermanet, Pierre and Reed, Scott and Anguelov, Dragomir and Erhan, Dumitru and Vanhoucke, Vincent and Rabinovich, Andrew},
  booktitle={Proceedings of the IEEE conference on computer vision and pattern recognition},
  pages={1--9},
  year={2015}
}

@article{simonyan2014very,
  title={Very deep convolutional networks for large-scale image recognition},
  author={Simonyan, Karen and Zisserman, Andrew},
  journal={arXiv preprint arXiv:1409.1556},
  year={2014}
}

@article{ikechukwu2021resnet,
  title={ResNet-50 vs VGG-19 vs training from scratch: a comparative analysis of the segmentation and classification of Pneumonia from chest X-ray images},
  author={Ikechukwu, A Victor and Murali, S and Deepu, R and Shivamurthy, RC},
  journal={Global Transitions Proceedings},
  volume={2},
  number={2},
  pages={375--381},
  year={2021},
  publisher={Elsevier}
}

@article{barata2018survey,
  title={A survey of feature extraction in dermoscopy image analysis of skin cancer},
  author={Barata, Catarina and Celebi, M Emre and Marques, Jorge S},
  journal={IEEE journal of biomedical and health informatics},
  volume={23},
  number={3},
  pages={1096--1109},
  year={2018},
  publisher={IEEE}
}

@article{li2021facial,
  title={Facial expression recognition via ResNet-50},
  author={Li, Bin and Lima, Dimas},
  journal={International Journal of Cognitive Computing in Engineering},
  volume={2},
  pages={57--64},
  year={2021},
  publisher={Elsevier}
}
@article{malik2022computer,
  title={Computer vision models for comparing spatial patterns: understanding spatial scale},
  author={Malik, Karim and Robertson, Colin and Roberts, Steven A and Remmel, Tarmo K and Long, Jed A},
  journal={International Journal of Geographical Information Science},
  pages={1--35},
  year={2022},
  publisher={Taylor \& Francis}
}

@inproceedings{HernandezRubio20,
  title = {Aspect-based active learning for user preference elicitation in recommender systems},
  author = {María Hernández-Rubio and Alejandro Bellogín and Iván Cantador},
  booktitle = {Proc. CIRCLE Workshop},
  year = {2020},
}

@misc{Nielsen09,
  title = {Powers of 10: Time Scales in User Experience},
  author = {Jakob Nielsen},
  year = {2009},
  howpublished = {https://www.nngroup.com/articles/powers-of-10-time-scales-in-ux/},
}

@article{Hah04,
  title = {A study on tolerable waiting time: how long are web users willing to wait?},
  author = {Nah, F.},
  journal = {Behaviour \& Information Technology},
  volume = {23},
  issue = {3},
  year = {2004},
}

@article{Kaminskas16,
author = {Kaminskas, Marius and Bridge, Derek},
title = {Diversity, Serendipity, Novelty, and Coverage: A Survey and Empirical Analysis of Beyond-Accuracy Objectives in Recommender Systems},
year = {2016},
volume = {7},
number = {1},
journal = {ACM Trans. Interact. Intell. Syst.},
}

@InProceedings{Radford2021,
  title = 	 {Learning Transferable Visual Models From Natural Language Supervision},
  author =       {Radford, Alec and Kim, Jong Wook and Hallacy, Chris and Ramesh, Aditya and Goh, Gabriel and Agarwal, Sandhini and Sastry, Girish and Askell, Amanda and Mishkin, Pamela and Clark, Jack and Krueger, Gretchen and Sutskever, Ilya},
  booktitle = 	 {Proceedings of the 38th International Conference on Machine Learning},
  pages = 	 {8748--8763},
  year = 	 {2021},
  editor = 	 {Meila, Marina and Zhang, Tong},
  volume = 	 {139},
  series = 	 {Proceedings of Machine Learning Research},
  month = 	 {18--24 Jul},
  publisher =    {PMLR},
  pdf = 	 {http://proceedings.mlr.press/v139/radford21a/radford21a.pdf},
  url = 	 {https://proceedings.mlr.press/v139/radford21a.html},
}
@inproceedings{mcinerney2018explore,
  title={Explore, exploit, and explain: personalizing explainable recommendations with bandits},
  author={McInerney, James and Lacker, Benjamin and Hansen, Samantha and Higley, Karl and Bouchard, Hugues and Gruson, Alois and Mehrotra, Rishabh},
  booktitle={Proceedings of the 12th ACM conference on recommender systems},
  pages={31--39},
  year={2018}
}
%Design
@article{watson1988development,
  title={Development and validation of brief measures of positive and negative affect: the {PANAS} scales},
  author={Watson, David and Clark, Lee Anna and Tellegen, Auke},
  journal={Journal of personality and social psychology},
  volume={54},
  number={6},
  pages={1063},
  year={1988},
  publisher={American Psychological Association}
}
@article{lowe20104,
  title={A 4-item measure of depression and anxiety: validation and standardization of the Patient Health Questionnaire-4 (PHQ-4) in the general population},
  author={L{\"o}we, Bernd and Wahl, Inka and Rose, Matthias and Spitzer, Carsten and Glaesmer, Heide and Wingenfeld, Katja and Schneider, Antonius and Br{\"a}hler, Elmar},
  journal={Journal of affective disorders},
  volume={122},
  number={1-2},
  pages={86--95},
  year={2010},
  publisher={Elsevier}
}

@article{Kroenke09,
  title={An ultra-brief screening scale for anxiety and depression: the {PHQ-4}},
  author={K. Kroenke and R. L. Spitzer and J. B. Williams and B. Löwe},
  journal={Psychosomatics},
  volume={50},
  number={6},
  pages={613--21},
  year={2009},
}

@article{keltner2003approaching,
  title={Approaching awe, a moral, spiritual, and aesthetic emotion},
  author={Keltner, Dacher and Haidt, Jonathan},
  journal={Cognition and emotion},
  volume={17},
  number={2},
  pages={297--314},
  year={2003},
  publisher={Taylor \& Francis}
}

@article{marc2019nursing,
  title={A nursing shortage--a prospect of global and local policies},
  author={Mar{\'c}, M and Bartosiewicz, A and Burzy{\'n}ska, J and Chmiel, Z and Januszewicz, P},
  journal={International nursing review},
  volume={66},
  number={1},
  pages={9--16},
  year={2019},
  publisher={Wiley Online Library}
}

@article{wang2005assessing,
  title={Assessing spatial and nonspatial factors for healthcare access: towards an integrated approach to defining health professional shortage areas},
  author={Wang, Fahui and Luo, Wei},
  journal={Health \& place},
  volume={11},
  number={2},
  pages={131--146},
  year={2005},
  publisher={Elsevier}
}

@book{kaplan1989experience,
  title={The experience of nature: A psychological perspective},
  author={Kaplan, Rachel and Kaplan, Stephen},
  year={1989},
  publisher={Cambridge university press}
}
@article{kim2024when,
  title={When Darkness Brings Light: Framing Healing Experience through Nature Paintings Stimulating Negative and Positive Emotions},
  author={Kim, Chan Mi and van Rompay, Thomas and Cupchik, Gerald C. and Ludden, Geke},
  journal={Manuscript submitted for publication},
  year={2024},
}

@online{O'Reilly,
  author = {O'Reilly, Kathy},
  title = {Philips introduces VitalMinds, new non-pharmacological approach to help reduce delirium in the ICU},
  year = 2019,
  url = {https://www.philips.com/a-w/about/news/archive/standard/news/press/2019/20190425-philips-introduces-vitalminds-new-non-pharmacological-approach-to-help-reduce-delirium-in-the-icu.html},
  urldate = {2024-09-12}
}

@inproceedings{kim2024outside,
  title={Outside In: Creating Digital Nature Tailored To The Needs of Intensive Care Unit Patients},
  author={Kim, Chan Mi and Van Rompay, Thomas and Ludden, Geke},
  booktitle={Extended Abstracts of the CHI Conference on Human Factors in Computing Systems},
  pages={1--7},
  year={2024}
}

@phdthesis{kim2025towardshealing,
title = "Towards healing through digital nature in critical care and beyond: An integrated approach to design nature-based aesthetic experiences to promote delirium prevention and patient wellbeing",
author = "Kim, {Chan Mi}",
year = "2024",
month = dec,
doi = "10.3990/1.9789036563017",
language = "English",
isbn = "978-90-365-6300-0",
publisher = "University of Twente",
address = "Netherlands",
type = "PhD Thesis - Research UT, graduation UT",
school = "University of Twente",
}

@article{robledo2021therapy,
  title={From therapy to teletherapy: Relocating mental health services online},
  author={Robledo Yamamoto, Fujiko and Voida, Amy and Voida, Stephen},
  journal={Proceedings of the ACM on Human-Computer Interaction},
  volume={5},
  number={CSCW2},
  pages={1--30},
  year={2021},
  publisher={ACM New York, NY, USA}
}
@article{shojaei2024exploring,
  title={Exploring the integration of technology in art therapy: insights from interviews with art therapists},
  author={Shojaei, Fereshtehossadat and Osorio Torres, John and Shih, Patrick C},
  journal={Art Therapy},
  pages={1--7},
  year={2024},
  publisher={Taylor \& Francis}
}
@article{cooney2018design,
  title={Design for an art therapy robot: An explorative review of the theoretical foundations for engaging in emotional and creative painting with a robot},
  author={Cooney, Martin Daniel and Menezes, Maria Luiza Recena},
  journal={Multimodal Technologies and Interaction},
  volume={2},
  number={3},
  pages={52},
  year={2018},
  publisher={MDPI}
}
@article{fiske2019your,
  title={Your robot therapist will see you now: ethical implications of embodied artificial intelligence in psychiatry, psychology, and psychotherapy},
  author={Fiske, Amelia and Henningsen, Peter and Buyx, Alena},
  journal={Journal of medical Internet research},
  volume={21},
  number={5},
  pages={e13216},
  year={2019},
  publisher={JMIR Publications Toronto, Canada}
}
@article{cross2024use,
  title={Use of AI in Mental Health Care: Community and Mental Health Professionals Survey},
  author={Cross, Shane and Bell, Imogen and Nicholas, Jennifer and Valentine, Lee and Mangelsdorf, Shaminka and Baker, Simon and Titov, Nick and Alvarez-Jimenez, Mario and others},
  journal={JMIR Mental Health},
  volume={11},
  number={1},
  pages={e60589},
  year={2024},
  publisher={JMIR Publications Inc., Toronto, Canada}
}
@inproceedings{liu2024he,
  title={" When He Feels Cold, He Goes to the Seahorse"—Blending Generative AI into Multimaterial Storymaking for Family Expressive Arts Therapy},
  author={Liu, Di and Zhou, Hanqing and An, Pengcheng},
  booktitle={Proceedings of the CHI Conference on Human Factors in Computing Systems},
  pages={1--21},
  year={2024}
}