@inproceedings{abati2019cvpr,
  title={Latent Space Autoregression for Novelty Detection},
  author={Abati, Davide and Porrello, Angeloa and Calderara, Simone and Cucchiara, Rita},
  booktitle={Proceedings of the IEEE Conference on Computer Vision and Pattern Recognition},
  pages={481--490},
  year={2019}
}

@inproceedings{blundell2015weight,
  title={Weight uncertainty in neural network},
  author={Blundell, Charles and Cornebise, Julien and Kavukcuoglu, Koray and Wierstra, Daan},
  booktitle={International conference on machine learning},
  pages={1613--1622},
  year={2015}
}

@article{denouden2018arxiv,
  title={Improving Reconstruction Autoencoder Out-of-distribution Detection with Mahalanobis Distance},
  author={Denouden, Taylor and Salay, Rick and Czarnecki, Krzysztof and Abdelzad, Vahdat and Phan, Buu and Vernekar, Sachin},
  journal={arXiv preprint arXiv:1812.02765v1},
  year={2018}
}

@article{devries2018OOD,
  title={Learning Confidence for Out-of-Distribution Detection in Neural Networks},
  author={DeVries, Terrance and Taylor, Graham W.},
  journal={arXiv preprint arXiv:1802.04865v1},
  year={2018}
}

@inproceedings{du2022iclr,
  title={VOS: Learning What You Don't Know by Virtual Outlier Synthesis},
  author={Du, Xuefeng and Wang, Zhaoning and Cai, Mu and Li, Yixuan},
  booktitle={International Conference on Representation Learning},
  year={2022}
}

@article{du2023neurips,
  title={Dream the Impossible: Outlier Imagination with Diffusion Models},
  author={Du, Xuefeng and Sun, Yiyou and Zhu, Jerry and Li, Yixuan},
  journal={Advances in neural information processing systems},
  volume={37},
  year={2023}
}

@article{gawlikowski2021survey,
  title={A survey of uncertainty in deep neural networks},
  author={Gawlikowski, Jakob and Tassi, Cedrique Rovile Njieutcheu and Ali, Mohsin and Lee, Jongseok and Humt, Matthias and Feng, Jianxiang and Kruspe, Anna and Triebel, Rudolph and Jung, Peter and Roscher, Ribana and others},
  journal={arXiv preprint arXiv:2107.03342},
  year={2021}
}

@inproceedings{hendrycks2022icml,
  title={Scaling Out-of-Distribution Detection for Real-World Settings},
  author={Hendrycks, Dan and Basart, Steven and Mazeika, Mantas and Zou, Andy and Kwon, Joe and Mostajabi, Mohammadreza and Steinhardt, Jacob and Song, Dawn},
  booktitle={International Conference on Machine Learning},
  pages={8759--8773},
  year={2022}
}

@article{kendall2017uncertainties,
  title={What uncertainties do we need in bayesian deep learning for computer vision?},
  author={Kendall, Alex and Gal, Yarin},
  journal={Advances in neural information processing systems},
  volume={30},
  year={2017}
}

@article{lakshminarayanan2017simple,
  title={Simple and scalable predictive uncertainty estimation using deep ensembles},
  author={Lakshminarayanan, Balaji and Pritzel, Alexander and Blundell, Charles},
  journal={Advances in neural information processing systems},
  volume={30},
  year={2017}
}

@article{lee2018neurips,
  title={A Simple Unified Framework for Detecting Out-of-Distribution Samples and Adversarial Attacks},
  author={Lee, Kimin and Lee, Kibok and Lee, Honglak and Shin, Jinwoo},
  journal={Advances in neural information processing systems},
  volume={32},
  year={2018}
}

@inproceedings{li2023cvpr,
  title={Rethinking Out-of-distribution (OOD) Detection:
  Masked Image Modeling is All You Need},
  author={Li, Jingyao Li and Chen, Pengguang and Yu, Shaozuo and He, Zexin and Liu, Shu and Jia, Jiaya},
  booktitle={Proceedings of the IEEE Conference on Computer Vision and Pattern Recognition},
  pages={11578--11589},
  year={2023}
}

@article{mei2024energy,
  title={Multi-Label Out-of-Distribution Detection with Spectral Normalized Joint Energy},
  author={Mei, Yihan Mei and Wang, Xinyu and Zhang, Dell and Wang, Xiaoling},
  journal={arXiv preprint arXiv:2405.04759v2},
  year={2024}
}

@article{ren2021arxiv,
  title={A Simple Fix to Mahalanobis Distance for Improving Near-OOD Detection},
  author={Ren, Jie and Fort, Stanislav and Liu, Jeremiah and Roy, Abhijit Guha and Phady, Shreyas and Lakshminarayanan, Balaji},
  journal={arXiv preprint arXiv:2106.09022v1},
  year={2021}
}

@article{sensoy2018evidential,
  title={Evidential deep learning to quantify classification uncertainty},
  author={Sensoy, Murat and Kaplan, Lance and Kandemir, Melih},
  journal={Advances in neural information processing systems},
  volume={31},
  year={2018}
}

@article{wang2019aleatoric,
  title={Aleatoric uncertainty estimation with test-time augmentation for medical image segmentation with convolutional neural networks},
  author={Wang, Guotai and Li, Wenqi and Aertsen, Michael and Deprest, Jan and Ourselin, S{\'e}bastien and Vercauteren, Tom},
  journal={Neurocomputing},
  volume={338},
  pages={34--45},
  year={2019},
  publisher={Elsevier}
}

@inproceedings{wang2021iccv,
  title={Energy-Based Open-World Uncertainty Modeling for Confidence Calibration},
  author={Wang, Yezhen and Li, Bo and Che, Tong and Zhou, Kaiyang and Liu, Ziwei and Li, Dongsheng},
  booktitle={Proceedings of IEEE International Conference on Computer Vision},
  page={9302--9311},
  year={2021}
}

@article{wang2021neurips,
  title={Can multi-label classification networks know what they donâ€™t know?},
  author={Wang, Haoran and Liu, Weitang and Bocchieri, Alex and Li, Yixuan},
  journal={Advances in Neural Information Processing Systems},
  volume={34},
  pages={29074--29087},
  year={2021}
}

@inproceedings{wang2022cvpr,
  title={ViM: Out-Of-Distribution with Virtual-logit Matching},
  author={Wang, Haoqi and Li, Zhizhong and Feng, Litong and Zhang, Wayne},
  booktitle={Proceedings of the IEEE Conference on Computer Vision and Pattern Recognition},
  pages={4921--4930},
  year={2022}
}

@article{wang2022ivc,
  title={Multi-label out-of-distribution detection via exploiting sparsity and co-occurrence of labels},
  author={Wang, Lei and Huang, Sheng and Huangfu, Luwen and Liu, Bo and Zhang, Xiaohong},
  journal={Image and Vision Computing},
  volume={126},
  pages={104548},
  year={2022}
}

@inproceedings{wei2022icml,
  title={Mitigating Neural Network Overconfidence with Logit Normalization},
  author={Wei, Hongxin and Xie, Renchunzi and Cheng, Hao and Feng, Lei and An, Bo and Li, Yixuan},
  booktitle={International Conference on Machine Learning},
  year={2022}
}

@article{xiao2020neurips,
  title={Likelihood Regret: An Out-of-Distribution Detection Score For Variational Auto-encoder},
  author={Xiao, Zhisheng and Yan, Qing and Amit, Yali},
  journal={Advances in neural information processing systems},
  volume={34},
  year={2020}
}

@inproceedings{yang2022eccv,
  title={Out-of-Distribution Detection with Semantic Mismatch under Masking},
  author={Yang, Yijun and Gao, Ruiyuan and Xu, Qiang},
  booktitle={Proceedings of the European Conference on COmputer Vision},
  year={2022}
}

@article{yang2024surveyOOD,
  title={Generalized Out-of-Distribution Detection: A Survey},
  author={Yang, Jingkang and Zhou, Kaiyang and Li, Yixuan and Liu, Ziwei},
  journal={International Journal of Computer Vision},
  doi={0.1007/s11263-024-02117-4},
  year={2024}
}

@inproceedings{zhao2023open,
  title={Open set action recognition via multi-label evidential learning},
  author={Zhao, Chen and Du, Dawei and Hoogs, Anthony and Funk, Christopher},
  booktitle={Proceedings of the IEEE/CVF Conference on Computer Vision and Pattern Recognition},
  pages={22982--22991},
  year={2023}
}

@inproceedings{zhao2023towards,
  title={Towards trustworthy multi-label sewer defect classification via evidential deep learning},
  author={Zhao, Chenyang and Hu, Chuanfei and Shao, Hang and Wang, Zhe and Wang, Yongxiong},
  booktitle={ICASSP 2023-2023 IEEE International Conference on Acoustics, Speech and Signal Processing (ICASSP)},
  pages={1--5},
  year={2023},
  organization={IEEE}
}

@inproceedings{zhoucvpr2022,
  title={Rethinking Reconstruction Autoencoder-Based Out-of-Distribution Detection},
  author={Yibo Zhou},
  booktitle={Proceedings of the IEEE Conference on Computer Vision and Pattern Recognition},
  pages={7379--7387},
  year={2022}
}

