% Long form of conference & journal abbreviations -- especially for camera ready
@String(PAMI  = {IEEE Trans. Pattern Anal. Mach. Intell.})
@String(IJCV  = {Int. J. Comput. Vis.})
@String(CVPR  = {IEEE Conf. Comput. Vis. Pattern Recog.})
@String(ICCV  = {Int. Conf. Comput. Vis.})
@String(ECCV  = {Eur. Conf. Comput. Vis.})
@String(NeurIPS = {Adv. Neural Inform. Process. Syst.})
@String(ICML  = {Int. Conf. Mach. Learn.})
@String(ICLR  = {Int. Conf. Learn. Represent.})
@String(ACCV  = {Asian Conf. Comput. Vis.})
@String(BMVC  = {Brit. Mach. Vis. Conf.})
@String(CVPRW = {IEEE Conf. Comput. Vis. Pattern Recog. Worksh.})
@String(AAAI  = {AAAI})
@String(IJCAI = {IJCAI})
@String(ICIP  = {IEEE Int. Conf. Image Process.})
@String(ICPR  = {Int. Conf. Pattern Recog.})
@String(ICASSP=	{ICASSP})
@String(ICME  = {Int. Conf. Multimedia and Expo})
@String(JMLR  = {J. Mach. Learn. Res.})
@String(TMLR  = {Trans. Mach. Learn Res.})
@String(TOG   = {ACM Trans. Graph.})
@String(TIP   = {IEEE Trans. Image Process.})
@String(TVCG  = {IEEE Trans. Vis. Comput. Graph.})
@String(TCSVT = {IEEE Trans. Circuit Syst. Video Technol.})
@String(TMM   = {IEEE Trans. Multimedia})
@String(ACMMM = {ACM Int. Conf. Multimedia})
@String(PR    = {Pattern Recognition})

@String(MNI	  = {Nature Mach. Intell.})
@String(SPL	  = {IEEE Sign. Process. Letters})
@String(VR    = {Vis. Res.})
@String(JOV	  = {J. Vis.})
@String(TVC   = {The Vis. Comput.})
@String(JCST  = {J. Comput. Sci. Tech.})
@String(CGF   = {Comput. Graph. Forum})
@String(CVM   = {Computational Visual Media})


% Short form of conference & journal abbreviations -- especially for submission version
% if desired, remove these macros in favor of the above ones
@String(PAMI  = {IEEE TPAMI})
@String(IJCV  = {IJCV})
@String(CVPR  = {CVPR})
@String(ICCV  = {ICCV})
@String(ECCV  = {ECCV})
@String(NeurIPS = {NeurIPS})
@String(ICML  = {ICML})
@String(ICLR  = {ICLR})
@String(ACCV  = {ACCV})
@String(BMVC  =	{BMVC})
@String(CVPRW = {CVPRW})
@String(AAAI  = {AAAI})
@String(IJCAI = {IJCAI})
@String(ICIP  = {ICIP})
@String(ICPR  = {ICPR})
@String(ICASSP=	{ICASSP})
@String(ICME  =	{ICME})
@String(JMLR  = {JMLR})
@String(TMLR  = {TMLR})
@String(TOG   = {ACM TOG})
@String(TIP   = {IEEE TIP})
@String(TVCG  = {IEEE TVCG})
@String(TCSVT = {IEEE TCSVT})
@String(TMM   =	{IEEE TMM})
@String(ACMMM = {ACM MM})
@String(PR    = {PR})



@misc{Anonymous24,
 author = {Anonymous},
 title = {The frobnicatable foo filter},
 note = {{ECCV} submission ID 00324, supplied as supplemental material {\tt 00324.pdf}},
 year = 2024
}

@misc{Anonymous24b,
 author = {Anonymous},
 title = {Frobnication tutorial},
 note = {Supplied as supplemental material {\tt tr.pdf}},
 year = 2024
}

@article{Alpher02,
author = {FirstName Alpher},
title = {Frobnication},
journal = PAMI,
volume = 12,
number = 1,
pages = {234--778},
year = 2002
}

@article{Alpher03,
author = {FirstName Alpher and FirstName Fotheringham-Smythe},
title = {Frobnication revisited},
journal = {Journal of Foo},
volume = 13,
number = 1,
pages = {234--778},
year = 2003
}

@article{Alpher04,
author = {FirstName Alpher and FirstName Fotheringham-Smythe and FirstName Gamow},
title = {Can a machine frobnicate?},
journal = {Journal of Foo},
volume = 14,
number = 1,
pages = {234--778},
year = 2004
}

@inproceedings{Alpher05,
author = {FirstName Alpher and FirstName Gamow},
title = {Can a computer frobnicate?},
booktitle = CVPR,
pages = {234--778},
year = 2005
}

@book{ECCV2022,
    editor = {Shai Avidan and Gabriel Brostow and Moustapha Ciss√© and Giovanni Maria Farinella and Tal Hassner},
    title = {Computer Vision -- ECCV 2022},
    year = {2022},
    publisher = {Springer},
    doi = {10.1007/978-3-031-19769-7}
}

@inproceedings{hendrycks2017iclr,
   title={A Baseline for Detecting Misclassified and Out-of-Distribution Examples in Neural Networks},
   author={Hendrycks, Dan and Gimpel, Kevin},
   booktitle={International Conference on Representation Learning},
   year={2017}
}

@article{yang2024surveyOOD,
  title={Generalized Out-of-Distribution Detection: A Survey},
  author={Yang, Jingkang and Zhou, Kaiyang and Li, Yixuan and Liu, Ziwei},
  journal={International Journal of Computer Vision},
  doi={0.1007/s11263-024-02117-4},
  year={2024}
}

@inproceedings{yang2022benchmarkOOD,
  title={OpenOOD: Benchmarking Generalized
Out-of-Distribution Detection},
  author={Yang, Jingkang and Wang, Pengyun and Zou, Dejian et al.},
  booktitle={Advances in Neural Information Processing Systems},
  year={2022}
}

@article{abdar2021uncertaintysurvey,
  title={A review of uncertainty quantification in deep learning: Techniques, applications and challenges},
  author={Abdar, Moloud and Pourpanah, Farhad and Hussain, Sadiq and Rezazadegan, Dana and Liu, Li et al.},
  journal={Information Fusion},
  volume={76},
  pages={243--297},
  year={2021}
}

@inproceedings{maddox2019bayesian,
  title={A Simple Baseline for Bayesian Uncertainty
in Deep Learning},
  author={Maddox, Wesley J. and Garipov, Timur and Izmailov, Pavel and Vetrov, Dmitry and Wilson, Andrew Gordon},
  booktitle={Advances in neural information processing systems},
  year=2019
}


@article{rahaman2021uncertainty,
  title={Uncertainty quantification and deep ensembles},
  author={Rahaman, Rahul and others},
  journal={Advances in Neural Information Processing Systems},
  volume={34},
  pages={20063--20075},
  year={2021}
}

@inproceedings{van2020uncertainty,
  title={Uncertainty estimation using a single deep deterministic neural network},
  author={Van Amersfoort, Joost and Smith, Lewis and Teh, Yee Whye and Gal, Yarin},
  booktitle={International conference on machine learning},
  pages={9690--9700},
  year={2020},
  organization={PMLR}
}

@article{sensoy2018evidential,
  title={Evidential deep learning to quantify classification uncertainty},
  author={Sensoy, Murat and Kaplan, Lance and Kandemir, Melih},
  journal={Advances in neural information processing systems},
  volume={31},
  year={2018}
}

@article{devries2018OOD,
  title={Learning Confidence for Out-of-Distribution Detection in Neural Networks},
  author={DeVries, Terrance and Taylor, Graham W.},
  journal={arXiv preprint arXiv:1802.04865v1},
  year={2018}
}

@inproceedings{wang2021iccv,
  title={Energy-Based Open-World Uncertainty Modeling for Confidence Calibration},
  author={Wang, Yezhen and Li, Bo and Che, Tong and Zhou, Kaiyang and Liu, Ziwei and Li, Dongsheng},
  booktitle={Proceedings of IEEE International Conference on Computer Vision},
  page={9302--9311},
  year={2021}
}

@article{mei2024energy,
  title={Multi-Label Out-of-Distribution Detection with Spectral Normalized Joint Energy},
  author={Mei, Yihan Mei and Wang, Xinyu and Zhang, Dell and Wang, Xiaoling},
  journal={arXiv preprint arXiv:2405.04759v2},
  year={2024}
}

@inproceedings{wei2022icml,
  title={Mitigating Neural Network Overconfidence with Logit Normalization},
  author={Wei, Hongxin and Xie, Renchunzi and Cheng, Hao and Feng, Lei and An, Bo and Li, Yixuan},
  booktitle={International Conference on Machine Learning},
  year={2022}
}

@inproceedings{du2022iclr,
  title={VOS: Learning What You Don't Know by Virtual Outlier Synthesis},
  author={Du, Xuefeng and Wang, Zhaoning and Cai, Mu and Li, Yixuan},
  booktitle={International Conference on Representation Learning},
  year={2022}
}

@article{du2023neurips,
  title={Dream the Impossible: Outlier Imagination with Diffusion Models},
  author={Du, Xuefeng and Sun, Yiyou and Zhu, Jerry and Li, Yixuan},
  journal={Advances in neural information processing systems},
  volume={37},
  year={2023}
}

@inproceedings{abati2019cvpr,
  title={Latent Space Autoregression for Novelty Detection},
  author={Abati, Davide and Porrello, Angeloa and Calderara, Simone and Cucchiara, Rita},
  booktitle={Proceedings of the IEEE Conference on Computer Vision and Pattern Recognition},
  pages={481--490},
  year={2019}
}

@article{xiao2020neurips,
  title={Likelihood Regret: An Out-of-Distribution Detection Score For Variational Auto-encoder},
  author={Xiao, Zhisheng and Yan, Qing and Amit, Yali},
  journal={Advances in neural information processing systems},
  volume={34},
  year={2020}
}

@inproceedings{wang2022cvpr,
  title={ViM: Out-Of-Distribution with Virtual-logit Matching},
  author={Wang, Haoqi and Li, Zhizhong and Feng, Litong and Zhang, Wayne},
  booktitle={Proceedings of the IEEE Conference on Computer Vision and Pattern Recognition},
  pages={4921--4930},
  year={2022}
}

@article{lee2018neurips,
  title={A Simple Unified Framework for Detecting Out-of-Distribution Samples and Adversarial Attacks},
  author={Lee, Kimin and Lee, Kibok and Lee, Honglak and Shin, Jinwoo},
  journal={Advances in neural information processing systems},
  volume={32},
  year={2018}
}

@article{ren2021arxiv,
  title={A Simple Fix to Mahalanobis Distance for Improving Near-OOD Detection},
  author={Ren, Jie and Fort, Stanislav and Liu, Jeremiah and Roy, Abhijit Guha and Phady, Shreyas and Lakshminarayanan, Balaji},
  journal={arXiv preprint arXiv:2106.09022v1},
  year={2021}
}

@article{denouden2018arxiv,
  title={Improving Reconstruction Autoencoder Out-of-distribution Detection with Mahalanobis Distance},
  author={Denouden, Taylor and Salay, Rick and Czarnecki, Krzysztof and Abdelzad, Vahdat and Phan, Buu and Vernekar, Sachin},
  journal={arXiv preprint arXiv:1812.02765v1},
  year={2018}
}

@inproceedings{yang2022eccv,
  title={Out-of-Distribution Detection with Semantic Mismatch under Masking},
  author={Yang, Yijun and Gao, Ruiyuan and Xu, Qiang},
  booktitle={Proceedings of the European Conference on COmputer Vision},
  year={2022}
}

@inproceedings{li2023cvpr,
  title={Rethinking Out-of-distribution (OOD) Detection:
  Masked Image Modeling is All You Need},
  author={Li, Jingyao Li and Chen, Pengguang and Yu, Shaozuo and He, Zexin and Liu, Shu and Jia, Jiaya},
  booktitle={Proceedings of the IEEE Conference on Computer Vision and Pattern Recognition},
  pages={11578--11589},
  year={2023}
}



@inproceedings{zhoucvpr2022,
  title={Rethinking Reconstruction Autoencoder-Based Out-of-Distribution Detection},
  author={Yibo Zhou},
  booktitle={Proceedings of the IEEE Conference on Computer Vision and Pattern Recognition},
  pages={7379--7387},
  year={2022}
}


@article{liu2020OOD,
  title={Energy-based Out-of-distribution Detection},
  author={Liu, Weitang and Wang, Xiaoyun and Owens, John D. and Li, Yixuan},
  journal={Advances in neural information processing systems},
  volume={34},
  year={2020}
}


@inproceedings{zhao2019quantifying,
  title={Quantifying classification uncertainty using regularized evidential neural networks},
  author={Zhao, Xujiang and Ou, Yuzhe and Kaplan, Lance and Chen, Feng and Cho, Jin-Hee},
  booktitle={AAAI FSS},
  year={2019}
}

@inproceedings{hu2021multidimensional,
  title={Multidimensional uncertainty-aware evidential neural networks},
  author={Hu, Yibo and Ou, Yuzhe and Zhao, Xujiang and Cho, Jin-Hee and Chen, Feng},
  booktitle={Proceedings of the AAAI Conference on Artificial Intelligence},
  volume={35},
  number={9},
  pages={7815--7822},
  year={2021}
}


@article{gawlikowski2021survey,
  title={A survey of uncertainty in deep neural networks},
  author={Gawlikowski, Jakob and Tassi, Cedrique Rovile Njieutcheu and Ali, Mohsin and Lee, Jongseok and Humt, Matthias and Feng, Jianxiang and Kruspe, Anna and Triebel, Rudolph and Jung, Peter and Roscher, Ribana and others},
  journal={arXiv preprint arXiv:2107.03342},
  year={2021}
}

@article{kendall2017uncertainties,
  title={What uncertainties do we need in bayesian deep learning for computer vision?},
  author={Kendall, Alex and Gal, Yarin},
  journal={Advances in neural information processing systems},
  volume={30},
  year={2017}
}

@inproceedings{blundell2015weight,
  title={Weight uncertainty in neural network},
  author={Blundell, Charles and Cornebise, Julien and Kavukcuoglu, Koray and Wierstra, Daan},
  booktitle={International conference on machine learning},
  pages={1613--1622},
  year={2015}
}

@article{lakshminarayanan2017simple,
  title={Simple and scalable predictive uncertainty estimation using deep ensembles},
  author={Lakshminarayanan, Balaji and Pritzel, Alexander and Blundell, Charles},
  journal={Advances in neural information processing systems},
  volume={30},
  year={2017}
}

@article{wang2019aleatoric,
  title={Aleatoric uncertainty estimation with test-time augmentation for medical image segmentation with convolutional neural networks},
  author={Wang, Guotai and Li, Wenqi and Aertsen, Michael and Deprest, Jan and Ourselin, S{\'e}bastien and Vercauteren, Tom},
  journal={Neurocomputing},
  volume={338},
  pages={34--45},
  year={2019},
  publisher={Elsevier}
}

@article{chen2019tip,
  title={Deep Integration: A Multi-Label Architecture for Road Scene Recognition},
  author={Chen, Long and Zhan, Wujing and Tian, Wei and He, Yuhang and Zou, Qin},
  journal={IEEE Transactions on Image Processing},
  volume={28},
  number={10},
  pages={4883-‚Äì4898},
  year={2019}
}

@inproceedings{zhu2023iccv,
  title={Multi-Label Self-Supervised Learning with Scene Images},
  author={Zhu, Ke and Fu, Minghao and Wu, Jianxin},
  booktitle={Proceedings of the IEEE International Conference on Computer Vision},
  pages={6694--6703},
  year={2023}
}

@inproceedings{cohen2021iccv,
  title={Semantic Diversity Learning for Zero-Shot Multi-label Classification},
  author={Ben-Cohen, Avi and Zamir, Nadav and Ben Baruch, Emanuel and Friedman, Itamar and Zelnik-Manor, Lihi},
  booktitle={Proceedings of the IEEE International Conference on Computer Vision},
  pages={640--650},
  year={2021}
}

@inproceedings{he2022eccv,
  title={RankSeg: Adaptive Pixel Classification with Image Category Ranking for Segmentation},
  author={He, Haodi and Yuan, Yuhui and Yue, Xiangyu and Hu, Han},
  booktitle={Proceedings of the European Conference on COmputer Vision},
  year={2022}
}

@inproceedings{li2023icmr,
  title={TsP-Tran: Two-Stage Pure Transformer for Multi-Label Image Retrieval},
  author={Li, Ying and Guan, Chunming and Gao, Jiaquan},
  booktitle={Proceedings of ACM International Conference on Multimedia Retrieval},
  pages={425--433},
  year={2023}
}

@article{wang2021neurips,
  title={Can multi-label classification networks know what they don‚Äôt know?},
  author={Wang, Haoran and Liu, Weitang and Bocchieri, Alex and Li, Yixuan},
  journal={Advances in Neural Information Processing Systems},
  volume={34},
  pages={29074--29087},
  year={2021}
}

@article{wang2022ivc,
  title={Multi-label out-of-distribution detection via exploiting sparsity and co-occurrence of labels},
  author={Wang, Lei and Huang, Sheng and Huangfu, Luwen and Liu, Bo and Zhang, Xiaohong},
  journal={Image and Vision Computing},
  volume={126},
  pages={104548},
  year={2022}
}

@inproceedings{hendrycks2022icml,
  title={Scaling Out-of-Distribution Detection for Real-World Settings},
  author={Hendrycks, Dan and Basart, Steven and Mazeika, Mantas and Zou, Andy and Kwon, Joe and Mostajabi, Mohammadreza and Steinhardt, Jacob and Song, Dawn},
  booktitle={International Conference on Machine Learning},
  pages={8759--8773},
  year={2022}
}

@inproceedings{zhao2023open,
  title={Open set action recognition via multi-label evidential learning},
  author={Zhao, Chen and Du, Dawei and Hoogs, Anthony and Funk, Christopher},
  booktitle={Proceedings of the IEEE/CVF Conference on Computer Vision and Pattern Recognition},
  pages={22982--22991},
  year={2023}
}

@inproceedings{zhao2023towards,
  title={Towards trustworthy multi-label sewer defect classification via evidential deep learning},
  author={Zhao, Chenyang and Hu, Chuanfei and Shao, Hang and Wang, Zhe and Wang, Yongxiong},
  booktitle={ICASSP 2023-2023 IEEE International Conference on Acoustics, Speech and Signal Processing (ICASSP)},
  pages={1--5},
  year={2023},
  organization={IEEE}
}

@inproceedings{he2016deep,
  title={Deep residual learning for image recognition},
  author={He, Kaiming and Zhang, Xiangyu and Ren, Shaoqing and Sun, Jian},
  booktitle={Proceedings of the IEEE conference on computer vision and pattern recognition},
  pages={770--778},
  year={2016}
}

@inproceedings{he2022out,
  title={Out-Of-Distribution Detection In Unsupervised Continual Learning},
  author={He, Jiangpeng and Zhu, Fengqing},
  booktitle={Proceedings of the IEEE/CVF Conference on Computer Vision and Pattern Recognition},
  pages={3850--3855},
  year={2022}
}

%PASCAL-VOC
@article{everingham2015ijcv,
  title={The pascal visual object classes challenge: A retrospective},
  author={Everingham, Mark and Eslami, S. M. Ali and Van Gool, Luc and Williams, Christopher K. I. and Winn, John and Zisserman, Andrew},
  journal={International Journal of Computer Vision},
  volume={111},
  number={1},
  pages={98--136},
  year={2015}
}
%MS-COCO
@inproceedings{lin2014eccv,
  title={Microsoft coco: Common objects in context},
  author={Lin, Tsung-Yi and Maire, Michael and Belongie, Serge and Hays, James and Perona, Pietro and Ramanan, Deva and Dollar, Piotr and Zitnick, C. Lawrence},
  booktitle={Proceedings of the European Conference on Computer Vision},
  pages={740--755},
  year={2014}
}
NUS-WIDE
@inproceedings{chua2009civr,
  title={Nus-wide: A real-world web image database from national university of singapore},
  author={Chua, Tat-Seng and Tang, Jinhui and Hong, Richang and Li, Haojie and Luo, Zhiping and Zheng, Yan-Tao},
  booktitle={Proceedings of the ACM Conference on Image and Video Retrieval},
  year={2009}
}


%MSP
@inproceedings{hendrycks2016baseline,
  title={A Baseline for Detecting Misclassified and Out-of-Distribution Examples in Neural Networks},
  author={Hendrycks, Dan and Gimpel, Kevin},
  booktitle={International Conference on Learning Representations},
  year={2016}
}
%ODIN
@inproceedings{liang2018enhancing,
  title={Enhancing The Reliability of Out-of-distribution Image Detection in Neural Networks},
  author={Liang, Shiyu and Li, Yixuan and Srikant, R},
  booktitle={International Conference on Learning Representations},
  year={2018}
}
%LOF
@inproceedings{breunig2000icmd,
  title={Lof: identifying density-based local outliers},
  author={Breunig, Markus M. and Kriegel, Hans-Peter and Ng, Raymond T. and Sander, Jorg},
  booktitle={Proceedings of the ACM SIGMOD international conference on Management of Data},
  pages={93--104},
  year={2000}
}
%Isolation Forest
@inproceedings{liu2008icdm,
  title={Isolation Forest},
  author={Liu, Fei Tony and Ting, Kai Ming and Zhou, Zhi-Hua},
  booktitle={Proceedings of the IEEE International Conference on Data Mining},
  pages={413--422},
  year={2008}
}
%ImageNet
@inproceedings{deng2009cvpr,
  title={Imagenet: A largescale hierarchical image database},
  author={Deng, Jia and Dong, Wei and Socher, Richard and Li, Li-Jia and Li, Kai and Li, Fei-Fei},
  booktitle={Proceedings of the IEEE Conference on Computer Vision and Pattern Recognition},
  pages={248--255},
  year={2009}
}


@inproceedings{cubuk2020randaugment,
  title={Randaugment: Practical automated data augmentation with a reduced search space},
  author={Cubuk, Ekin D and Zoph, Barret and Shlens, Jonathon and Le, Quoc V},
  booktitle={Proceedings of the IEEE/CVF conference on computer vision and pattern recognition workshops},
  pages={702--703},
  year={2020}
}



@book{jsang2018subjective,
  title={Subjective Logic: A formalism for reasoning under uncertainty},
  author={Jsang, Audun},
  year={2018},
  publisher={Springer Publishing Company, Incorporated}
}

@article{gawlikowski2023survey,
  title={A survey of uncertainty in deep neural networks},
  author={Gawlikowski, Jakob and Tassi, Cedrique Rovile Njieutcheu and Ali, Mohsin and Lee, Jongseok and Humt, Matthias and Feng, Jianxiang and Kruspe, Anna and Triebel, Rudolph and Jung, Peter and Roscher, Ribana and others},
  journal={Artificial Intelligence Review},
  volume={56},
  number={Suppl 1},
  pages={1513--1589},
  year={2023},
  publisher={Springer}
}

@inproceedings{bao2021evidential,
  title={Evidential deep learning for open set action recognition},
  author={Bao, Wentao and Yu, Qi and Kong, Yu},
  booktitle={Proceedings of the IEEE/CVF International Conference on Computer Vision},
  pages={13349--13358},
  year={2021}
}

@inproceedings{zhu2017learning,
  title={Learning spatial regularization with image-level supervisions for multi-label image classification},
  author={Zhu, Feng and Li, Hongsheng and Ouyang, Wanli and Yu, Nenghai and Wang, Xiaogang},
  booktitle={Proceedings of the IEEE conference on computer vision and pattern recognition},
  pages={5513--5522},
  year={2017}
}
