@inproceedings{brooks2023instructpix2pix,
  title={Instructpix2pix: Learning to follow image editing instructions},
  author={Brooks, Tim and Holynski, Aleksander and Efros, Alexei A},
  booktitle={Proceedings of the IEEE/CVF Conference on Computer Vision and Pattern Recognition},
  pages={18392--18402},
  year={2023}
}

@article{choi2023custom,
  title={Custom-edit: Text-guided image editing with customized diffusion models},
  author={Choi, Jooyoung and Choi, Yunjey and Kim, Yunji and Kim, Junho and Yoon, Sungroh},
  journal={arXiv preprint arXiv:2305.15779},
  year={2023}
}

@article{creswell2018inverting,
  title={Inverting the generator of a generative adversarial network},
  author={Creswell, Antonia and Bharath, Anil Anthony},
  journal={IEEE transactions on neural networks and learning systems},
  volume={30},
  number={7},
  pages={1967--1974},
  year={2018},
  publisher={IEEE}
}

@article{dhariwal2021diffusion,
  title={Diffusion models beat gans on image synthesis},
  author={Dhariwal, Prafulla and Nichol, Alexander},
  journal={Advances in neural information processing systems},
  volume={34},
  pages={8780--8794},
  year={2021}
}

@article{goodfellow2014generative,
  title={Generative adversarial nets},
  author={Goodfellow, Ian and Pouget-Abadie, Jean and Mirza, Mehdi and Xu, Bing and Warde-Farley, David and Ozair, Sherjil and Courville, Aaron and Bengio, Yoshua},
  journal={Advances in neural information processing systems},
  volume={27},
  year={2014}
}

@inproceedings{han2023design,
  title={Design implications of generative AI systems for visual storytelling for young learners},
  author={Han, Ariel and Cai, Zhenyao},
  booktitle={Proceedings of the 22nd Annual ACM Interaction Design and Children Conference},
  pages={470--474},
  year={2023}
}

@article{ho2020denoising,
  title={Denoising diffusion probabilistic models},
  author={Ho, Jonathan and Jain, Ajay and Abbeel, Pieter},
  journal={Advances in neural information processing systems},
  volume={33},
  pages={6840--6851},
  year={2020}
}

@inproceedings{jeong2022fingerprintnet,
  title={Fingerprintnet: Synthesized fingerprints for generated image detection},
  author={Jeong, Yonghyun and Kim, Doyeon and Ro, Youngmin and Kim, Pyounggeon and Choi, Jongwon},
  booktitle={European Conference on Computer Vision},
  pages={76--94},
  year={2022},
  organization={Springer}
}

@inproceedings{karras2019style,
  title={A style-based generator architecture for generative adversarial networks},
  author={Karras, Tero and Laine, Samuli and Aila, Timo},
  booktitle={Proceedings of the IEEE/CVF conference on computer vision and pattern recognition},
  pages={4401--4410},
  year={2019}
}

@article{kingma2013auto,
  title={Auto-encoding variational bayes},
  author={Kingma, Diederik P},
  journal={arXiv preprint arXiv:1312.6114},
  year={2013}
}

@inproceedings{li2020manigan,
  title={Manigan: Text-guided image manipulation},
  author={Li, Bowen and Qi, Xiaojuan and Lukasiewicz, Thomas and Torr, Philip HS},
  booktitle={Proceedings of the IEEE/CVF conference on computer vision and pattern recognition},
  pages={7880--7889},
  year={2020}
}

@inproceedings{li2025controlnet,
  title={ControlNet++: Improving Conditional Controls with Efficient Consistency Feedback},
  author={Li, Ming and Yang, Taojiannan and Kuang, Huafeng and Wu, Jie and Wang, Zhaoning and Xiao, Xuefeng and Chen, Chen},
  booktitle={European Conference on Computer Vision},
  pages={129--147},
  year={2025},
  organization={Springer}
}

@inproceedings{nichol2021improved,
  title={Improved denoising diffusion probabilistic models},
  author={Nichol, Alexander Quinn and Dhariwal, Prafulla},
  booktitle={International conference on machine learning},
  pages={8162--8171},
  year={2021},
  organization={PMLR}
}

@article{radford2015unsupervised,
  title={Unsupervised representation learning with deep convolutional generative adversarial networks},
  author={Radford, Alec},
  journal={arXiv preprint arXiv:1511.06434},
  year={2015}
}

@article{ravi2023preditor,
  title={Preditor: Text guided image editing with diffusion prior},
  author={Ravi, Hareesh and Kelkar, Sachin and Harikumar, Midhun and Kale, Ajinkya},
  journal={arXiv preprint arXiv:2302.07979},
  year={2023}
}

@inproceedings{rombach2022high,
  title={High-resolution image synthesis with latent diffusion models},
  author={Rombach, Robin and Blattmann, Andreas and Lorenz, Dominik and Esser, Patrick and Ommer, Bj{\"o}rn},
  booktitle={Proceedings of the IEEE/CVF conference on computer vision and pattern recognition},
  pages={10684--10695},
  year={2022}
}

@inproceedings{sinitsa2024deep,
  title={Deep image fingerprint: Towards low budget synthetic image detection and model lineage analysis},
  author={Sinitsa, Sergey and Fried, Ohad},
  booktitle={Proceedings of the IEEE/CVF Winter Conference on Applications of Computer Vision},
  pages={4067--4076},
  year={2024}
}

@article{song2020score,
  title={Score-based generative modeling through stochastic differential equations},
  author={Song, Yang and Sohl-Dickstein, Jascha and Kingma, Diederik P and Kumar, Abhishek and Ermon, Stefano and Poole, Ben},
  journal={arXiv preprint arXiv:2011.13456},
  year={2020}
}

@inproceedings{sun2021detect,
  title={Detect and remove watermark in deep neural networks via generative adversarial networks},
  author={Sun, Shichang and Wang, Haoqi and Xue, Mingfu and Zhang, Yushu and Wang, Jian and Liu, Weiqiang},
  booktitle={Information Security: 24th International Conference, ISC 2021, Virtual Event, November 10--12, 2021, Proceedings 24},
  pages={341--357},
  year={2021},
  organization={Springer}
}

@inproceedings{tancik2020stegastamp,
  title={Stegastamp: Invisible hyperlinks in physical photographs},
  author={Tancik, Matthew and Mildenhall, Ben and Ng, Ren},
  booktitle={Proceedings of the IEEE/CVF conference on computer vision and pattern recognition},
  pages={2117--2126},
  year={2020}
}

@article{tolstikhin2017wasserstein,
  title={Wasserstein auto-encoders},
  author={Tolstikhin, Ilya and Bousquet, Olivier and Gelly, Sylvain and Schoelkopf, Bernhard},
  journal={arXiv preprint arXiv:1711.01558},
  year={2017}
}

@article{wang2023alteration,
  title={Alteration-free and model-agnostic origin attribution of generated images},
  author={Wang, Zhenting and Chen, Chen and Zeng, Yi and Lyu, Lingjuan and Ma, Shiqing},
  journal={arXiv preprint arXiv:2305.18439},
  year={2023}
}

@inproceedings{wang2023imagen,
  title={Imagen editor and editbench: Advancing and evaluating text-guided image inpainting},
  author={Wang, Su and Saharia, Chitwan and Montgomery, Ceslee and Pont-Tuset, Jordi and Noy, Shai and Pellegrini, Stefano and Onoe, Yasumasa and Laszlo, Sarah and Fleet, David J and Soricut, Radu and others},
  booktitle={Proceedings of the IEEE/CVF conference on computer vision and pattern recognition},
  pages={18359--18369},
  year={2023}
}

@article{wang2024did,
  title={Where did i come from? origin attribution of ai-generated images},
  author={Wang, Zhenting and Chen, Chen and Zeng, Yi and Lyu, Lingjuan and Ma, Shiqing},
  journal={Advances in neural information processing systems},
  volume={36},
  year={2024}
}

@article{wang2024diffusion,
  title={Diffusion-based visual art creation: A survey and new perspectives},
  author={Wang, Bingyuan and Chen, Qifeng and Wang, Zeyu},
  journal={arXiv preprint arXiv:2408.12128},
  year={2024}
}

@article{wang2024trace,
  title={How to Trace Latent Generative Model Generated Images without Artificial Watermark?},
  author={Wang, Zhenting and Sehwag, Vikash and Chen, Chen and Lyu, Lingjuan and Metaxas, Dimitris N and Ma, Shiqing},
  journal={arXiv preprint arXiv:2405.13360},
  year={2024}
}

@inproceedings{wu2023not,
  title={Not only generative art: Stable diffusion for content-style disentanglement in art analysis},
  author={Wu, Yankun and Nakashima, Yuta and Garcia, Noa},
  booktitle={Proceedings of the 2023 ACM International conference on multimedia retrieval},
  pages={199--208},
  year={2023}
}

@article{xu2020adversarial,
  title={Adversarial attacks and defenses in images, graphs and text: A review},
  author={Xu, Han and Ma, Yao and Liu, Hao-Chen and Deb, Debayan and Liu, Hui and Tang, Ji-Liang and Jain, Anil K},
  journal={International journal of automation and computing},
  volume={17},
  pages={151--178},
  year={2020},
  publisher={Springer}
}

@article{yu2020responsible,
  title={Responsible disclosure of generative models using scalable fingerprinting},
  author={Yu, Ning and Skripniuk, Vladislav and Chen, Dingfan and Davis, Larry and Fritz, Mario},
  journal={arXiv preprint arXiv:2012.08726},
  year={2020}
}

@inproceedings{yu2021artificial,
  title={Artificial fingerprinting for generative models: Rooting deepfake attribution in training data},
  author={Yu, Ning and Skripniuk, Vladislav and Abdelnabi, Sahar and Fritz, Mario},
  booktitle={Proceedings of the IEEE/CVF International conference on computer vision},
  pages={14448--14457},
  year={2021}
}

@inproceedings{zhang2023adding,
  title={Adding conditional control to text-to-image diffusion models},
  author={Zhang, Lvmin and Rao, Anyi and Agrawala, Maneesh},
  booktitle={Proceedings of the IEEE/CVF International Conference on Computer Vision},
  pages={3836--3847},
  year={2023}
}

@article{zhao2024uni,
  title={Uni-controlnet: All-in-one control to text-to-image diffusion models},
  author={Zhao, Shihao and Chen, Dongdong and Chen, Yen-Chun and Bao, Jianmin and Hao, Shaozhe and Yuan, Lu and Wong, Kwan-Yee K},
  journal={Advances in Neural Information Processing Systems},
  volume={36},
  year={2024}
}

