@article{box1964analysis,
  title={An analysis of transformations},
  author={Box, George EP and Cox, David R},
  journal={Journal of the Royal Statistical Society Series B: Statistical Methodology},
  volume={26},
  number={2},
  pages={211--243},
  year={1964},
  publisher={Oxford University Press}
}

@inproceedings{rombach2022high,
  title={High-resolution image synthesis with latent diffusion models},
  author={Rombach, Robin and Blattmann, Andreas and Lorenz, Dominik and Esser, Patrick and Ommer, Bj{\"o}rn},
  booktitle={Proceedings of the IEEE/CVF conference on computer vision and pattern recognition},
  pages={10684--10695},
  year={2022}
}

@inproceedings{brooks2023instructpix2pix,
  title={Instructpix2pix: Learning to follow image editing instructions},
  author={Brooks, Tim and Holynski, Aleksander and Efros, Alexei A},
  booktitle={Proceedings of the IEEE/CVF Conference on Computer Vision and Pattern Recognition},
  pages={18392--18402},
  year={2023}
}
@inproceedings{zhang2023adding,
  title={Adding conditional control to text-to-image diffusion models},
  author={Zhang, Lvmin and Rao, Anyi and Agrawala, Maneesh},
  booktitle={Proceedings of the IEEE/CVF International Conference on Computer Vision},
  pages={3836--3847},
  year={2023}
}

@article{betker2023improving,
  title={Improving image generation with better captions},
  author={Betker, James and Goh, Gabriel and Jing, Li and Brooks, Tim and Wang, Jianfeng and Li, Linjie and Ouyang, Long and Zhuang, Juntang and Lee, Joyce and Guo, Yufei and others},
  journal={Computer Science. https://cdn. openai. com/papers/dall-e-3. pdf},
  volume={2},
  number={3},
  pages={8},
  year={2023}
}

@article{tuo2023anytext,
  title={Anytext: Multilingual visual text generation and editing},
  author={Tuo, Yuxiang and Xiang, Wangmeng and He, Jun-Yan and Geng, Yifeng and Xie, Xuansong},
  journal={arXiv preprint arXiv:2311.03054},
  year={2023}
}

@article{he2024ai,
  title={AI Originality Revisited: Can We Prompt Copyright over AI-Generated Pictures?},
  author={He, Tianxiang},
  journal={GRUR International},
  volume={73},
  number={4},
  pages={299--307},
  year={2024},
  publisher={Oxford University Press UK}
}

@inproceedings{tancik2020stegastamp,
  title={Stegastamp: Invisible hyperlinks in physical photographs},
  author={Tancik, Matthew and Mildenhall, Ben and Ng, Ren},
  booktitle={Proceedings of the IEEE/CVF conference on computer vision and pattern recognition},
  pages={2117--2126},
  year={2020}
}
@inproceedings{yu2021artificial,
  title={Artificial fingerprinting for generative models: Rooting deepfake attribution in training data},
  author={Yu, Ning and Skripniuk, Vladislav and Abdelnabi, Sahar and Fritz, Mario},
  booktitle={Proceedings of the IEEE/CVF International conference on computer vision},
  pages={14448--14457},
  year={2021}
}
@article{yu2020responsible,
  title={Responsible disclosure of generative models using scalable fingerprinting},
  author={Yu, Ning and Skripniuk, Vladislav and Chen, Dingfan and Davis, Larry and Fritz, Mario},
  journal={arXiv preprint arXiv:2012.08726},
  year={2020}
}
@inproceedings{sinitsa2024deep,
  title={Deep image fingerprint: Towards low budget synthetic image detection and model lineage analysis},
  author={Sinitsa, Sergey and Fried, Ohad},
  booktitle={Proceedings of the IEEE/CVF Winter Conference on Applications of Computer Vision},
  pages={4067--4076},
  year={2024}
}
@inproceedings{jeong2022fingerprintnet,
  title={Fingerprintnet: Synthesized fingerprints for generated image detection},
  author={Jeong, Yonghyun and Kim, Doyeon and Ro, Youngmin and Kim, Pyounggeon and Choi, Jongwon},
  booktitle={European Conference on Computer Vision},
  pages={76--94},
  year={2022},
  organization={Springer}
}
@article{wang2024did,
  title={Where did i come from? origin attribution of ai-generated images},
  author={Wang, Zhenting and Chen, Chen and Zeng, Yi and Lyu, Lingjuan and Ma, Shiqing},
  journal={Advances in neural information processing systems},
  volume={36},
  year={2024}
}
@article{asnani2023reverse,
  title={Reverse engineering of generative models: Inferring model hyperparameters from generated images},
  author={Asnani, Vishal and Yin, Xi and Hassner, Tal and Liu, Xiaoming},
  journal={IEEE Transactions on Pattern Analysis and Machine Intelligence},
  year={2023},
  publisher={IEEE}
}
@article{wang2024trace,
  title={How to Trace Latent Generative Model Generated Images without Artificial Watermark?},
  author={Wang, Zhenting and Sehwag, Vikash and Chen, Chen and Lyu, Lingjuan and Metaxas, Dimitris N and Ma, Shiqing},
  journal={arXiv preprint arXiv:2405.13360},
  year={2024}
}
@article{wang2023alteration,
  title={Alteration-free and model-agnostic origin attribution of generated images},
  author={Wang, Zhenting and Chen, Chen and Zeng, Yi and Lyu, Lingjuan and Ma, Shiqing},
  journal={arXiv preprint arXiv:2305.18439},
  year={2023}
}
@article{ho2020denoising,
  title={Denoising diffusion probabilistic models},
  author={Ho, Jonathan and Jain, Ajay and Abbeel, Pieter},
  journal={Advances in neural information processing systems},
  volume={33},
  pages={6840--6851},
  year={2020}
}
@inproceedings{nichol2021improved,
  title={Improved denoising diffusion probabilistic models},
  author={Nichol, Alexander Quinn and Dhariwal, Prafulla},
  booktitle={International conference on machine learning},
  pages={8162--8171},
  year={2021},
  organization={PMLR}
}
@article{dhariwal2021diffusion,
  title={Diffusion models beat gans on image synthesis},
  author={Dhariwal, Prafulla and Nichol, Alexander},
  journal={Advances in neural information processing systems},
  volume={34},
  pages={8780--8794},
  year={2021}
}
# -- GANs --
@article{goodfellow2014generative,
  title={Generative adversarial nets},
  author={Goodfellow, Ian and Pouget-Abadie, Jean and Mirza, Mehdi and Xu, Bing and Warde-Farley, David and Ozair, Sherjil and Courville, Aaron and Bengio, Yoshua},
  journal={Advances in neural information processing systems},
  volume={27},
  year={2014}
}
@article{mirza2014conditional,
  title={Conditional generative adversarial nets},
  author={Mirza, Mehdi},
  journal={arXiv preprint arXiv:1411.1784},
  year={2014}
}
@article{radford2015unsupervised,
  title={Unsupervised representation learning with deep convolutional generative adversarial networks},
  author={Radford, Alec},
  journal={arXiv preprint arXiv:1511.06434},
  year={2015}
}
@inproceedings{zhu2017unpaired,
  title={Unpaired image-to-image translation using cycle-consistent adversarial networks},
  author={Zhu, Jun-Yan and Park, Taesung and Isola, Phillip and Efros, Alexei A},
  booktitle={Proceedings of the IEEE international conference on computer vision},
  pages={2223--2232},
  year={2017}
}
@inproceedings{karras2019style,
  title={A style-based generator architecture for generative adversarial networks},
  author={Karras, Tero and Laine, Samuli and Aila, Timo},
  booktitle={Proceedings of the IEEE/CVF conference on computer vision and pattern recognition},
  pages={4401--4410},
  year={2019}
}
# -- VAEs --
@article{kingma2013auto,
  title={Auto-encoding variational bayes},
  author={Kingma, Diederik P},
  journal={arXiv preprint arXiv:1312.6114},
  year={2013}
}
@article{louizos2015variational,
  title={The variational fair autoencoder},
  author={Louizos, Christos and Swersky, Kevin and Li, Yujia and Welling, Max and Zemel, Richard},
  journal={arXiv preprint arXiv:1511.00830},
  year={2015}
}
@article{chen2016variational,
  title={Variational lossy autoencoder},
  author={Chen, Xi and Kingma, Diederik P and Salimans, Tim and Duan, Yan and Dhariwal, Prafulla and Schulman, John and Sutskever, Ilya and Abbeel, Pieter},
  journal={arXiv preprint arXiv:1611.02731},
  year={2016}
}
@article{tolstikhin2017wasserstein,
  title={Wasserstein auto-encoders},
  author={Tolstikhin, Ilya and Bousquet, Olivier and Gelly, Sylvain and Schoelkopf, Bernhard},
  journal={arXiv preprint arXiv:1711.01558},
  year={2017}
}
@inproceedings{kolouri2018sliced,
  title={Sliced Wasserstein auto-encoders},
  author={Kolouri, Soheil and Pope, Phillip E and Martin, Charles E and Rohde, Gustavo K},
  booktitle={International Conference on Learning Representations},
  year={2018}
}

@article{creswell2018inverting,
  title={Inverting the generator of a generative adversarial network},
  author={Creswell, Antonia and Bharath, Anil Anthony},
  journal={IEEE transactions on neural networks and learning systems},
  volume={30},
  number={7},
  pages={1967--1974},
  year={2018},
  publisher={IEEE}
}

@article{ren2024copyright,
  title={Copyright protection in generative ai: A technical perspective},
  author={Ren, Jie and Xu, Han and He, Pengfei and Cui, Yingqian and Zeng, Shenglai and Zhang, Jiankun and Wen, Hongzhi and Ding, Jiayuan and Huang, Pei and Lyu, Lingjuan and others},
  journal={arXiv preprint arXiv:2402.02333},
  year={2024}
}
@article{ducru2024ai,
  title={AI Royalties--an IP Framework to Compensate Artists \& IP Holders for AI-Generated Content},
  author={Ducru, Pablo and Raiman, Jonathan and Lemos, Ronaldo and Garner, Clay and He, George and Balcha, Hanna and Souto, Gabriel and Branco, Sergio and Bottino, Celina},
  journal={arXiv preprint arXiv:2406.11857},
  year={2024}
}
@article{gaffar2024copyright,
  title={Copyright protection for AI-generated works: Exploring originality and ownership in a digital landscape},
  author={Gaffar, Hafiz and Albarashdi, Saleh},
  journal={Asian Journal of International Law},
  pages={1--24},
  year={2024},
  publisher={Cambridge University Press}
}
@article{yang2023diffusion,
  title={Diffusion models: A comprehensive survey of methods and applications},
  author={Yang, Ling and Zhang, Zhilong and Song, Yang and Hong, Shenda and Xu, Runsheng and Zhao, Yue and Zhang, Wentao and Cui, Bin and Yang, Ming-Hsuan},
  journal={ACM Computing Surveys},
  volume={56},
  number={4},
  pages={1--39},
  year={2023},
  publisher={ACM New York, NY, USA}
}
@article{wang2024diffusion,
  title={Diffusion-based visual art creation: A survey and new perspectives},
  author={Wang, Bingyuan and Chen, Qifeng and Wang, Zeyu},
  journal={arXiv preprint arXiv:2408.12128},
  year={2024}
}
@inproceedings{han2023design,
  title={Design implications of generative AI systems for visual storytelling for young learners},
  author={Han, Ariel and Cai, Zhenyao},
  booktitle={Proceedings of the 22nd Annual ACM Interaction Design and Children Conference},
  pages={470--474},
  year={2023}
}
@inproceedings{wu2023not,
  title={Not only generative art: Stable diffusion for content-style disentanglement in art analysis},
  author={Wu, Yankun and Nakashima, Yuta and Garcia, Noa},
  booktitle={Proceedings of the 2023 ACM International conference on multimedia retrieval},
  pages={199--208},
  year={2023}
}
@inproceedings{li2020manigan,
  title={Manigan: Text-guided image manipulation},
  author={Li, Bowen and Qi, Xiaojuan and Lukasiewicz, Thomas and Torr, Philip HS},
  booktitle={Proceedings of the IEEE/CVF conference on computer vision and pattern recognition},
  pages={7880--7889},
  year={2020}
}
@article{choi2023custom,
  title={Custom-edit: Text-guided image editing with customized diffusion models},
  author={Choi, Jooyoung and Choi, Yunjey and Kim, Yunji and Kim, Junho and Yoon, Sungroh},
  journal={arXiv preprint arXiv:2305.15779},
  year={2023}
}
@inproceedings{wang2023imagen,
  title={Imagen editor and editbench: Advancing and evaluating text-guided image inpainting},
  author={Wang, Su and Saharia, Chitwan and Montgomery, Ceslee and Pont-Tuset, Jordi and Noy, Shai and Pellegrini, Stefano and Onoe, Yasumasa and Laszlo, Sarah and Fleet, David J and Soricut, Radu and others},
  booktitle={Proceedings of the IEEE/CVF conference on computer vision and pattern recognition},
  pages={18359--18369},
  year={2023}
}
@article{ravi2023preditor,
  title={Preditor: Text guided image editing with diffusion prior},
  author={Ravi, Hareesh and Kelkar, Sachin and Harikumar, Midhun and Kale, Ajinkya},
  journal={arXiv preprint arXiv:2302.07979},
  year={2023}
}
@article{zhao2024uni,
  title={Uni-controlnet: All-in-one control to text-to-image diffusion models},
  author={Zhao, Shihao and Chen, Dongdong and Chen, Yen-Chun and Bao, Jianmin and Hao, Shaozhe and Yuan, Lu and Wong, Kwan-Yee K},
  journal={Advances in Neural Information Processing Systems},
  volume={36},
  year={2024}
}
@inproceedings{li2025controlnet,
  title={ControlNet++: Improving Conditional Controls with Efficient Consistency Feedback},
  author={Li, Ming and Yang, Taojiannan and Kuang, Huafeng and Wu, Jie and Wang, Zhaoning and Xiao, Xuefeng and Chen, Chen},
  booktitle={European Conference on Computer Vision},
  pages={129--147},
  year={2025},
  organization={Springer}
}
@article{xu2020adversarial,
  title={Adversarial attacks and defenses in images, graphs and text: A review},
  author={Xu, Han and Ma, Yao and Liu, Hao-Chen and Deb, Debayan and Liu, Hui and Tang, Ji-Liang and Jain, Anil K},
  journal={International journal of automation and computing},
  volume={17},
  pages={151--178},
  year={2020},
  publisher={Springer}
}
@inproceedings{sun2021detect,
  title={Detect and remove watermark in deep neural networks via generative adversarial networks},
  author={Sun, Shichang and Wang, Haoqi and Xue, Mingfu and Zhang, Yushu and Wang, Jian and Liu, Weiqiang},
  booktitle={Information Security: 24th International Conference, ISC 2021, Virtual Event, November 10--12, 2021, Proceedings 24},
  pages={341--357},
  year={2021},
  organization={Springer}
}
@article{davis2011remarks,
  title={Remarks on some nonparametric estimates of a density function},
  author={Davis, Richard A and Lii, Keh-Shin and Politis, Dimitris N},
  journal={Selected Works of Murray Rosenblatt},
  pages={95--100},
  year={2011},
  publisher={Springer}
}
@book{kolmogorov2018foundations,
  title={Foundations of the theory of probability: Second English Edition},
  author={Kolmogorov, Andre Nikolaevich and Bharucha-Reid, Albert T},
  year={2018},
  publisher={Courier Dover Publications}
}
@article{vapnik1996support,
  title={Support vector method for function approximation, regression estimation and signal processing},
  author={Vapnik, Vladimir and Golowich, Steven and Smola, Alex},
  journal={Advances in neural information processing systems},
  volume={9},
  year={1996}
}
@article{cervantes2020comprehensive,
  title={A comprehensive survey on support vector machine classification: Applications, challenges and trends},
  author={Cervantes, Jair and Garcia-Lamont, Farid and Rodr{\'\i}guez-Mazahua, Lisbeth and Lopez, Asdrubal},
  journal={Neurocomputing},
  volume={408},
  pages={189--215},
  year={2020},
  publisher={Elsevier}
}
@misc{liu2024latentguardsafetyframework,
      title={Latent Guard: a Safety Framework for Text-to-image Generation}, 
      author={Runtao Liu and Ashkan Khakzar and Jindong Gu and Qifeng Chen and Philip Torr and Fabio Pizzati},
      year={2024},
      eprint={2404.08031},
      archivePrefix={arXiv},
      primaryClass={cs.CV},
      url={https://arxiv.org/abs/2404.08031}, 
}

@misc{verge2024appleai,
  title = {Apple is concerned about AI turning real photos into fantasy},
  author = {The Verge},
  year = {2024},
  url = {https://bit.ly/4g59HHC},
  note = {Accessed: 2025-01-20}
}

@misc{verge2024googleai,
  title = {Google's AI Reimagine tool helped us add wrecks, disasters, and corpses to our photos},
  author = {The Verge},
  year = {2024},
  url = {https://bit.ly/4hnz9cf},
  note = {Accessed: 2025-01-20}
}
@article{song2020score,
  title={Score-based generative modeling through stochastic differential equations},
  author={Song, Yang and Sohl-Dickstein, Jascha and Kingma, Diederik P and Kumar, Abhishek and Ermon, Stefano and Poole, Ben},
  journal={arXiv preprint arXiv:2011.13456},
  year={2020}
}
@article{powers2020evaluation,
  title={Evaluation: from precision, recall and F-measure to ROC, informedness, markedness and correlation},
  author={Powers, David MW},
  journal={arXiv preprint arXiv:2010.16061},
  year={2020}
}
@inproceedings{huh2018fighting,
  title={Fighting fake news: Image splice detection via learned self-consistency},
  author={Huh, Minyoung and Liu, Andrew and Owens, Andrew and Efros, Alexei A},
  booktitle={Proceedings of the European conference on computer vision (ECCV)},
  pages={101--117},
  year={2018}
}
@article{yuan2019adversarial,
  title={Adversarial examples: Attacks and defenses for deep learning},
  author={Yuan, Xiaoyong and He, Pan and Zhu, Qile and Li, Xiaolin},
  journal={IEEE transactions on neural networks and learning systems},
  volume={30},
  number={9},
  pages={2805--2824},
  year={2019},
  publisher={IEEE}
}

@article{ke2025detection,
  title={Detection of AI Deepfake and Fraud in Online Payments Using GAN-Based Models},
  author={Ke, Zong and Zhou, Shicheng and Zhou, Yining and Chang, Chia Hong and Zhang, Rong},
  journal={arXiv preprint arXiv:2501.07033},
  year={2025}
}