@article{Sergey2020offlineRL,
	title        = {Offline reinforcement learning: Tutorial, review, and perspectives on open problems},
	author       = {Levine, S. and Kumar, A. and Tucker, G. and Fu, J.},
	year         = 2020,
	journal      = {arXiv preprint arXiv:2005.01643}
}

@article{arulkumaran2017brief,
  title={A brief survey of deep reinforcement learning},
  author={Arulkumaran, Kai and Deisenroth, Marc Peter and Brundage, Miles and Bharath, Anil Anthony},
  journal={arXiv preprint arXiv:1708.05866},
  year={2017}
}

@article{bannon2020causality,
  title={Causality and batch reinforcement learning: Complementary approaches to planning in unknown domains},
  author={Bannon, James and Windsor, Brad and Song, Wenbo and Li, Tao},
  journal={arXiv preprint arXiv:2006.02579},
  year={2020}
}

@article{canese2021multi,
  title={Multi-agent reinforcement learning: A review of challenges and applications},
  author={Canese, Lorenzo and Cardarilli, Gian Carlo and Di Nunzio, Luca and Fazzolari, Rocco and Giardino, Daniele and Re, Marco and Span{\`o}, Sergio},
  journal={Applied Sciences},
  volume={11},
  number={11},
  pages={4948},
  year={2021},
  publisher={MDPI}
}

@article{deng2023causal,
  title={Causal reinforcement learning: A survey},
  author={Deng, Zhihong and Jiang, Jing and Long, Guodong and Zhang, Chengqi},
  journal={arXiv preprint arXiv:2307.01452},
  year={2023}
}

@article{ding2018causal,
  title={Causal inference},
  author={Ding, Peng and Li, Fan},
  journal={Statistical Science},
  volume={33},
  number={2},
  pages={214--237},
  year={2018},
  publisher={JSTOR}
}

@article{grimbly2021causal,
  title={Causal multi-agent reinforcement learning: Review and open problems},
  author={Grimbly, St John and Shock, Jonathan and Pretorius, Arnu},
  journal={arXiv preprint arXiv:2111.06721},
  year={2021}
}

@article{gronauer2022multi,
  title={Multi-agent deep reinforcement learning: a survey},
  author={Gronauer, Sven and Diepold, Klaus},
  journal={Artificial Intelligence Review},
  volume={55},
  number={2},
  pages={895--943},
  year={2022},
  publisher={Springer}
}

@article{gu2022review,
  title={A review of safe reinforcement learning: Methods, theory and applications},
  author={Gu, Shangding and Yang, Long and Du, Yali and Chen, Guang and Walter, Florian and Wang, Jun and Knoll, Alois},
  journal={arXiv preprint arXiv:2205.10330},
  year={2022}
}

@book{imbens2015causal,
  title={Causal inference in statistics, social, and biomedical sciences},
  author={Imbens, Guido W and Rubin, Donald B},
  year={2015},
  publisher={Cambridge university press}
}

@article{kaddour2022causal,
  title={Causal machine learning: A survey and open problems},
  author={Kaddour, Jean and Lynch, Aengus and Liu, Qi and Kusner, Matt J and Silva, Ricardo},
  journal={arXiv preprint arXiv:2206.15475},
  year={2022}
}

@article{keith2020text,
  title={Text and causal inference: A review of using text to remove confounding from causal estimates},
  author={Keith, Katherine A and Jensen, David and O'Connor, Brendan},
  journal={arXiv preprint arXiv:2005.00649},
  year={2020}
}

@article{kosorok2019precision,
  title={Precision medicine},
  author={Kosorok, Michael R and Laber, Eric B},
  journal={Annual review of statistics and its application},
  volume={6},
  number={1},
  pages={263--286},
  year={2019},
  publisher={Annual Reviews}
}

@book{lattimore2020bandit,
	title        = {Bandit algorithms},
	author       = {Lattimore, Tor and Szepesv{\'a}ri, Csaba},
	year         = 2020,
	publisher    = {Cambridge University Press}
}

@article{pearl1995causal,
  title={Causal diagrams for empirical research},
  author={Pearl, Judea},
  journal={Biometrika},
  volume={82},
  number={4},
  pages={669--688},
  year={1995},
  publisher={Oxford University Press}
}

@article{pearl2003statistics,
  title={Statistics and causal inference: A review},
  author={Pearl, Judea},
  journal={Test},
  volume={12},
  pages={281--345},
  year={2003},
  publisher={Springer}
}

@article{pearl2009causal,
	title        = {Causal inference in statistics: An overview},
	author       = {Pearl, Judea and others},
	year         = 2009,
	journal      = {Statistics surveys},
	publisher    = {The author, under a Creative Commons Attribution License},
	volume       = 3,
	pages        = {96--146}
}

@article{pearl2010causal,
  title={Causal inference},
  author={Pearl, Judea},
  journal={Causality: objectives and assessment},
  pages={39--58},
  year={2010},
  publisher={PMLR}
}

@article{pearl2010foundations,
  title={The foundations of causal inference},
  author={Pearl, Judea},
  journal={Sociological Methodology},
  volume={40},
  number={1},
  pages={75--149},
  year={2010},
  publisher={Wiley Online Library}
}

@article{prudencio2023survey,
	title        = {A survey on offline reinforcement learning: Taxonomy, review, and open problems},
	author       = {Prudencio, Rafael Figueiredo and Maximo, Marcos ROA and Colombini, Esther Luna},
	year         = 2023,
	journal      = {IEEE Transactions on Neural Networks and Learning Systems},
	publisher    = {IEEE}
}

@article{rubin1974estimating,
	title        = {Estimating causal effects of treatments in randomized and nonrandomized studies.},
	author       = {Rubin, Donald B},
	year         = 1974,
	journal      = {Journal of educational Psychology},
	publisher    = {American Psychological Association},
	volume       = 66,
	number       = 5,
	pages        = 688
}

@article{rubin1978bayesian,
	title        = {Bayesian inference for causal effects: The role of randomization},
	author       = {Rubin, Donald B},
	year         = 1978,
	journal      = {The Annals of statistics},
	publisher    = {JSTOR},
	volume       = 6,
	pages        = {34--58},
	isbn         = {0090-5364},
	date-added   = {2017-11-15 20:33:51 +0000},
	date-modified = {2017-11-15 20:35:05 +0000},
	ty           = {JOUR}
}

@article{scholkopf2021toward,
  title={Toward causal representation learning},
  author={Sch{\"o}lkopf, Bernhard and Locatello, Francesco and Bauer, Stefan and Ke, Nan Rosemary and Kalchbrenner, Nal and Goyal, Anirudh and Bengio, Yoshua},
  journal={Proceedings of the IEEE},
  volume={109},
  number={5},
  pages={612--634},
  year={2021},
  publisher={IEEE}
}

@article{shakya2023reinforcement,
  title={Reinforcement learning algorithms: A brief survey},
  author={Shakya, Ashish Kumar and Pillai, Gopinatha and Chakrabarty, Sohom},
  journal={Expert Systems with Applications},
  volume={231},
  pages={120495},
  year={2023},
  publisher={Elsevier}
}

@misc{slivkins2024introductionmultiarmedbandits,
      title={Introduction to Multi-Armed Bandits}, 
      author={Aleksandrs Slivkins},
      year={2024},
      eprint={1904.07272},
      archivePrefix={arXiv},
      primaryClass={cs.LG},
      url={https://arxiv.org/abs/1904.07272}, 
}

@article{stuart2010matching,
  title={Matching methods for causal inference: A review and a look forward},
  author={Stuart, Elizabeth A},
  journal={Statistical science: a review journal of the Institute of Mathematical Statistics},
  volume={25},
  number={1},
  pages={1},
  year={2010},
  publisher={NIH Public Access}
}

@article{uehara2022review,
	title        = {A review of off-policy evaluation in reinforcement learning},
	author       = {Uehara, Masatoshi and Shi, Chengchun and Kallus, Nathan},
	year         = 2022,
	journal      = {arXiv preprint arXiv:2212.06355}
}

@article{voloshin2019empirical,
	title        = {Empirical study of off-policy policy evaluation for reinforcement learning},
	author       = {Voloshin, Cameron and Le, Hoang M and Jiang, Nan and Yue, Yisong},
	year         = 2019,
	journal      = {arXiv preprint arXiv:1911.06854}
}

@article{wang2022deep,
  title={Deep reinforcement learning: A survey},
  author={Wang, Xu and Wang, Sen and Liang, Xingxing and Zhao, Dawei and Huang, Jincai and Xu, Xin and Dai, Bin and Miao, Qiguang},
  journal={IEEE Transactions on Neural Networks and Learning Systems},
  volume={35},
  number={4},
  pages={5064--5078},
  year={2022},
  publisher={IEEE}
}

@article{xiang2021recent,
  title={Recent advances in deep reinforcement learning applications for solving partially observable markov decision processes (pomdp) problems: Part 1â€”fundamentals and applications in games, robotics and natural language processing},
  author={Xiang, Xuanchen and Foo, Simon},
  journal={Machine Learning and Knowledge Extraction},
  volume={3},
  number={3},
  pages={554--581},
  year={2021},
  publisher={MDPI}
}

@article{yao2021survey,
	title        = {A survey on causal inference},
	author       = {Yao, Liuyi and Chu, Zhixuan and Li, Sheng and Li, Yaliang and Gao, Jing and Zhang, Aidong},
	year         = 2021,
	journal      = {ACM Transactions on Knowledge Discovery from Data (TKDD)},
	publisher    = {ACM New York, NY, USA},
	volume       = 15,
	number       = 5,
	pages        = {1--46}
}

@article{zeng2023survey,
  title={A survey on causal reinforcement learning},
  author={Zeng, Yan and Cai, Ruichu and Sun, Fuchun and Huang, Libo and Hao, Zhifeng},
  journal={arXiv preprint arXiv:2302.05209},
  year={2023}
}

