@misc{PBLWorks,
  title = {What is Project-based Learning?}, 
  author={PBLWorks, Buck Institute of Education},
  year={2019},
  howpublished = {\url{https://www.pblworks.org/what-is-pbl}}
}
@article{condliffe2017project,
  title={Project-Based Learning: A Literature Review. Working Paper.},
  author={Condliffe, Barbara},
  journal={MDRC},
  year={2017},
  publisher={ERIC}
}
@article{noguera2015equal,
  title={Equal opportunity for deeper learning.},
  author={Noguera, Pedro and Darling-Hammond, Linda and Friedlaender, Diane},
  year={2015}
}
@article{peterson2012uncovering,
  title={Uncovering the progressive past: The origins of project-based learning},
  author={Peterson, BW},
  journal={UnBoxed: A Journal of Adult Learning in Schools},
  volume={8},
  year={2012}
}
@article{parker2011rethinking,
  title={Rethinking advanced high school coursework: Tackling the depth/breadth tension in the AP US Government and Politics course},
  author={Parker, Walter and Mosborg, Susan and Bransford, John and Vye, Nancy and Wilkerson, John and Abbott, Robert},
  journal={Journal of Curriculum Studies},
  volume={43},
  number={4},
  pages={533--559},
  year={2011},
  publisher={Taylor \& Francis}
}
@misc{piaget1971biology,
  title={Biology and Knowledge (Edinburgh},
  author={Piaget, Jean},
  journal={Edinburgh University Press},
  year={1971}
}
@book{resnick2018knowing,
  title={Knowing, learning, and instruction: Essays in honor of Robert Glaser},
  author={Resnick, Lauren},
  year={2018},
  publisher={Routledge}
}
@book{vygotsky2011interaction,
  title={Interaction between learning and development},
  author={Vygotsky, Lev and others},
  year={2011},
  publisher={Link{\"o}pings universitet}
}
@article{blumenfeld1991motivating,
  title={Motivating project-based learning: Sustaining the doing, supporting the learning},
  author={Blumenfeld, Phyllis C and Soloway, Elliot and Marx, Ronald W and Krajcik, Joseph S and Guzdial, Mark and Palincsar, Annemarie},
  journal={Educational psychologist},
  volume={26},
  number={3-4},
  pages={369--398},
  year={1991},
  publisher={Taylor \& Francis}
}
@book{krajcik2006project,
  title={Project-based learning},
  author={Krajcik, Joseph S and Blumenfeld, Phyllis C},
  year={2006},
  publisher={na}
}
@incollection{scardamalia2011new,
  title={New assessments and environments for knowledge building},
  author={Scardamalia, Marlene and Bransford, John and Kozma, Bob and Quellmalz, Edys},
  booktitle={Assessment and teaching of 21st century skills},
  pages={231--300},
  year={2011},
  publisher={Springer}
}
@article{boaler1998open,
  title={Open and closed mathematics: Student experiences and understandings},
  author={Boaler, Jo},
  journal={Journal for research in mathematics education},
  volume={29},
  number={1},
  pages={41--62},
  year={1998},
  publisher={National Council of Teachers of Mathematics}
}
@article{panasan2010learning,
  title={Learning outcomes of project-based and inquiry-based learning activities.},
  author={Panasan, Mookdaporn and Nuangchalerm, Prasart},
  journal={Online Submission},
  volume={6},
  number={2},
  pages={252--255},
  year={2010},
  publisher={ERIC}
}
@article{schneider2002performance,
  title={Performance of students in project-based science classrooms on a national measure of science achievement},
  author={Schneider, Rebecca M and Krajcik, Joseph and Marx, Ronald W and Soloway, Elliot},
  journal={Journal of Research in Science Teaching: The Official Journal of the National Association for Research in Science Teaching},
  volume={39},
  number={5},
  pages={410--422},
  year={2002},
  publisher={Wiley Online Library}
}
@article{chen2019revisiting,
  title={Revisiting the effects of project-based learning on students’ academic achievement: A meta-analysis investigating moderators},
  author={Chen, Cheng-Huan and Yang, Yong-Cih},
  journal={Educational Research Review},
  volume={26},
  pages={71--81},
  year={2019},
  publisher={Elsevier}
}
@article{hernandez2009learning,
  title={Learning history in middle school by designing multimedia in a project-based learning experience},
  author={Hern{\'a}ndez-Ramos, Pedro and De La Paz, Susan},
  journal={Journal of Research on Technology in Education},
  volume={42},
  number={2},
  pages={151--173},
  year={2009},
  publisher={Taylor \& Francis}
}
@article{kaldi2011project,
  title={Project-based learning in primary schools: Effects on pupils' learning and attitudes},
  author={Kaldi, Stavroula and Filippatou, Diamanto and Govaris, Christos},
  journal={Education 3--13},
  volume={39},
  number={1},
  pages={35--47},
  year={2011},
  publisher={Taylor \& Francis}
}
@book{bender2012project,
  title={Project-based learning: Differentiating instruction for the 21st century},
  author={Bender, William N},
  year={2012},
  publisher={Corwin Press}
}
@article{tseng2013attitudes,
  title={Attitudes towards science, technology, engineering and mathematics (STEM) in a project-based learning (PjBL) environment},
  author={Tseng, Kuo-Hung and Chang, Chi-Cheng and Lou, Shi-Jer and Chen, Wen-Ping},
  journal={International Journal of Technology and Design Education},
  volume={23},
  pages={87--102},
  year={2013},
  publisher={Springer}
}
@article{thomas1998project,
  title={Project based learning overview},
  author={Thomas, John W},
  journal={Novato, CA: Buck Institute for Education},
  volume={3},
  year={1998}
}
@book{thomas1999project,
  title={Project based learning: A handbook for middle and high school teachers},
  author={Thomas, John W and Mergendoller, John R and Michaelson, Andrew},
  year={1999},
  publisher={Buck Institute for Education}
}
@article{english2013supporting,
  title={Supporting student self-regulated learning in problem-and project-based learning},
  author={English, Mary C and Kitsantas, Anastasia},
  journal={Interdisciplinary journal of problem-based learning},
  volume={7},
  number={2},
  pages={6},
  year={2013},
  publisher={Purdue University Press}
}
@article{ertmer2006jumping,
  title={Jumping the PBL implementation hurdle: Supporting the efforts of K--12 teachers},
  author={Ertmer, Peggy A and Simons, Krista D},
  journal={Interdisciplinary Journal of Problem-based learning},
  volume={1},
  number={1},
  pages={40--54},
  year={2006}
}
@article{savery2015overview,
  title={Overview of problem-based learning: Definitions and distinctions},
  author={Savery, John R},
  journal={Essential readings in problem-based learning: Exploring and extending the legacy of Howard S. Barrows},
  volume={9},
  number={2},
  pages={5--15},
  year={2015}
}
@article{sahoo2013formative,
  title={Formative assessment of ophthalmology problem-based learning tutorials during undergraduate medical training},
  author={Sahoo, Soumendra and Myint, Kay Thi and Soe, Htoo Htoo Kyaw and Singh, Simerjit},
  journal={The Asia-Pacific Journal of Ophthalmology},
  volume={2},
  number={5},
  pages={282--285},
  year={2013},
  publisher={LWW}
}
@article{albanese2019types,
  title={Types and Design of Assessment in PBL},
  author={Albanese, Mark A and Hinman, Georgia L},
  journal={The Wiley Handbook of Problem-Based Learning},
  pages={389--409},
  year={2019},
  publisher={Wiley Online Library}
}
@article{simons2004instructional,
  title={Instructional strategies utilized during the implementation of a hypermedia, problem-based learning environment: A case study},
  author={Simons, Krista D and Klein, James D and Brush, Thomas R},
  journal={Journal of Interactive Learning Research},
  volume={15},
  number={3},
  pages={213--233},
  year={2004},
  publisher={Association for the Advancement of Computing in Education (AACE)}
}
@inproceedings{zheng2024charting,
  title={Charting the Future of AI in Project-Based Learning: A Co-Design Exploration with Students},
  author={Zheng, Chengbo and Yuan, Kangyu and Guo, Bingcan and Hadi Mogavi, Reza and Peng, Zhenhui and Ma, Shuai and Ma, Xiaojuan},
  booktitle={Proceedings of the CHI Conference on Human Factors in Computing Systems},
  pages={1--19},
  year={2024}
}
@article{viro2020teachers,
  title={Teachers' perspectives on project-based learning in mathematics and science},
  author={Viro, Elina and Lehtonen, Daranee and Joutsenlahti, Jorma and Tahvanainen, Ville},
  year={2020}
}
@article{gallagher1997problem,
  title={Problem-based learning: Where did it come from, what does it do, and where is it going?},
  author={Gallagher, Shelagh A},
  journal={Journal for the Education of the Gifted},
  volume={20},
  number={4},
  pages={332--362},
  year={1997},
  publisher={SAGE Publications Sage CA: Los Angeles, CA}
}
@article{markula2022key,
  title={The key characteristics of project-based learning: how teachers implement projects in K-12 science education},
  author={Markula, Anette and Aksela, Maija},
  journal={Disciplinary and Interdisciplinary Science Education Research},
  volume={4},
  number={1},
  pages={2},
  year={2022},
  publisher={Springer}
}
@article{mentzer2017examination,
  title={An examination of teacher understanding of project based science as a result of participating in an extended professional development program: Implications for implementation},
  author={Mentzer, Gale A and Czerniak, Charlene M and Brooks, Lisa},
  journal={School Science and Mathematics},
  volume={117},
  number={1-2},
  pages={76--86},
  year={2017},
  publisher={Wiley Online Library}
}
@article{aksela2019project,
  title={Project-based learning (PBL) in practise: Active teachers' views of its' advantages and challenges},
  author={Aksela, Maija and Haatainen, Outi and others},
  journal={Integrated Education for the Real World},
  volume={34},
  year={2019}
}
@article{colley2006understanding,
  title={Understanding ecology content knowledge and acquiring science process skills through project-based science instruction},
  author={Colley, Kabba E},
  journal={Science activities},
  volume={43},
  number={1},
  pages={26--33},
  year={2006},
  publisher={Taylor \& Francis}
}
@article{brinkerhoff2004support,
  title={Support of expert and novice teachers within a technology enhanced problem-based learning unit: A case study},
  author={Brinkerhoff, Jonathan and Glazewski, Krista},
  journal={International Journal of Learning Technology},
  volume={1},
  number={2},
  pages={219--230},
  year={2004},
  publisher={Inderscience Publishers}
}
@article{fitzgerald2020overlapping,
  title={Overlapping opportunities for social-emotional and literacy learning in elementary-grade project-based instruction},
  author={Fitzgerald, Miranda S},
  journal={American Journal of Education},
  volume={126},
  number={4},
  pages={573--601},
  year={2020},
  publisher={The University of Chicago Press Chicago, IL}
}
@article{guo2023effects,
  title={Effects of chatbot-assisted in-class debates on students’ argumentation skills and task motivation},
  author={Guo, Kai and Zhong, Yuchun and Li, Danling and Chu, Samuel Kai Wah},
  journal={Computers \& Education},
  volume={203},
  pages={104862},
  year={2023},
  publisher={Elsevier}
}
@article{kokotsaki2016project,
  title={Project-based learning: A review of the literature},
  author={Kokotsaki, Dimitra and Menzies, Victoria and Wiggins, Andy},
  journal={Improving schools},
  volume={19},
  number={3},
  pages={267--277},
  year={2016},
  publisher={SAGE Publications Sage UK: London, England}
}
@article{woods2024,
  title={Towards a Framework for Collaborative Design in PBL-centered Instructional Coaching},
  author={Peter J. Woods and Avneet Hira and Emma Anderson and Amelia M. Farid},
  journal={Under review},
  year={2024}
}
@book{krajcik2006project,
  title={Project-based learning},
  author={Krajcik, Joseph S and Blumenfeld, Phyllis C},
  year={2006},
  publisher={na}
}
@article{oguz2014comparison,
  title={A comparison of inquiry-based learning (IBL), problem-based learning (PBL) and project-based learning (PJBL) in science education},
  author={Oguz-Unver, Ayse and Arabacioglu, Sertac},
  journal={Academia Journal of Educational Research},
  volume={2},
  number={7},
  pages={120--128},
  year={2014}
}
@article{thomas2010review,
  title={A review of research on project-based learning. 2000},
  author={Thomas, John W},
  journal={The Autodesk Foundation: San Rafael},
  year={2010}
}
@article{barron2008teaching,
  title={Teaching for Meaningful Learning: A Review of Research on Inquiry-Based and Cooperative Learning. Book Excerpt.},
  author={Barron, Brigid and Darling-Hammond, Linda},
  journal={George Lucas Educational Foundation},
  year={2008},
  publisher={ERIC}
}
@misc{diehl1999project,
  title={Project-based learning: A strategy for teaching and learning},
  author={Diehl, W and Grobe, T and Lopez, H and Cabral, C},
  year={1999},
  publisher={Boston, MA: Center for Youth Development and Education, Corporation for~…}
}
@article{svihla2020facilitating,
  title={Facilitating problem framing in project-based learning},
  author={Svihla, Vanessa and Reeve, Richard},
  journal={Interactional research into problem-based learning},
  pages={129--164},
  year={2020},
  publisher={Purdue University Press}
}
@article{bell2010project,
  title={Project-based learning for the 21st century: Skills for the future},
  author={Bell, Stephanie},
  journal={The clearing house},
  volume={83},
  number={2},
  pages={39--43},
  year={2010},
  publisher={Taylor \& Francis}
}
@article{holm2011project,
  title={Project-based instruction: A review of the literature on effectiveness in prekindergarten},
  author={Holm, Margaret},
  journal={River academic journal},
  volume={7},
  number={2},
  pages={1--13},
  year={2011}
}
@article{intel2007designing,
  title={Designing effective projects: Characteristics of projects},
  author={Intel Education Initiative and others},
  journal={Benefits of Project-based Learning. Santa Clara, CA: Intel Corporation},
  year={2007}
}
@article{potvin2021consequential,
  title={Consequential change: Teachers scale project-based learning in English language arts},
  author={Potvin, Ashley Seidel and Boardman, Alison G and Stamatis, Kristina},
  journal={Teaching and Teacher Education},
  volume={107},
  pages={103469},
  year={2021},
  publisher={Elsevier}
}
@article{choi2019does,
  title={How does learner-centered education affect teacher self-efficacy? The case of project-based learning in Korea},
  author={Choi, Junghee and Lee, Ju-Ho and Kim, Booyuel},
  journal={Teaching and Teacher Education},
  volume={85},
  pages={45--57},
  year={2019},
  publisher={Elsevier}
}
@article{havice2018evaluating,
  title={Evaluating the effectiveness of integrative STEM education: Teacher and administrator professional development.},
  author={Havice, William and Havice, Pamela and Waugaman, Chelsea and Walker, Kristin},
  journal={Journal of Technology Education},
  volume={29},
  number={2},
  pages={73--90},
  year={2018},
  publisher={ERIC}
}
@misc{Aitken2019,
  title = {Teacher perspectives on using project-based learning.},
  howpublished = {\url{https://www.teachermagazine.com/au_en/articles/teacher-perspectives-on-using-project-based-learning}},
author={Aitken, L},
year={2019},
publisher={Teacher Magazine}
}
@article{dunbar2022shifting,
  title={Shifting to student-centered learning: Influences of teaching a summer service learning program},
  author={Dunbar, Kyle and Yadav, Aman},
  journal={Teaching and Teacher Education},
  volume={110},
  pages={103578},
  year={2022},
  publisher={Elsevier}
}
@article{quint2018project,
  title={Project-Based Learning: A Promising Approach to Improving Student Outcomes. Issue Focus.},
  author={Quint, Janet and Condliffe, Barbara},
  journal={MDRC},
  year={2018},
  publisher={ERIC}
}
@article{park2018equip,
  title={How to equip students to be problem solvers through STEAM The emphasis of scientific thinking, computational thinking, and emotional thinking},
  author={Young, Shin Park},
  journal={JSSE Research Report},
  volume={32},
  number={8},
  pages={3--6},
  year={2018},
  publisher={Japan Society for Science Education}
}
@article{balldeveloping,
  title={Developing practice, developing practitioners: Toward a practice-based theory of professional education},
  author={Ball, Deborah Loewenberg and Cohen, David K},
    year={1999},
pages={3-32},
journal={Teaching as the learning profession: Handbook of policy and practice}
}
@article{davis2005designing,
  title={Designing educative curriculum materials to promote teacher learning},
  author={Davis, Elizabeth A and Krajcik, Joseph S},
  journal={Educational researcher},
  volume={34},
  number={3},
  pages={3--14},
  year={2005},
  publisher={Sage Publications Sage CA: Thousand Oaks, CA}
}
@article{mergendoller2005managing,
  title={Managing project based learning: Principles from the field},
  author={Mergendoller, John R and Thomas, John W},
  journal={Retrieved June},
  volume={14},
  pages={2005},
  year={2005}
}
@article{darling2008creating,
  title={Creating excellent and equitable schools},
  author={Darling-Hammond, Linda and Friedlaender, Diane},
  journal={Educational Leadership},
  volume={65},
  number={8},
  pages={14},
  year={2008},
  publisher={Citeseer}
}
@incollection{reiser2006making,
  title={Making authentic practices accessible to learners: Design challenges and strategies},
  author={Reiser, Brian},
  booktitle={The Cambridge handbook of the learning sciences},
  pages={335--354},
  year={2006},
  publisher={Cambridge University Press}
}
@article{kali2008technology,
  title={Technology-enhanced support strategies for inquiry learning},
  author={Kali, Yael and Linn, Marcia C and others},
  journal={Handbook of research on educational communications and technology},
  pages={145--161},
  year={2008},
  publisher={Lawrence Erlbaum Associates New York}
}
@incollection{krajcik2014promises,
  title={Promises and challenges of using learning technologies to promote student learning of science},
  author={Krajcik, Joseph S and Mun, Kongju},
  booktitle={Handbook of research on science education, volume II},
  pages={337--360},
  year={2014},
  publisher={Routledge}
}
@incollection{quintana2018scaffolding,
  title={A scaffolding design framework for software to support science inquiry},
  author={Quintana, Chris and Reiser, Brian J and Davis, Elizabeth A and Krajcik, Joseph and Fretz, Eric and Duncan, Ravit Golan and Kyza, Eleni and Edelson, Daniel and Soloway, Elliot},
  booktitle={Scaffolding},
  pages={337--386},
  year={2018},
  publisher={Psychology Press}
}
@incollection{reiser2018scaffolding,
  title={Scaffolding complex learning: The mechanisms of structuring and problematizing student work},
  author={Reiser, Brian J},
  booktitle={Scaffolding},
  pages={273--304},
  year={2018},
  publisher={Psychology Press}
}
@article{hertzog2007transporting,
  title={Transporting pedagogy: Implementing the project approach in two first-grade classrooms},
  author={Hertzog, Nancy B},
  journal={Journal of Advanced Academics},
  volume={18},
  number={4},
  pages={530--564},
  year={2007},
  publisher={SAGE Publications Sage CA: Los Angeles, CA}
}
@book{darling2010beyond,
  title={Beyond basic skills: The role of performance assessment in achieving 21st century standards of learning},
  author={Darling-Hammond, Linda and Adamson, Frank and Abedi, Jamal},
  year={2010},
  publisher={Stanford Center for Opportunity Pollcy in Education}
}
@article{aslan2015examining,
  title={Examining the challenges of learner-centered education},
  author={Aslan, Sinem and Reigeluth, Charles M},
  journal={Phi delta kappan},
  volume={97},
  number={4},
  pages={63--68},
  year={2015},
  publisher={SAGE Publications Sage CA: Los Angeles, CA}
}
@article{grant2005project,
  title={Project-based learning in a middle school: Tracing abilities through the artifacts of learning},
  author={Grant, Michael M and Branch, Robert Maribe},
  journal={Journal of Research on technology in Education},
  volume={38},
  number={1},
  pages={65--98},
  year={2005},
  publisher={Taylor \& Francis}
}
@incollection{hattie2011instruction,
  title={Instruction based on feedback},
  author={Hattie, John and Gan, Mark},
  booktitle={Handbook of research on learning and instruction},
  pages={263--285},
  year={2011},
  publisher={Routledge}
}
@article{asrifan2024integrating,
  title={Integrating AI in Project-Based Learning for Differentiated English Language Instruction: A Scoping Review},
  author={Asrifan, Andi and others},
  journal={Journal of English Education and Teaching},
  volume={8},
  number={3},
  pages={586--608},
  year={2024}
}
@article{kong2024developing,
  title={Developing an artificial intelligence literacy framework: Evaluation of a literacy course for senior secondary students using a project-based learning approach},
  author={Kong, Siu-Cheung and Cheung, Man-Yin William and Tsang, Olson},
  journal={Computers and Education: Artificial Intelligence},
  volume={6},
  pages={100214},
  year={2024},
  publisher={Elsevier}
}
@inproceedings{alam2023intelligence,
  title={Intelligence unleashed: An argument for AI-enabled learning ecologies with real world examples of today and a peek into the future},
  author={Alam, Ashraf},
  booktitle={AIP Conference Proceedings},
  volume={2717},
  number={1},
  year={2023},
  organization={AIP Publishing}
}
@inproceedings{tanga2024exploration,
  title={An Exploration of Project-Based Learning Supported by Artificial Intelligence},
  author={Tanga, Xiaoqi and Xu Dingb, Xinyan Mac and Zhangd, Siman and Diaoe, Junfeng},
  booktitle={2024 5th International Conference on Big Data and Informatization Education (ICBDIE 2024)},
  pages={220--230},
  year={2024},
  organization={Atlantis Press}
}
@article{tan2022systematic,
  title={A systematic review of artificial intelligence techniques for collaborative learning over the past two decades},
  author={Tan, Seng Chee and Lee, Alwyn Vwen Yen and Lee, Min},
  journal={Computers and Education: Artificial Intelligence},
  volume={3},
  pages={100097},
  year={2022},
  publisher={Elsevier}
}
@article{cen2016quantitative,
  title={Quantitative approach to collaborative learning: Performance prediction, individual assessment, and group composition},
  author={Cen, Ling and Ruta, Dymitr and Powell, Leigh and Hirsch, Benjamin and Ng, Jason},
  journal={International Journal of Computer-Supported Collaborative Learning},
  volume={11},
  pages={187--225},
  year={2016},
  publisher={Springer}
}
@article{schneider2014toward,
  title={Toward collaboration sensing},
  author={Schneider, Bertrand and Pea, Roy},
  journal={International Journal of Computer-Supported Collaborative Learning},
  volume={9},
  number={4},
  pages={371--395},
  year={2014},
  publisher={Springer}
}
@article{adamson2014towards,
  title={Towards an agile approach to adapting dynamic collaboration support to student needs},
  author={Adamson, David and Dyke, Gregory and Jang, Hyeju and Ros{\'e}, Carolyn Penstein},
  journal={International Journal of Artificial Intelligence in Education},
  volume={24},
  pages={92--124},
  year={2014},
  publisher={Springer}
}
@article{dyke2013enhancing,
  title={Enhancing scientific reasoning and discussion with conversational agents},
  author={Dyke, Gregory and Adamson, David and Howley, Iris and Ros{\'e}, Carolyn Penstein},
  journal={IEEE Transactions on Learning Technologies},
  volume={6},
  number={3},
  pages={240--247},
  year={2013},
  publisher={IEEE}
}
@article{kumar2010architecture,
  title={Architecture for building conversational agents that support collaborative learning},
  author={Kumar, Rohit and Rose, Carolyn P},
  journal={IEEE Transactions on Learning Technologies},
  volume={4},
  number={1},
  pages={21--34},
  year={2010},
  publisher={IEEE}
}
@article{rudolph2023chatgpt,
  title={ChatGPT: Bullshit spewer or the end of traditional assessments in higher education?},
  author={Rudolph, J{\"u}rgen and Tan, Samson and Tan, Shannon},
  journal={Journal of applied learning and teaching},
  volume={6},
  number={1},
  pages={342--363},
  year={2023}
}
@article{cope2021artificial,
  title={Artificial intelligence for education: Knowledge and its assessment in AI-enabled learning ecologies},
  author={Cope, Bill and Kalantzis, Mary and Searsmith, Duane},
  journal={Educational philosophy and theory},
  volume={53},
  number={12},
  pages={1229--1245},
  year={2021},
  publisher={Taylor \& Francis}
}
@article{owan2023exploring,
  title={Exploring the potential of artificial intelligence tools in educational measurement and assessment},
  author={Owan, Valentine Joseph and Abang, Kinsgley Bekom and Idika, Delight Omoji and Etta, Eugene Onor and Bassey, Bassey Asuquo},
  journal={Eurasia Journal of Mathematics, Science and Technology Education},
  volume={19},
  number={8},
  pages={em2307},
  year={2023},
  publisher={Modestum}
}
@article{lan2024teachers,
  title={Teachers’ agency in the era of LLM and generative AI},
  author={Lan, Yu-Ju and Chen, Nian-Shing},
  journal={Educational Technology \& Society},
  volume={27},
  number={1},
  pages={I--XVIII},
  year={2024},
  publisher={JSTOR}
}
@article{schneider2023towards,
  title={Towards llm-based autograding for short textual answers},
  author={Schneider, Johannes and Schenk, Bernd and Niklaus, Christina and Vlachos, Michaelis},
  journal={arXiv preprint arXiv:2309.11508},
  year={2023}
}
@article{askarbekuly2024llm,
  title={LLM examiner: automating assessment in informal self-directed e-learning using ChatGPT},
  author={Askarbekuly, Nursultan and Ani{\v{c}}i{\'c}, Nenad},
  journal={Knowledge and Information Systems},
  pages={1--18},
  year={2024},
  publisher={Springer}
}
@article{zha2024designing,
  title={Designing Child-Centric AI Learning Environments: Insights from LLM-Enhanced Creative Project-Based Learning},
  author={Zha, Siyu and Qiao, Yuehan and Hu, Qingyu and Li, Zhongsheng and Gong, Jiangtao and Xu, Yingqing},
  journal={arXiv preprint arXiv:2403.16159},
  year={2024}
}
@article{wang2024artificial,
  title={Artificial intelligence in education: A systematic literature review},
  author={Wang, Shan and Wang, Fang and Zhu, Zhen and Wang, Jingxuan and Tran, Tam and Du, Zhao},
  journal={Expert Systems with Applications},
  volume={252},
  pages={124167},
  year={2024},
  publisher={Elsevier}
}
@article{roschelle2006co,
  title={Co-design of innovations with teachers: Definition and dynamics},
  author={Roschelle, Jeremy and Penuel, William and Shechtman, Nicole},
  year={2006},
  publisher={International Society of the Learning Sciences}
}
@article{cober2015teachers,
  title={Teachers as participatory designers: Two case studies with technology-enhanced learning environments},
  author={Cober, Rebecca and Tan, Esther and Slotta, Jim and So, Hyo-Jeong and K{\"o}nings, Karen D},
  journal={Instructional Science},
  volume={43},
  pages={203--228},
  year={2015},
  publisher={Springer}
}
@article{brown1992design,
  title={Design experiments: Theoretical and methodological challenges in creating complex interventions in classroom settings},
  author={Brown, Ann L},
  journal={The journal of the learning sciences},
  volume={2},
  number={2},
  pages={141--178},
  year={1992},
  publisher={Taylor \& Francis}
}
@article{penuel2007designing,
  title={Designing formative assessment software with teachers: An analysis of the co-design process},
  author={Penuel, William R and Roschelle, Jeremy and Shechtman, Nicole},
  journal={Research and practice in technology enhanced learning},
  volume={2},
  number={01},
  pages={51--74},
  year={2007},
  publisher={World Scientific}
}
@article{bakah2012updating,
  title={Updating polytechnic teachers’ knowledge and skills through teacher design teams in Ghana},
  author={Bakah, Marie AB and Voogt, Joke M and Pieters, Jules M},
  journal={Professional development in education},
  volume={38},
  number={1},
  pages={7--24},
  year={2012},
  publisher={Taylor \& Francis}
}
@article{goh2016urban,
  title={The urban--rural gap: project-based learning with Web 2.0 among West Virginian teachers},
  author={Goh, Debbie and Kale, Ugur},
  journal={Technology, Pedagogy and Education},
  volume={25},
  number={3},
  pages={355--376},
  year={2016},
  publisher={Taylor \& Francis}
}
@inproceedings{caine2016local,
  title={Local standards for sample size at CHI},
  author={Caine, Kelly},
  booktitle={Proceedings of the 2016 CHI conference on human factors in computing systems},
  pages={981--992},
  year={2016}
}
@article{wan2021exploratory,
  title={Exploratory Process Analysis of Teacher Learning of AI Integration through Collaborative Design},
  author={Wan, Xiaoyu and Tang, Jingwan and Zhou, Xiaofei and Bai, Zhen},
  year={2021}
}
@book{handelzalts2019collaborative,
  title={Collaborative curriculum development in teacher design teams},
  author={Handelzalts, Adam},
  year={2019},
  publisher={Springer International Publishing}
}
@article{mckenney2016collaborative,
  title={Collaborative design of technology-enhanced learning: What can we learn from teacher talk?},
  author={McKenney, Susan and Boschman, Ferry and Pieters, Jules and Voogt, Joke},
  journal={TechTrends},
  volume={60},
  pages={385--391},
  year={2016},
  publisher={Springer}
}
@inproceedings{lin2021engaging,
  title={Engaging teachers to co-design integrated AI curriculum for K-12 classrooms},
  author={Lin, Phoebe and Van Brummelen, Jessica},
  booktitle={Proceedings of the 2021 CHI conference on human factors in computing systems},
  pages={1--12},
  year={2021}
}
@article{stemler2019comparison,
  title={A comparison of consensus, consistency, and measurement approaches to estimating interrater reliability},
  author={Stemler, Steven E},
  journal={Practical Assessment, Research, and Evaluation},
  volume={9},
  number={1},
  pages={4},
  year={2019}
}
@article{mchugh2012interrater,
  title={Interrater reliability: the kappa statistic},
  author={McHugh, Mary L},
  journal={Biochemia medica},
  volume={22},
  number={3},
  pages={276--282},
  year={2012},
  publisher={Medicinska naklada}
}
@book{rand,
author="Schweig, Jonathan",
title="Measuring Teacher Effectiveness: Understanding Common, Uncommon, and Combined Methods",
address="Santa Monica, CA",
year="2019",
doi="10.7249/RR4312.4",
publisher="RAND Corporation"
}

@article{voogt2015collaborative,
  title={Collaborative design as a form of professional development},
  author={Voogt, Joke and Laferriere, Therese and Breuleux, Alain and Itow, Rebecca C and Hickey, Daniel T and McKenney, Susan},
  journal={Instructional science},
  volume={43},
  pages={259--282},
  year={2015},
  publisher={Springer}
}
@incollection{teeters2016challenge,
  title={The challenge and promise of community co-design},
  author={Teeters, Leah and Jurow, A Susan and Shea, Molly},
  booktitle={Design as Scholarship},
  pages={41--54},
  year={2016},
  publisher={Routledge}
}
@incollection{disalvo2017participatory,
  title={Participatory design for value-driven learning},
  author={DiSalvo, Betsy and DesPortes, Kayla},
  booktitle={Participatory design for learning},
  pages={175--188},
  year={2017},
  publisher={Routledge}
}
@article{wake2013developing,
  title={Developing an “ecology of learning” within a school sustainability co-design project with children in New Zealand},
  author={Wake, Susan J and Eames, Chris},
  journal={Local Environment},
  volume={18},
  number={3},
  pages={305--322},
  year={2013},
  publisher={Taylor \& Francis}
}
@article{higgins2019power,
  title={‘Power to empower’: conceptions of teaching and learning in a pedagogical co-design partnership},
  author={Higgins, Denise and Dennis, Adelaide and Stoddard, Angela and Maier, Alexander G and Howitt, Susan},
  journal={Higher Education Research \& Development},
  volume={38},
  number={6},
  pages={1154--1167},
  year={2019},
  publisher={Taylor \& Francis}
}
@article{matuk2021students,
  title={Students learning about science by investigating an unfolding pandemic},
  author={Matuk, Camillia and Martin, Rebecca and Vasudevan, Veena and Burgas, Kim and Chaloner, Kim and Davidesco, Ido and Sadhukha, Sushmita and Shevchenko, Yury and Bumbacher, Engin and Dikker, Suzanne},
  journal={Aera Open},
  volume={7},
  pages={23328584211054850},
  year={2021},
  publisher={SAGE Publications Sage CA: Los Angeles, CA}
}
@inproceedings{spikol2009integrating,
  title={Integrating co-design practices into the development of mobile science collaboratories},
  author={Spikol, Daniel and Milrad, Marcelo and Maldonado, Heidy and Pea, Roy},
  booktitle={2009 ninth IEEE international conference on advanced learning technologies},
  pages={393--397},
  year={2009},
  organization={IEEE}
}
@article{zhang2010deconstructing,
  title={Deconstructing and reconstructing: Transforming primary science learning via a mobilized curriculum},
  author={Zhang, BaoHui and Looi, Chee-Kit and Seow, Peter and Chia, Gean and Wong, Lung-Hsiang and Chen, Wenli and So, Hyo-Jeong and Soloway, Elliot and Norris, Cathie},
  journal={Computers \& Education},
  volume={55},
  number={4},
  pages={1504--1523},
  year={2010},
  publisher={Elsevier}
}
@article{peters2009co,
  title={Co-designing curricula to promote collaborative knowledge construction in secondary school science},
  author={Peters, Vanessa L and Slotta, James D},
  year={2009},
  publisher={International Society of the Learning Sciences (ISLS)}
}
@article{lingnau2007empowering,
  title={Empowering teachers to evolve media enriched classroom scenarios},
  author={Lingnau, Andreas and Harrer, Andreas and Kuhn, Markus and ULRICH HOPPE, H},
  journal={Research and Practice in Technology Enhanced Learning},
  volume={2},
  number={02},
  pages={105--129},
  year={2007},
  publisher={World Scientific}
}
@inproceedings{ostrowski2021long,
  title={Long-term co-design guidelines: empowering older adults as co-designers of social robots},
  author={Ostrowski, Anastasia K and Breazeal, Cynthia and Park, Hae Won},
  booktitle={2021 30th IEEE International Conference on Robot \& Human Interactive Communication (RO-MAN)},
  pages={1165--1172},
  year={2021},
  organization={IEEE}
}
@article{liu2003towards,
  title={Towards an ‘ideal’approach for concept generation},
  author={Liu, Y-C and Chakrabarti, Amaresh and Bligh, Thomas},
  journal={Design studies},
  volume={24},
  number={4},
  pages={341--355},
  year={2003},
  publisher={Elsevier}
}
@book{eubanks2018automating,
  title={Automating inequality: How high-tech tools profile, police, and punish the poor},
  author={Eubanks, Virginia},
  year={2018},
  publisher={St. Martin's Press}
}
@article{vanderlinde2010gap,
  title={The gap between educational research and practice: Views of teachers, school leaders, intermediaries and researchers},
  author={Vanderlinde, Ruben and van Braak, Johan},
  journal={British educational research journal},
  volume={36},
  number={2},
  pages={299--316},
  year={2010},
  publisher={Taylor \& Francis}
}
@article{ravi2021pandemic,
  title={The pandemic shift to remote learning under resource constraints},
  author={Ravi, Prerna and Ismail, Azra and Kumar, Neha},
  journal={Proceedings of the ACM on Human-Computer Interaction},
  volume={5},
  number={CSCW2},
  pages={1--28},
  year={2021},
  publisher={ACM New York, NY, USA}
}
@article{trust2021emergency,
  title={Emergency remote teaching with technology during the COVID-19 pandemic: using the whole teacher lens to examine educator’s experiences and insights},
  author={Trust, Torrey and Whalen, Jeromie},
  journal={Educational Media International},
  volume={58},
  number={2},
  pages={145--160},
  year={2021},
  publisher={Taylor \& Francis}
}
@book{buxton2010sketching,
  title={Sketching user experiences: getting the design right and the right design},
  author={Buxton, Bill},
  year={2010},
  publisher={Morgan kaufmann}
}
@inproceedings{ali2023ai,
  title={AI audit: a card game to reflect on everyday AI systems},
  author={Ali, Safinah and Kumar, Vishesh and Breazeal, Cynthia},
  booktitle={Proceedings of the AAAI Conference on Artificial Intelligence},
  volume={37},
  number={13},
  pages={15981--15989},
  year={2023}
}
@article{braun2019reflecting,
  title={Reflecting on reflexive thematic analysis},
  author={Braun, Virginia and Clarke, Victoria},
  journal={Qualitative research in sport, exercise and health},
  volume={11},
  number={4},
  pages={589--597},
  year={2019},
  publisher={Taylor \& Francis}
}
@article{steen2013co,
  title={Co-design as a process of joint inquiry and imagination},
  author={Steen, Marc},
  journal={Design issues},
  volume={29},
  number={2},
  pages={16--28},
  year={2013},
  publisher={MIT Press One Rogers Street, Cambridge, MA 02142-1209, USA journals-info~…}
}
@article{jobrack20135e,
  title={The 5E instructional model: engage explore explain evaluate extend},
  author={Jobrack, Beverlee},
  journal={From Science, Technology, Engineering and Mathematics. https://www. mnheonline. com/secondaryscience. pdf},
  year={2013}
}
@misc{gonzalez_single-point_2015,
    title        = {Know Your Terms: Single-Point Rubric},
    author       = {Gonzalez, Jennifer},
    year         = {2015},
    howpublished = {\url{https://www.cultofpedagogy.com/single-point-rubric/}},
    note         = {Accessed: 2024-08-19}
}
@techreport{lin2023portfolio,
    author       = {Lin, G. C.},
    title        = {Internal Memo/Report for Project-Based Learning Assessment: Portfolio Approach},
    institution  = {Scheller Teacher Education Program | The Education Arcade},
    year         = {2023}
}
@techreport{mlpblbrief,
    author       = {Lucas Education Research},
    title        = {Project-Based Learning Increases  Science Achievement in Elementary School and Advances Social and  Emotional Learning},
    institution  = {George Lucas Education Foundation},
    year         = {2019}
}

@book{larmer2015setting,
  title={Setting the standard for project based learning},
  author={Larmer, John and Mergendoller, John and Boss, Suzie},
  year={2015},
  publisher={Ascd}
}
@book{kvale2009interviews,
  title={Interviews: Learning the craft of qualitative research interviewing},
  author={Kvale, Steinar and Brinkmann, Svend},
  year={2009},
  publisher={sage}
}
@incollection{fields2023communicating,
  title={Communicating about computational thinking: understanding affordances of portfolios for assessing high school students' computational thinking and participation practices},
  author={Fields, Deborah and Lui, Debora and Kafai, Yasmin and Jayathirtha, Gayithri and Walker, Justice and Shaw, Mia},
  booktitle={Assessing Computational Thinking},
  pages={112--146},
  year={2023},
  publisher={Routledge}
}
@article{arnold2019factsheets,
  title={FactSheets: Increasing trust in AI services through supplier's declarations of conformity},
  author={Arnold, Matthew and Bellamy, Rachel KE and Hind, Michael and Houde, Stephanie and Mehta, Sameep and Mojsilovi{\'c}, Aleksandra and Nair, Ravi and Ramamurthy, K Natesan and Olteanu, Alexandra and Piorkowski, David and others},
  journal={IBM Journal of Research and Development},
  volume={63},
  number={4/5},
  pages={6--1},
  year={2019},
  publisher={IBM}
}
@inproceedings{liao2020questioning,
  title={Questioning the AI: informing design practices for explainable AI user experiences},
  author={Liao, Q Vera and Gruen, Daniel and Miller, Sarah},
  booktitle={Proceedings of the 2020 CHI conference on human factors in computing systems},
  pages={1--15},
  year={2020}
}
@inproceedings{muller2022genaichi,
  title={GenAICHI: generative AI and HCI},
  author={Muller, Michael and Chilton, Lydia B and Kantosalo, Anna and Martin, Charles Patrick and Walsh, Greg},
  booktitle={CHI conference on human factors in computing systems extended abstracts},
  pages={1--7},
  year={2022}
}
@inproceedings{sun2024generative,
  title={Generative AI in the Wild: Prospects, Challenges, and Strategies},
  author={Sun, Yuan and Jang, Eunchae and Ma, Fenglong and Wang, Ting},
  booktitle={Proceedings of the CHI Conference on Human Factors in Computing Systems},
  pages={1--16},
  year={2024}
}
@inproceedings{weisz2024design,
  title={Design Principles for Generative AI Applications},
  author={Weisz, Justin D and He, Jessica and Muller, Michael and Hoefer, Gabriela and Miles, Rachel and Geyer, Werner},
  booktitle={Proceedings of the CHI Conference on Human Factors in Computing Systems},
  pages={1--22},
  year={2024}
}
@article{fang2024bias,
  title={Bias of AI-generated content: an examination of news produced by large language models},
  author={Fang, Xiao and Che, Shangkun and Mao, Minjia and Zhang, Hongzhe and Zhao, Ming and Zhao, Xiaohang},
  journal={Scientific Reports},
  volume={14},
  number={1},
  pages={5224},
  year={2024},
  publisher={Nature Publishing Group UK London}
}
@article{chen2024artificial,
  title={Artificial intelligence as a double-edged sword: Wielding the POWER principles to maximize its positive effects and minimize its negative effects},
  author={Chen, Jennifer J and Lin, Jasmine C},
  journal={Contemporary Issues in Early Childhood},
  volume={25},
  number={1},
  pages={146--153},
  year={2024},
  publisher={SAGE Publications Sage UK: London, England}
}
@article{hutson2023rethinking,
  title={Rethinking education in the age of AI: the importance of developing durable skills in the Industry 4.0},
  author={Hutson, James and Ceballos, Jason},
  journal={Journal of Information Economics},
  volume={1},
  number={2},
  year={2023}
}
@article{pnevmatikos2020stakeholders,
  title={Stakeholders’ Involvement In Participatory Design Approaches of Learning Environments: A Systematic Review of the Literature},
  author={Pnevmatikos, Dimitrios and Christodoulou, Panagiota and Fachantidis, Nikolaos},
  journal={EDULEARN20 proceedings},
  pages={5543--5552},
  year={2020},
  publisher={IATED}
}
@article{kurtz2024strategies,
  title={Strategies for Integrating Generative AI into Higher Education: Navigating Challenges and Leveraging Opportunities},
  author={Kurtz, Gila and Amzalag, Meital and Shaked, Nava and Zaguri, Yanay and Kohen-Vacs, Dan and Gal, Eran and Zailer, Gideon and Barak-Medina, Eran},
  journal={Education Sciences},
  volume={14},
  number={5},
  pages={503},
  year={2024},
  publisher={MDPI}
}
@article{takale2024assessing,
  title={Assessing Generative AI-Generated Assignments: A Framework Based on the 3R},
  author={Takale, Dattatray G and Mahalle, Parikshit N and Sule, Bipin},
  journal={Journal of Data Mining and Management},
  volume={9},
  number={2},
  pages={11--16},
  year={2024}
}
@inproceedings{han2024teachers,
  title={Teachers, Parents, and Students' perspectives on Integrating Generative AI into Elementary Literacy Education},
  author={Han, Ariel and Zhou, Xiaofei and Cai, Zhenyao and Han, Shenshen and Ko, Richard and Corrigan, Seth and Peppler, Kylie A},
  booktitle={Proceedings of the CHI Conference on Human Factors in Computing Systems},
  pages={1--17},
  year={2024}
}
@inproceedings{kim2020bot,
  title={Bot in the bunch: Facilitating group chat discussion by improving efficiency and participation with a chatbot},
  author={Kim, Soomin and Eun, Jinsu and Oh, Changhoon and Suh, Bongwon and Lee, Joonhwan},
  booktitle={Proceedings of the 2020 CHI Conference on Human Factors in Computing Systems},
  pages={1--13},
  year={2020}
}
@inproceedings{dutta2024enhancing,
  title={Enhancing Educational Adaptability: A Review and Analysis of AI-Driven Adaptive Learning Platforms},
  author={Dutta, Srijani and Ranjan, Sakshi and Mishra, Sushruta and Sharma, Vandana and Hewage, Pradeep and Iwendi, Celestine},
  booktitle={2024 4th International Conference on Innovative Practices in Technology and Management (ICIPTM)},
  pages={1--5},
  year={2024},
  organization={IEEE}
}
@article{kanchon2024enhancing,
  title={Enhancing personalized learning: AI-driven identification of learning styles and content modification strategies},
  author={Kanchon, Md Kabin Hasan and Sadman, Mahir and Nabila, Kaniz Fatema and Tarannum, Ramisa and Khan, Riasat},
  journal={International Journal of Cognitive Computing in Engineering},
  volume={5},
  pages={269--278},
  year={2024},
  publisher={Elsevier}
}
@article{ouyang2023integration,
  title={Integration of artificial intelligence performance prediction and learning analytics to improve student learning in online engineering course},
  author={Ouyang, Fan and Wu, Mian and Zheng, Luyi and Zhang, Liyin and Jiao, Pengcheng},
  journal={International Journal of Educational Technology in Higher Education},
  volume={20},
  number={1},
  pages={4},
  year={2023},
  publisher={Springer}
}
@inproceedings{kim2024engaged,
  title={Engaged and Affective Virtual Agents: Their Impact on Social Presence, Trustworthiness, and Decision-Making in the Group Discussion},
  author={Kim, Hanseob and Han, Bin and Kim, Jieun and Lubis, Muhammad Firdaus Syawaludin and Kim, Gerard Jounghyun and Hwang, Jae-In},
  booktitle={Proceedings of the CHI Conference on Human Factors in Computing Systems},
  pages={1--17},
  year={2024}
}
@article{chase2009teachable,
  title={Teachable agents and the prot{\'e}g{\'e} effect: Increasing the effort towards learning},
  author={Chase, Catherine C and Chin, Doris B and Oppezzo, Marily A and Schwartz, Daniel L},
  journal={Journal of science education and technology},
  volume={18},
  pages={334--352},
  year={2009},
  publisher={Springer}
}
@inproceedings{sekeroglu2019student,
  title={Student performance prediction and classification using machine learning algorithms},
  author={Sekeroglu, Boran and Dimililer, Kamil and Tuncal, Kubra},
  booktitle={Proceedings of the 2019 8th international conference on educational and information technology},
  pages={7--11},
  year={2019}
}
@article{tan2022systematic,
  title={A systematic review of artificial intelligence techniques for collaborative learning over the past two decades},
  author={Tan, Seng Chee and Lee, Alwyn Vwen Yen and Lee, Min},
  journal={Computers and Education: Artificial Intelligence},
  volume={3},
  pages={100097},
  year={2022},
  publisher={Elsevier}
}
@inproceedings{cai2024advancing,
  title={Advancing Knowledge Together: Integrating Large Language Model-based Conversational AI in Small Group Collaborative Learning},
  author={Cai, Zhenyao and Park, Seehee and Nixon, Nia and Doroudi, Shayan},
  booktitle={Extended Abstracts of the CHI Conference on Human Factors in Computing Systems},
  pages={1--9},
  year={2024}
}
@inproceedings{shaer2024ai,
  title={AI-Augmented Brainwriting: Investigating the use of LLMs in group ideation},
  author={Shaer, Orit and Cooper, Angelora and Mokryn, Osnat and Kun, Andrew L and Ben Shoshan, Hagit},
  booktitle={Proceedings of the CHI Conference on Human Factors in Computing Systems},
  pages={1--17},
  year={2024}
}
@article{azungah2018qualitative,
  title={Qualitative research: deductive and inductive approaches to data analysis},
  author={Azungah, Theophilus},
  journal={Qualitative research journal},
  volume={18},
  number={4},
  pages={383--400},
  year={2018},
  publisher={Emerald Publishing Limited}
}
@article{nagy2023gen,
  title={Gen-AI: A Transformative Partner in Collaborative Course Development},
  author={Nagy, Simon and McInnes, Richard and Airey, Laura},
  journal={International Journal on Innovations in Online Education},
  volume={7},
  number={2},
  year={2023},
  publisher={Begel House Inc.}
}
@inproceedings{so2024enhancing,
  title={Enhancing Teacher Competency for Creative Problem Solving with Generative AI},
  author={So, Hyo-Jeong and Lee, Chohui and Kim, Sujin and Drajati, Nur Arifah},
  booktitle={EdMedia+ Innovate Learning},
  pages={277--284},
  year={2024},
  organization={Association for the Advancement of Computing in Education (AACE)}
}
@article{chan2023ai,
  title={The AI generation gap: Are Gen Z students more interested in adopting generative AI such as ChatGPT in teaching and learning than their Gen X and millennial generation teachers?},
  author={Chan, Cecilia Ka Yuk and Lee, Katherine KW},
  journal={Smart learning environments},
  volume={10},
  number={1},
  pages={60},
  year={2023},
  publisher={Springer}
}
@article{samala2024unveiling,
  title={Unveiling the landscape of generative artificial intelligence in education: a comprehensive taxonomy of applications, challenges, and future prospects},
  author={Samala, Agariadne Dwinggo and Rawas, Soha and Wang, Tianchong and Reed, Janet Marie and Kim, Jinhee and Howard, Natalie-Jane and Ertz, Myriam},
  journal={Education and Information Technologies},
  pages={1--40},
  year={2024},
  publisher={Springer}
}
@incollection{gustafson2025enhancing,
  title={Enhancing Project-Based Learning With a GenAI Tool Based on Retrieval: Augmented Generation and Knowledge Graphs},
  author={Gustafson, Jerry Ryan David and Jhajj, Gaganpreet and Zhang, Xiaokun and Lin, Fuhua Oscar},
  booktitle={AI Applications and Strategies in Teacher Education},
  pages={161--194},
  year={2025},
  publisher={IGI Global}
}
@inproceedings{zheng2024selfgauge,
  title={SelfGauge: An Intelligent Tool to Support Student Self-assessment in GenAI-enhanced Project-based Learning},
  author={Zheng, Chengbo and Huang, Zeyu and Ma, Shuai and Ma, Xiaojuan},
  booktitle={Adjunct Proceedings of the 37th Annual ACM Symposium on User Interface Software and Technology},
  pages={1--3},
  year={2024}
}
@incollection{nikolicsupporting,
  title={Supporting Engineering Project-Based Learning through the Use of ChatGPT and Generative AI: A Case Study},
  author={Nikolic, Sasha and Beckman, Karley},
  booktitle={Artificial Intelligence Applications in Higher Education},
  pages={215--232},
  publisher={Routledge}
}
@article{alfredo2024human,
  title={Human-centred learning analytics and AI in education: A systematic literature review},
  author={Alfredo, Riordan and Echeverria, Vanessa and Jin, Yueqiao and Yan, Lixiang and Swiecki, Zachari and Ga{\v{s}}evi{\'c}, Dragan and Martinez-Maldonado, Roberto},
  journal={Computers and Education: Artificial Intelligence},
  pages={100215},
  year={2024},
  publisher={Elsevier}
}
@article{topali2024designing,
  title={Designing human-centered learning analytics and artificial intelligence in education solutions: a systematic literature review},
  author={Topali, Paraskevi and Ortega-Arranz, Alejandro and Rodr{\'\i}guez-Triana, Mar{\'\i}a Jes{\'u}s and Er, Erkan and Khalil, Mohammad and Ak{\c{c}}ap{\i}nar, G{\"o}khan},
  journal={Behaviour \& Information Technology},
  pages={1--28},
  year={2024},
  publisher={Taylor \& Francis}
}
@book{norman2013design,
  title={The design of everyday things},
  author={Norman Donald, A},
  year={2013},
  publisher={MIT Press}
}
@article{ericsson1993role,
  title={The role of deliberate practice in the acquisition of expert performance.},
  author={Ericsson, K Anders and Krampe, Ralf T and Tesch-R{\"o}mer, Clemens},
  journal={Psychological review},
  volume={100},
  number={3},
  pages={363},
  year={1993},
  publisher={American Psychological Association}
}
@article{spencer2020association,
  title={The association between teacher self-efficacy, teacher motivation and the implementation of project-based learning (PBL) teaching methods},
  author={Spencer, John},
  year={2020}
}
@article{lam2010school,
  title={School support and teacher motivation to implement project-based learning},
  author={Lam, Shui-fong and Cheng, Rebecca Wing-yi and Choy, Harriet C},
  journal={Learning and instruction},
  volume={20},
  number={6},
  pages={487--497},
  year={2010},
  publisher={Elsevier}
}