@misc{GPT_keyphrase,
	title = {{ChatGPT} vs {State}-of-the-{Art} {Models}: {A} {Benchmarking} {Study} in {Keyphrase} {Generation} {Task}},
	shorttitle = {{ChatGPT} vs {State}-of-the-{Art} {Models}},
	language = {en},
	urldate = {2024-02-28},
	publisher = {arXiv},
	author = {Martínez-Cruz, Roberto and López-López, Alvaro J. and Portela, José},
	month = jun,
	year = {2023},
	note = {arXiv:2304.14177 [cs]},
}

@misc{GPT_survey,
	title = {Is {ChatGPT} {A} {Good} {Keyphrase} {Generator}? {A} {Preliminary} {Study}},
	shorttitle = {Is {ChatGPT} {A} {Good} {Keyphrase} {Generator}?},
	language = {en},
	urldate = {2024-02-28},
	publisher = {arXiv},
	author = {Song, Mingyang and Jiang, Haiyun and Shi, Shuming and Yao, Songfang and Lu, Shilong and Feng, Yi and Liu, Huafeng and Jing, Liping},
	month = dec,
	year = {2023},
	note = {arXiv:2303.13001 [cs]},
	annote = {Comment: Technical Report, 6 pages},
}

@article{ai_patent,
	title = {{AI} for {Patents}: {A} {Novel} {Yet} {Effective} and {Efficient} {Framework} for {Patent} {Analysis}},
	volume = {10},
	issn = {2169-3536},
	shorttitle = {{AI} for {Patents}},
	language = {en},
	urldate = {2024-02-28},
	journal = {IEEE Access},
	author = {Son, Junyoung and Moon, Hyeonseok and Lee, Jeongwoo and Lee, Seolhwa and Park, Chanjun and Jung, Wonkyung and Lim, Heuiseok},
	year = {2022},
	pages = {59205--59218},
}

@inproceedings{copate,
	address = {Atlanta GA USA},
	title = {{CoPatE}: {A} {Novel} {Contrastive} {Learning} {Framework} for {Patent} {Embeddings}},
	isbn = {978-1-4503-9236-5},
	shorttitle = {{CoPatE}},
	language = {en},
	urldate = {2024-02-28},
	booktitle = {{CIKM}},
	publisher = {ACM},
	author = {Li, Huahang and Li, Shuangyin and Jiang, Yuncheng and Zhao, Gansen},
	month = oct,
	year = {2022},
	pages = {1104--1113}
}

@article{keyphrase_survey,
	title = {From statistical methods to deep learning, automatic keyphrase prediction: {A} survey},
	volume = {60},
	issn = {03064573},
	shorttitle = {From statistical methods to deep learning, automatic keyphrase prediction},
	language = {en},
	number = {4},
	urldate = {2024-02-28},
	journal = {Information Processing \& Management},
	author = {Xie, Binbin and Song, Jia and Shao, Liangying and Wu, Suhang and Wei, Xiangpeng and Yang, Baosong and Lin, Huan and Xie, Jun and Su, Jinsong},
	month = jul,
	year = {2023},
	pages = {103382},
}

@Article{keyword_patent,
AUTHOR = {Hu, Jie and Li, Shaobo and Yao, Yong and Yu, Liya and Yang, Guanci and Hu, Jianjun},
TITLE = {Patent Keyword Extraction Algorithm Based on Distributed Representation for Patent Classification},
JOURNAL = {Entropy},
VOLUME = {20},
YEAR = {2018},
NUMBER = {2},
ARTICLE-NUMBER = {104},
}

@inproceedings{kp20k,
    title = "Deep Keyphrase Generation",
    author = "Meng, Rui  and
      Zhao, Sanqiang  and
      Han, Shuguang  and
      He, Daqing  and
      Brusilovsky, Peter  and
      Chi, Yu",
    booktitle = "Proceedings of the 55th Annual Meeting of the Association for Computational Linguistics (Volume 1: Long Papers)",
    month = jul,
    year = "2017",
    pages = "582--592",
}

@inproceedings{kpe2020,
author = {Sun, Si and Liu, Zhenghao and Xiong, Chenyan and Liu, Zhiyuan and Bao, Jie},
title = {Capturing Global Informativeness in Open Domain Keyphrase Extraction},
year = {2021},
booktitle = {Natural Language Processing and Chinese Computing: 10th CCF International Conference, NLPCC 2021, Qingdao, China, October 13–17, 2021, Proceedings, Part II},
pages = {275–287},
numpages = {13},
}

@inproceedings{kpeplm,
    title = "Unsupervised Keyphrase Extraction by Jointly Modeling Local and Global Context",
    author = "Liang, Xinnian  and Wu, Shuangzhi  and
      Li, Mu  and
      Li, Zhoujun",
    booktitle = "Proceedings of the 2021 Conference on Empirical Methods in Natural Language Processing",
    month = nov,
    year = "2021",
    pages = "155--164",
}

@inproceedings{kpgplm,
    title = "Representation Learning for Resource-Constrained Keyphrase Generation",
    author = "Wu, Di  and
      Ahmad, Wasi  and
      Dev, Sunipa  and
      Chang, Kai-Wei",
    booktitle = "Findings of the Association for Computational Linguistics: EMNLP 2022",
    month = dec,
    year = "2022",
    pages = "700--716"
}

@inproceedings{one2seq,
    title = "One Size Does Not Fit All: Generating and Evaluating Variable Number of Keyphrases",
    author = "Yuan, Xingdi  and
      Wang, Tong  and
      Meng, Rui  and
      Thaker, Khushboo  and
      Brusilovsky, Peter  and
      He, Daqing  and
      Trischler, Adam",
    booktitle = "Proceedings of the 58th Annual Meeting of the Association for Computational Linguistics",
    month = jul,
    year = "2020",
    pages = "7961--7975",
}

@article{patent_generation,
title = {Patent claim generation by fine-tuning OpenAI GPT-2},
journal = {World Patent Information},
volume = {62},
pages = {101983},
year = {2020},
issn = {0172-2190},
author = {Jieh-Sheng Lee and Jieh Hsiang},
}

@incollection{patent_retrieval,
	title = {End to {End} {Neural} {Retrieval} for {Patent} {Prior} {Art} {Search}},
	volume = {13186},
	language = {en},
	urldate = {2024-02-28},
	booktitle = {Advances in {Information} {Retrieval}},
	author = {Stamatis, Vasileios},
	year = {2022},
	pages = {537--544}
}

@article{patent_tkde,
	title = {Event-{Based} {Dynamic} {Graph} {Representation} {Learning} for {Patent} {Application} {Trend} {Prediction}},
	volume = {36},
	copyright = {https://ieeexplore.ieee.org/Xplorehelp/downloads/license-information/IEEE.html},
	issn = {1041-4347, 1558-2191, 2326-3865},
	language = {en},
	number = {5},
	urldate = {2024-04-22},
	journal = {IEEE Transactions on Knowledge and Data Engineering},
	author = {Zou, Tao and Yu, Le and Sun, Leilei and Du, Bowen and Wang, Deqing and Zhuang, Fuzhen},
	month = may,
	year = {2024},
	keywords = {/unread},
	pages = {1951--1963},
}

@inproceedings{promptkp,
  title={Fast and constrained absent keyphrase generation by prompt-based learning},
  author={Wu, Huanqin and Ma, Baijiaxin and Liu, Wei and Chen, Tao and Nie, Dan},
  booktitle={Proceedings of the AAAI Conference on Artificial Intelligence},
  volume={36},
  number={10},
  pages={11495--11503},
  year={2022}
}

@inproceedings{segnet,
    title = "Select, Extract and Generate: Neural Keyphrase Generation with Layer-wise Coverage Attention",
    author = "Ahmad, Wasi  and
      Bai, Xiao  and
      Lee, Soomin  and
      Chang, Kai-Wei",
    booktitle = "Proceedings of the 59th Annual Meeting of the Association for Computational Linguistics and the 11th International Joint Conference on Natural Language Processing (Volume 1: Long Papers)",
    month = aug,
    year = "2021",
    pages = "1389--1404",
}

@article{techpat,
	title = {{TechPat}: {Technical} {Phrase} {Extraction} for {Patent} {Mining}},
	volume = {17},
	issn = {1556-4681, 1556-472X},
	shorttitle = {{TechPat}},
	language = {en},
	number = {9},
	urldate = {2024-02-28},
	journal = {ACM Transactions on Knowledge Discovery from Data},
	author = {Liu, Ye and Wu, Han and Huang, Zhenya and Wang, Hao and Ning, Yuting and Ma, Jianhui and Liu, Qi and Chen, Enhong},
	month = nov,
	year = {2023},
	pages = {1--31}
}

@inproceedings{tpe,
  title={Technical phrase extraction for patent mining: A multi-level approach},
  author={Liu, Ye and Wu, Han and Huang, Zhenya and Wang, Hao and Ma, Jianhui and Liu, Qi and Chen, Enhong and Tao, Hanqing and Rui, Ke},
  booktitle={2020 IEEE International Conference on Data Mining (ICDM)},
  pages={1142--1147},
  year={2020},
  organization={IEEE}
}

@inproceedings{unikeyphrase,
    title = "{U}ni{K}eyphrase: A Unified Extraction and Generation Framework for Keyphrase Prediction",
    author = "Wu, Huanqin  and
      Liu, Wei  and
      Li, Lei  and
      Nie, Dan  and
      Chen, Tao  and
      Zhang, Feng  and
      Wang, Di",
    booktitle = "Findings of the Association for Computational Linguistics: ACL-IJCNLP 2021",
    month = aug,
    year = "2021",
    pages = "825--835",
}

@article{wrone2set,
  title={WR-ONE2SET: Towards Well-Calibrated Keyphrase Generation},
  author={Xie, Binbin and Wei, Xiangpeng and Yang, Baosong and Lin, Huan and Xie, Jun and Wang, Xiaoli and Zhang, Min and Su, Jinsong},
  journal={arXiv preprint arXiv:2211.06862},
  year={2022}
}

