@inproceedings{mm_keyphrase,
author = {Dong, Yifan and Wu, Suhang and Meng, Fandong and Zhou, Jie and Wang, Xiaoli and Lin, Jianxin and Su, Jinsong},
title = {Towards Better Multi-modal Keyphrase Generation via Visual Entity Enhancement and Multi-granularity Image Noise Filtering},
year = {2023},
publisher = {Association for Computing Machinery},
booktitle = {Proceedings of the 31st ACM International Conference on Multimedia},
pages = {3897–3907},
numpages = {11},
keywords = {visual entity, noise filtering, multi-modal keyphrase generation, multi-modal fusion},
series = {MM '23}
}

@article{patent_generation,
title = {Patent claim generation by fine-tuning OpenAI GPT-2},
journal = {World Patent Information},
volume = {62},
pages = {101983},
year = {2020},
issn = {0172-2190},
author = {Jieh-Sheng Lee and Jieh Hsiang},
}

@article{patent_tkde,
	title = {Event-{Based} {Dynamic} {Graph} {Representation} {Learning} for {Patent} {Application} {Trend} {Prediction}},
	volume = {36},
	copyright = {https://ieeexplore.ieee.org/Xplorehelp/downloads/license-information/IEEE.html},
	issn = {1041-4347, 1558-2191, 2326-3865},
	language = {en},
	number = {5},
	urldate = {2024-04-22},
	journal = {IEEE Transactions on Knowledge and Data Engineering},
	author = {Zou, Tao and Yu, Le and Sun, Leilei and Du, Bowen and Wang, Deqing and Zhuang, Fuzhen},
	month = may,
	year = {2024},
	keywords = {/unread},
	pages = {1951--1963},
}

@incollection{patent_retrieval,
	title = {End to {End} {Neural} {Retrieval} for {Patent} {Prior} {Art} {Search}},
	volume = {13186},
	language = {en},
	urldate = {2024-02-28},
	booktitle = {Advances in {Information} {Retrieval}},
	author = {Stamatis, Vasileios},
	year = {2022},
	pages = {537--544}
}

@article{deep_patent,
	author = {Lee, Jieh-Sheng and Hsiang, Jieh},
	title = {Patent classification by fine-tuning {BERT} language model},
	volume = {61},
	issn = {01722190},
	language = {en},
	urldate = {2024-02-28},
	journal = {World Patent Information},
	month = jun,
	year = {2020},
	pages = {101965},
}

article{patent_bert,
	title = {Patent classification by fine-tuning {BERT} language model},
	volume = {61},
	issn = {01722190},
	language = {en},
	urldate = {2024-02-28},
	journal = {World Patent Information},
	author = {Lee, Jieh-Sheng and Hsiang, Jieh},
	month = jun,
	year = {2020},
	pages = {101965}
}

@misc{GPT_survey,
	title = {Is {ChatGPT} {A} {Good} {Keyphrase} {Generator}? {A} {Preliminary} {Study}},
	shorttitle = {Is {ChatGPT} {A} {Good} {Keyphrase} {Generator}?},
	language = {en},
	urldate = {2024-02-28},
	publisher = {arXiv},
	author = {Song, Mingyang and Jiang, Haiyun and Shi, Shuming and Yao, Songfang and Lu, Shilong and Feng, Yi and Liu, Huafeng and Jing, Liping},
	month = dec,
	year = {2023},
	note = {arXiv:2303.13001 [cs]},
	annote = {Comment: Technical Report, 6 pages},
}

@misc{GPT_keyphrase,
	title = {{ChatGPT} vs {State}-of-the-{Art} {Models}: {A} {Benchmarking} {Study} in {Keyphrase} {Generation} {Task}},
	shorttitle = {{ChatGPT} vs {State}-of-the-{Art} {Models}},
	language = {en},
	urldate = {2024-02-28},
	publisher = {arXiv},
	author = {Martínez-Cruz, Roberto and López-López, Alvaro J. and Portela, José},
	month = jun,
	year = {2023},
	note = {arXiv:2304.14177 [cs]},
}

@article{keyphrase_survey,
	title = {From statistical methods to deep learning, automatic keyphrase prediction: {A} survey},
	volume = {60},
	issn = {03064573},
	shorttitle = {From statistical methods to deep learning, automatic keyphrase prediction},
	language = {en},
	number = {4},
	urldate = {2024-02-28},
	journal = {Information Processing \& Management},
	author = {Xie, Binbin and Song, Jia and Shao, Liangying and Wu, Suhang and Wei, Xiangpeng and Yang, Baosong and Lin, Huan and Xie, Jun and Su, Jinsong},
	month = jul,
	year = {2023},
	pages = {103382},
}

@Article{keyword_patent,
AUTHOR = {Hu, Jie and Li, Shaobo and Yao, Yong and Yu, Liya and Yang, Guanci and Hu, Jianjun},
TITLE = {Patent Keyword Extraction Algorithm Based on Distributed Representation for Patent Classification},
JOURNAL = {Entropy},
VOLUME = {20},
YEAR = {2018},
NUMBER = {2},
ARTICLE-NUMBER = {104},
}

@inproceedings{copate,
	address = {Atlanta GA USA},
	title = {{CoPatE}: {A} {Novel} {Contrastive} {Learning} {Framework} for {Patent} {Embeddings}},
	isbn = {978-1-4503-9236-5},
	shorttitle = {{CoPatE}},
	language = {en},
	urldate = {2024-02-28},
	booktitle = {{CIKM}},
	publisher = {ACM},
	author = {Li, Huahang and Li, Shuangyin and Jiang, Yuncheng and Zhao, Gansen},
	month = oct,
	year = {2022},
	pages = {1104--1113}
}

@article{techpat,
	title = {{TechPat}: {Technical} {Phrase} {Extraction} for {Patent} {Mining}},
	volume = {17},
	issn = {1556-4681, 1556-472X},
	shorttitle = {{TechPat}},
	language = {en},
	number = {9},
	urldate = {2024-02-28},
	journal = {ACM Transactions on Knowledge Discovery from Data},
	author = {Liu, Ye and Wu, Han and Huang, Zhenya and Wang, Hao and Ning, Yuting and Ma, Jianhui and Liu, Qi and Chen, Enhong},
	month = nov,
	year = {2023},
	pages = {1--31}
}

@article{ai_patent,
	title = {{AI} for {Patents}: {A} {Novel} {Yet} {Effective} and {Efficient} {Framework} for {Patent} {Analysis}},
	volume = {10},
	issn = {2169-3536},
	shorttitle = {{AI} for {Patents}},
	language = {en},
	urldate = {2024-02-28},
	journal = {IEEE Access},
	author = {Son, Junyoung and Moon, Hyeonseok and Lee, Jeongwoo and Lee, Seolhwa and Park, Chanjun and Jung, Wonkyung and Lim, Heuiseok},
	year = {2022},
	pages = {59205--59218},
}

@Inproceedings{
one2set,
title={One2Set: Generating Diverse Keyphrases as a Set},
author={Ye, Jiacheng and Gui, Tao and Luo, Yichao and Xu, Yige and Zhang, Qi},
booktitle={Proceedings of the 59th Annual Meeting of the Association for Computational Linguistics and the 11th International Joint Conference on Natural Language Processing (Volume 1: Long Papers)},
pages={4598--4608},
year={2021}
}

@article{t5,
  title={Exploring the limits of transfer learning with a unified text-to-text transformer},
  author={Raffel, Colin and Shazeer, Noam and Roberts, Adam and Lee, Katherine and Narang, Sharan and Matena, Michael and Zhou, Yanqi and Li, Wei and Liu, Peter J},
  journal={The Journal of Machine Learning Research},
  volume={21},
  number={1},
  pages={5485--5551},
  year={2020},
  publisher={JMLRORG}
}

@inproceedings{promptkp,
  title={Fast and constrained absent keyphrase generation by prompt-based learning},
  author={Wu, Huanqin and Ma, Baijiaxin and Liu, Wei and Chen, Tao and Nie, Dan},
  booktitle={Proceedings of the AAAI Conference on Artificial Intelligence},
  volume={36},
  number={10},
  pages={11495--11503},
  year={2022}
}

@inproceedings{kpdrop,
  title={KPDROP: Improving Absent Keyphrase Generation},
  author={Chowdhury, Jishnu Ray and Park, Seo Yeon and Kundu, Tuhin and Caragea, Cornelia},
  booktitle={Findings of the Association for Computational Linguistics: EMNLP 2022},
  pages={4853--4870},
  year={2022}
}

@article{wrone2set,
  title={WR-ONE2SET: Towards Well-Calibrated Keyphrase Generation},
  author={Xie, Binbin and Wei, Xiangpeng and Yang, Baosong and Lin, Huan and Xie, Jun and Wang, Xiaoli and Zhang, Min and Su, Jinsong},
  journal={arXiv preprint arXiv:2211.06862},
  year={2022}
}

@inproceedings{attention,
 author = {Vaswani, Ashish and Shazeer, Noam and Parmar, Niki and Uszkoreit, Jakob and Jones, Llion and Gomez, Aidan N and Kaiser, \L ukasz and Polosukhin, Illia},
 booktitle = {Advances in Neural Information Processing Systems},
 title = {Attention is All you Need},
 volume = {30},
 year = {2017}
}

@Inbook{matching,
author="Kuhn, Harold W.",
editor="J{\"u}nger, Michael
and Liebling, Thomas M.
and Naddef, Denis
and Nemhauser, George L.
and Pulleyblank, William R.
and Reinelt, Gerhard
and Rinaldi, Giovanni
and Wolsey, Laurence A.",
title="The Hungarian Method for the Assignment Problem",
bookTitle="50 Years of Integer Programming 1958-2008: From the Early Years to the State-of-the-Art",
year="2010",
pages="29--47",
}

@InProceedings{multitask,
author = {Kendall, Alex and Gal, Yarin and Cipolla, Roberto},
title = {Multi-Task Learning Using Uncertainty to Weigh Losses for Scene Geometry and Semantics},
booktitle = {Proceedings of the IEEE Conference on Computer Vision and Pattern Recognition (CVPR)},
month = {June},
year = {2018}
}

@inproceedings{kp20k,
    title = "Deep Keyphrase Generation",
    author = "Meng, Rui  and
      Zhao, Sanqiang  and
      Han, Shuguang  and
      He, Daqing  and
      Brusilovsky, Peter  and
      Chi, Yu",
    booktitle = "Proceedings of the 55th Annual Meeting of the Association for Computational Linguistics (Volume 1: Long Papers)",
    month = jul,
    year = "2017",
    pages = "582--592",
}
@inproceedings{nus,
    title = "Improved Automatic Keyword Extraction Given More Linguistic Knowledge",
    author = "Hulth, Anette",
    booktitle = "Proceedings of the 2003 Conference on Empirical Methods in Natural Language Processing",
    year = "2003",
    pages = "216--223",
}

@InProceedings{inspec,
author="Nguyen, Thuy Dung
and Kan, Min-Yen",
title="Keyphrase Extraction in Scientific Publications",
booktitle="Asian Digital Libraries. Looking Back 10 Years and Forging New Frontiers",
year="2007",
pages="317--326",
}
@inproceedings{krapivin,
  title={Large Dataset for Keyphrase Extraction},
  author={Mikalai Krapivin and Maurizio Marchese},
  year={2009}
}
@inproceedings{semeval,
    title = "{S}em{E}val-2010 Task 5 : Automatic Keyphrase Extraction from Scientific Articles",
    author = "Kim, Su Nam  and
      Medelyan, Olena  and
      Kan, Min-Yen  and
      Baldwin, Timothy",
    booktitle = "Proceedings of the 5th International Workshop on Semantic Evaluation",
    month = jul,
    year = "2010",
    pages = "21--26",
}
@inproceedings{unikeyphrase,
    title = "{U}ni{K}eyphrase: A Unified Extraction and Generation Framework for Keyphrase Prediction",
    author = "Wu, Huanqin  and
      Liu, Wei  and
      Li, Lei  and
      Nie, Dan  and
      Chen, Tao  and
      Zhang, Feng  and
      Wang, Di",
    booktitle = "Findings of the Association for Computational Linguistics: ACL-IJCNLP 2021",
    month = aug,
    year = "2021",
    pages = "825--835",
}
@inproceedings{tpe,
  title={Technical phrase extraction for patent mining: A multi-level approach},
  author={Liu, Ye and Wu, Han and Huang, Zhenya and Wang, Hao and Ma, Jianhui and Liu, Qi and Chen, Enhong and Tao, Hanqing and Rui, Ke},
  booktitle={2020 IEEE International Conference on Data Mining (ICDM)},
  pages={1142--1147},
  year={2020},
  organization={IEEE}
}
@article{unilm,
  title={Unified language model pre-training for natural language understanding and generation},
  author={Dong, Li and Yang, Nan and Wang, Wenhui and Wei, Furu and Liu, Xiaodong and Wang, Yu and Gao, Jianfeng and Zhou, Ming and Hon, Hsiao-Wuen},
  journal={Advances in neural information processing systems},
  volume={32},
  year={2019}
}
@inproceedings{infore,
    title = "Applying Graph-based Keyword Extraction to Document Retrieval",
    author = "Kim, Youngsam  and
      Kim, Munhyong  and
      Cattle, Andrew  and
      Otmakhova, Julia  and
      Park, Suzi  and
      Shin, Hyopil",
    booktitle = "Proceedings of the Sixth International Joint Conference on Natural Language Processing",
    month = oct,
    year = "2013",
    pages = "864--868",
}
@inproceedings{segnet,
    title = "Select, Extract and Generate: Neural Keyphrase Generation with Layer-wise Coverage Attention",
    author = "Ahmad, Wasi  and
      Bai, Xiao  and
      Lee, Soomin  and
      Chang, Kai-Wei",
    booktitle = "Proceedings of the 59th Annual Meeting of the Association for Computational Linguistics and the 11th International Joint Conference on Natural Language Processing (Volume 1: Long Papers)",
    month = aug,
    year = "2021",
    pages = "1389--1404",
}
@inproceedings{one2seq,
    title = "One Size Does Not Fit All: Generating and Evaluating Variable Number of Keyphrases",
    author = "Yuan, Xingdi  and
      Wang, Tong  and
      Meng, Rui  and
      Thaker, Khushboo  and
      Brusilovsky, Peter  and
      He, Daqing  and
      Trischler, Adam",
    booktitle = "Proceedings of the 58th Annual Meeting of the Association for Computational Linguistics",
    month = jul,
    year = "2020",
    pages = "7961--7975",
}
@inproceedings{kpeplm,
    title = "Unsupervised Keyphrase Extraction by Jointly Modeling Local and Global Context",
    author = "Liang, Xinnian  and Wu, Shuangzhi  and
      Li, Mu  and
      Li, Zhoujun",
    booktitle = "Proceedings of the 2021 Conference on Empirical Methods in Natural Language Processing",
    month = nov,
    year = "2021",
    pages = "155--164",
}

@inproceedings{kpgplm,
    title = "Representation Learning for Resource-Constrained Keyphrase Generation",
    author = "Wu, Di  and
      Ahmad, Wasi  and
      Dev, Sunipa  and
      Chang, Kai-Wei",
    booktitle = "Findings of the Association for Computational Linguistics: EMNLP 2022",
    month = dec,
    year = "2022",
    pages = "700--716"
}
@inproceedings{hie,
author = {Santosh, Tokala Yaswanth Sri Sai and Varimalla, Nikhil Reddy and Vallabhajosyula, Anoop and Sanyal, Debarshi Kumar and Das, Partha Pratim},
title = {HiCoVA: Hierarchical Conditional Variational Autoencoder for Keyphrase Generation},
year = {2021},
booktitle = {Proceedings of the 30th ACM International Conference on Information \& Knowledge Management},
pages = {3448–3452},
numpages = {5}
}
@inproceedings{rlplm,
    title = "Unsupervised Cross-lingual Representation Learning at Scale",
    author = "Conneau, Alexis  and
      Khandelwal, Kartikay  and
      Goyal, Naman  and
      Chaudhary, Vishrav  and
      Wenzek, Guillaume  and
      Guzm{\'a}n, Francisco  and
      Grave, Edouard  and
      Ott, Myle  and
      Zettlemoyer, Luke  and
      Stoyanov, Veselin",
    booktitle = "Proceedings of the 58th Annual Meeting of the Association for Computational Linguistics",
    month = jul,
    year = "2020",
    pages = "8440--8451",
}
@inproceedings{bart,
    title = "{BART}: Denoising Sequence-to-Sequence Pre-training for Natural Language Generation, Translation, and Comprehension",
    author = "Lewis, Mike  and
      Liu, Yinhan  and
      Goyal, Naman  and
      Ghazvininejad, Marjan  and
      Mohamed, Abdelrahman  and
      Levy, Omer  and
      Stoyanov, Veselin  and
      Zettlemoyer, Luke",
    booktitle = "Proceedings of the 58th Annual Meeting of the Association for Computational Linguistics",
    month = jul,
    year = "2020",
    address = "Online",
    pages = "7871--7880",
}
@inproceedings{docclass,
author = {Hulth, Anette and Megyesi, Be\'{a}ta B.},
title = {A Study on Automatically Extracted Keywords in Text Categorization},
year = {2006},
booktitle = {Proceedings of the 21st International Conference on Computational Linguistics and the 44th Annual Meeting of the Association for Computational Linguistics},
pages = {537–544},
numpages = {8},
}

@inproceedings{textsum2013,
    title = "Domain-Independent Abstract Generation for Focused Meeting Summarization",
    author = "Wang, Lu  and
      Cardie, Claire",
    booktitle = "Proceedings of the 51st Annual Meeting of the Association for Computational Linguistics (Volume 1: Long Papers)",
    month = aug,
    year = "2013",
    pages = "1395--1405",
}
@inproceedings{ir2020,
    title = "Keyphrase Generation for Scientific Document Retrieval",
    author = "Boudin, Florian  and
      Gallina, Ygor  and
      Aizawa, Akiko",
    booktitle = "Proceedings of the 58th Annual Meeting of the Association for Computational Linguistics",
    month = jul,
    year = "2020",
    pages = "1118--1126",
}
@inproceedings{kpe2008,
author = {Wan, Xiaojun and Xiao, Jianguo},
title = {Single Document Keyphrase Extraction Using Neighborhood Knowledge},
year = {2008},
booktitle = {Proceedings of the 23rd National Conference on Artificial Intelligence - Volume 2},
pages = {855–860},
numpages = {6},
}

@inproceedings{kpe2020,
author = {Sun, Si and Liu, Zhenghao and Xiong, Chenyan and Liu, Zhiyuan and Bao, Jie},
title = {Capturing Global Informativeness in Open Domain Keyphrase Extraction},
year = {2021},
booktitle = {Natural Language Processing and Chinese Computing: 10th CCF International Conference, NLPCC 2021, Qingdao, China, October 13–17, 2021, Proceedings, Part II},
pages = {275–287},
numpages = {13},
}
@inproceedings{kpgcons,
    title = "Incorporating Linguistic Constraints into Keyphrase Generation",
    author = "Zhao, Jing  and
      Zhang, Yuxiang",
    booktitle = "Proceedings of the 57th Annual Meeting of the Association for Computational Linguistics",
    month = jul,
    year = "2019",
    pages = "5224--5233",
}
@article{plms4kg,
  author = {Wu, Di and Ahmad, Wasi Uddin and Chang, Kai-Wei},
  title = {Pre-trained Language Models for Keyphrase Generation: A Thorough Empirical Study},
  publisher = {arXiv},
  year = {2022}, 
}

@inproceedings{kgrl,
    title = "Neural Keyphrase Generation via Reinforcement Learning with Adaptive Rewards",
    author = "Chan, Hou Pong  and
      Chen, Wang  and
      Wang, Lu  and
      King, Irwin",
    booktitle = "Proceedings of the 57th Annual Meeting of the Association for Computational Linguistics",
    month = jul,
    year = "2019",
    pages = "2163--2174",
}


% yujin sup

@misc{glm2024chatglm,
      title={ChatGLM: A Family of Large Language Models from GLM-130B to GLM-4 All Tools}, 
      author={Team GLM and Aohan Zeng and Bin Xu and Bowen Wang and Chenhui Zhang and Da Yin and Diego Rojas and Guanyu Feng and Hanlin Zhao and et al},
      year={2024},
      eprint={2406.12793},
      archivePrefix={arXiv},
      primaryClass={id='cs.CL' full_name='Computation and Language' is_active=True alt_name='cmp-lg' in_archive='cs' is_general=False description='Covers natural language processing. Roughly includes material in ACM Subject Class I.2.7. Note that work on artificial languages (programming languages, logics, formal systems) that does not explicitly address natural-language issues broadly construed (natural-language processing, computational linguistics, speech, text retrieval, etc.) is not appropriate for this area.'}
}

@article{suzgun2024harvard,
  title={The harvard uspto patent dataset: A large-scale, well-structured, and multi-purpose corpus of patent applications},
  author={Suzgun, Mirac and Melas-Kyriazi, Luke and Sarkar, Suproteem and Kominers, Scott D and Shieber, Stuart},
  journal={Advances in Neural Information Processing Systems},
  volume={36},
  year={2024}
}