@article{booth2024neural,
  title={Neural Acceleration of Incomplete {Cholesky} Preconditioners},
  author={Booth, J. D. and Sun, H. and Garnett, T.},
  journal={arXiv preprint arXiv:2403.00743},
  year={2024}
}

@article{chen2024graph,
  title={Graph Neural Preconditioners for Iterative Solutions of Sparse Linear Systems},
  author={Chen, J.},
  journal={arXiv preprint arXiv:2406.00809},
  year={2024}
}

@article{hausner2023neural,
  title={Neural incomplete factorization: Learning preconditioners for the conjugate gradient method},
  author={H{\"a}usner, P. and {\"O}ktem, O. and Sj{\"o}lund, J.},
  journal={arXiv preprint arXiv:2305.16368},
  year={2023}
}

@inproceedings{li2023learning,
  title={Learning preconditioners for conjugate gradient {PDE} solvers},
  author={Li, Y. and Chen, P. Y. and Du, T. and Matusik, W.},
  booktitle={International Conference on Machine Learning},
  pages={19425--19439},
  year={2023},
  organization={PMLR}
}

@inproceedings{li2024generative,
  title={Generative Modeling of Sparse Approximate Inverse Preconditioners},
  author={Li, M. and Wang, H. and Jimack, P. K.},
  booktitle={International Conference on Computational Science},
  pages={378--392},
  year={2024},
  organization={Springer}
}

@inproceedings{luoneural,
  title={Neural {Krylov} Iteration for Accelerating Linear System Solving},
  author={Luo, J. and Wang, J. and Wang, H. and Geng, Z. and Chen, H. and Kuang, Y. and others},
  booktitle={The Thirty-eighth Annual Conference on Neural Information Processing Systems}
}

@article{trifonov2024learning,
  title={Learning from Linear Algebra: A Graph Neural Network Approach to Preconditioner Design for Conjugate Gradient Solvers},
  author={Trifonov, V. and Rudikov, A. and Iliev, O. and Oseledets, I. and Muravleva, E.},
  journal={arXiv preprint arXiv:2405.15557},
  year={2024}
}

@article{xu2018powerful,
  title={How powerful are graph neural networks?},
  author={Xu, K. and Hu, W. and Leskovec, J. and Jegelka, S.},
  journal={arXiv preprint arXiv:1810.00826},
  year={2018}
}

