@article{sirignano2018dgm,
  title={{DGM}: A deep learning algorithm for solving partial differential equations},
  author={Sirignano, J. and Spiliopoulos, K.},
  journal={J. Comput. Phys.},
  volume={375},
  pages={1339--1364},
  year={2018}
}
@article{cai2021physics,
  title={Physics-informed neural networks ({PINNs}) for fluid mechanics: A review},
  author={Cai, S. and Mao, Z. and Wang, Z. and Yin, M. and Karniadakis, G. E.},
  journal={Acta Mech. Sin.},
  volume={37},
  number={12},
  pages={1727--1738},
  year={2021}
}
@article{raissi2019physics,
  title={Physics-informed neural networks: A deep learning framework for solving forward and inverse problems involving nonlinear partial differential equations},
  author={Raissi, M. and Perdikaris, P. and Karniadakis, G. E.},
  journal={J. Comput. Phys.},
  volume={378},
  pages={686--707},
  year={2019}
}
@article{yarotsky2017error,
  title={Error bounds for approximations with deep {ReLU} networks},
  author={Yarotsky, D.},
  journal={Neural Networks},
  volume={94},
  pages={103--114},
  year={2017}
}
@article{marcati2023exponential,
  title={Exponential {ReLU} neural network approximation rates for point and edge singularities},
  author={Marcati, C. and Opschoor, J. A. A. and Petersen, P. C. and Schwab, C.},
  journal={Found. Comput. Math.},
  volume={23},
  number={3},
  pages={1043--1127},
  year={2023}
}
@article{karner2024limitations,
  title={Limitations of neural network training due to numerical instability of backpropagation},
  author={Karner, C. and Kazeev, V. and Petersen, P. C.},
  journal={Adv. Comput. Math.},
  volume={50},
  number={1},
  pages={14},
  year={2024}
}
@article{montufar2014number,
  title={On the number of linear regions of deep neural networks},
  author={Montufar, G. F. and Pascanu, R. and Cho, K. and Bengio, Y.},
  journal={Adv. Neural Inf. Process. Syst.},
  volume={27},
  year={2014}
}
@article{baur1983complexity,
  title={The complexity of partial derivatives},
  author={Baur, W. and Strassen, V.},
  journal={Theor. Comput. Sci.},
  volume={22},
  number={3},
  pages={317--330},
  year={1983}
}
@article{lu2021deepxde,
  title={{DeepXDE}: A deep learning library for solving differential equations},
  author={Lu, L. and Meng, X. and Mao, Z. and Karniadakis, G. E.},
  journal={SIAM Rev.},
  volume={63},
  number={1},
  pages={208--228},
  year={2021}
}
@article{lu2021learning,
  title={Learning nonlinear operators via {DeepONet} based on the universal approximation theorem of operators},
  author={Lu, L. and Jin, P. and Pang, G. and Zhang, Z. and Karniadakis, G. E.},
  journal={Nat. Mach. Intell.},
  volume={3},
  number={3},
  pages={218--229},
  year={2021}
}
@article{li2020fourier,
  title={Fourier neural operator for parametric partial differential equations},
  author={Li, Z. and Kovachki, N. and Azizzadenesheli, K. and Liu, B. and Bhattacharya, K. and Stuart, A. and Anandkumar, A.},
  journal={arXiv preprint arXiv:2010.08895},
  year={2020}
}
@article{liu2024domain,
  title={Domain agnostic {Fourier} neural operators},
  author={Liu, N. and Jafarzadeh, S. and Yu, Y.},
  journal={Adv. Neural Inf. Process. Syst.},
  volume={36},
  year={2024}
}
@article{li2023fourier,
  title={{Fourier} neural operator with learned deformations for {PDEs} on general geometries},
  author={Li, Z. and Huang, D. Z. and Liu, B. and Anandkumar, A.},
  journal={J. Mach. Learn. Res.},
  volume={24},
  number={388},
  pages={1--26},
  year={2023}
}
@inproceedings{rudikov2024neural,
  title={Neural operators meet conjugate gradients: The {FCG-NO} method for efficient {PDE} solving},
  author={Rudikov, A. and Fanaskov, V. and Muravleva, E. and Laevsky, Y. M. and Oseledets, I.},
  booktitle={Proceedings of the 41st International Conference on Machine Learning},
  series={ICML 2024},
  year={2024}
}
@inproceedings{hsiehlearning,
  title={Learning Neural {PDE} Solvers with Convergence Guarantees},
  author={Hsieh, J.-T. and Zhao, S. and Eismann, S. and Mirabella, L. and Ermon, S.},
  booktitle={International Conference on Learning Representations},
  year={2019}
}
@article{zhang2022hybrid,
  title={Blending Neural Operators and Relaxation Methods in {PDE} Numerical Solvers},
  author={Zhang, E. and Kahana, A. and Turkel, E. and Ranade, R. and Pathak, J. and Karniadakis, G. E.},
  journal={arXiv preprint arXiv:2208.13273},
  year={2022}
}
@article{katrutsa2020black,
  title={Black-box learning of multigrid parameters},
  author={Katrutsa, A. and Daulbaev, T. and Oseledets, I.},
  journal={J. Comput. Appl. Math.},
  volume={368},
  pages={112524},
  year={2020}
}
@inproceedings{greenfeld2019learning,
  title={Learning to optimize multigrid {PDE} solvers},
  author={Greenfeld, D. and Galun, M. and Basri, R. and Yavneh, I. and Kimmel, R.},
  booktitle={International Conference on Machine Learning},
  pages={2415--2423},
  year={2019},
  organization={PMLR}
}
@inproceedings{luz2020learning,
  title={Learning algebraic multigrid using graph neural networks},
  author={Luz, I. and Galun, M. and Maron, H. and Basri, R. and Yavneh, I.},
  booktitle={International Conference on Machine Learning},
  pages={6489--6499},
  year={2020},
  organization={PMLR}
}
@article{chen2022meta,
  title={Meta-{MGNet}: Meta multigrid networks for solving parameterized partial differential equations},
  author={Chen, Y. and Dong, B. and Xu, J.},
  journal={J. Comput. Phys.},
  volume={455},
  pages={110996},
  year={2022}
}
@inproceedings{bonev2023spherical,
  title={Spherical {Fourier} neural operators: Learning stable dynamics on the sphere},
  author={Bonev, B. and Kurth, T. and Hundt, C. and Pathak, J. and Baust, M. and Kashinath, K. and Anandkumar, A.},
  booktitle={International Conference on Machine Learning},
  pages={2806--2823},
  year={2023},
  organization={PMLR}
}
@inproceedings{fanaskov2023spectral,
  title={Spectral neural operators},
  author={Fanaskov, V. S. and Oseledets, I. V.},
  booktitle={Dokl. Math.},
  volume={108},
  number={Suppl 2},
  pages={S226--S232},
  year={2023}
}
@article{trifonov2024learning,
  title={Learning from Linear Algebra: A Graph Neural Network Approach to Preconditioner Design for Conjugate Gradient Solvers},
  author={Trifonov, V. and Rudikov, A. and Iliev, O. and Oseledets, I. and Muravleva, E.},
  journal={arXiv preprint arXiv:2405.15557},
  year={2024}
}
@article{hausner2024learning,
  title={Learning incomplete factorization preconditioners for {GMRES}},
  author={H{\"a}usner, P. and Juscafresa, A. N. and Sj{\"o}lund, J.},
  journal={arXiv preprint arXiv:2409.08262},
  year={2024}
}
@inproceedings{li2023learning,
  title={Learning preconditioners for conjugate gradient {PDE} solvers},
  author={Li, Y. and Chen, P. Y. and Du, T. and Matusik, W.},
  booktitle={International Conference on Machine Learning},
  pages={19425--19439},
  year={2023},
  organization={PMLR}
}
@article{hausner2023neural,
  title={Neural incomplete factorization: Learning preconditioners for the conjugate gradient method},
  author={H{\"a}usner, P. and {\"O}ktem, O. and Sj{\"o}lund, J.},
  journal={arXiv preprint arXiv:2305.16368},
  year={2023}
}
@article{kaporin1998high,
  title={High quality preconditioning of a general symmetric positive definite matrix based on its {$U^T U+$} {$UTR+$} {$RTU-$} decomposition},
  author={Kaporin, I. E.},
  journal={Numer. Linear Algebra Appl.},
  volume={5},
  number={6},
  pages={483--509},
  year={1998}
}
@article{kaporin1994new,
  title={New convergence results and preconditioning strategies for the conjugate gradient method},
  author={Kaporin, I. E.},
  journal={Numer. Linear Algebra Appl.},
  volume={1},
  number={2},
  pages={179--210},
  year={1994}
}
@article{grossmann2024can,
  title={Can physics-informed neural networks beat the finite element method?},
  author={Grossmann, T. G. and Komorowska, U. J. and Latz, J. and Sch{\"o}nlieb, C.-B.},
  journal={IMA J. Appl. Math.},
  pages={hxae011},
  year={2024}
}
@article{raonic2024convolutional,
  title={Convolutional neural operators for robust and accurate learning of {PDEs}},
  author={Raonic, B. and Molinaro, R. and De Ryck, T. and Rohner, T. and Bartolucci, F. and Alaifari, R. and Mishra, S. and de B{\'e}zenac, E.},
  journal={Adv. Neural Inf. Process. Syst.},
  volume={36},
  year={2024}
}
@book{marchuk1992sopryazhennye,
  title={Сопряженные уравнения и анализ сложных систем},
  author={Марчук, Г. И.},
  year={1992},
  publisher={Наука},
  address={М.},
  pages={335}
}
@article{li2024physics,
  title={Physics-informed neural operator for learning partial differential equations},
  author={Li, Z. and Zheng, H. and Kovachki, N. and Jin, D. and Chen, H. and Liu, B. and Azizzadenesheli, K. and Anandkumar, A.},
  journal={ACM/JMS J. Data Sci.},
  volume={1},
  number={3},
  pages={1--27},
  year={2024}
}
@incollection{goswami2023physics,
  title={Physics-informed deep neural operator networks},
  author={Goswami, S. and Bora, A. and Yu, Y. and Karniadakis, G. E.},
  booktitle={Machine Learning in Modeling and Simulation: Methods and Applications},
  pages={219--254},
  year={2023}
}
@article{lu2022comprehensive,
  title={A comprehensive and fair comparison of two neural operators (with practical extensions) based on fair data},
  author={Lu, L. and Meng, X. and Cai, S. and Mao, Z. and Goswami, S. and Zhang, Z. and Karniadakis, G. E.},
  journal={Comput. Methods Appl. Mech. Eng.},
  volume={393},
  pages={114778},
  year={2022}
}
@article{tyrtyshnikov1992optimal,
  title={Optimal and superoptimal circulant preconditioners},
  author={Tyrtyshnikov, E. E.},
  journal={SIAM J. Matrix Anal. Appl.},
  volume={13},
  number={2},
  pages={459--473},
  year={1992}
}
@article{oseledets2006unifying,
  title={A unifying approach to the construction of circulant preconditioners},
  author={Oseledets, I. and Tyrtyshnikov, E.},
  journal={Linear Algebra Appl.},
  volume={418},
  number={2-3},
  pages={435--449},
  year={2006}
}
@article{tyrtyshnikov1996unifying,
  title={A unifying approach to some old and new theorems on distribution and clustering},
  author={Tyrtyshnikov, E. E.},
  journal={Linear Algebra Appl.},
  volume={232},
  pages={1--43},
  year={1996}
}
@article{tilli1998note,
  title={A note on the spectral distribution of {Toeplitz} matrices},
  author={Tilli, P.},
  journal={Linear Multilinear Algebra},
  volume={45},
  number={2-3},
  pages={147--159},
  year={1998}
}
@article{chan1988optimal,
  title={An optimal circulant preconditioner for {Toeplitz} systems},
  author={Chan, T. F.},
  journal={SIAM J. Sci. Stat. Comput.},
  volume={9},
  number={4},
  pages={766--771},
  year={1988}
}
@article{kaporin2012using,
  title={Использование полиномов {Чебышёва} и приближенного обратного треугольного разложения для предобусловливания метода сопряженных градиентов},
  author={Капорин, И. Е.},
  journal={Ж. вычисл. матем. и матем. физ.},
  volume={52},
  number={2},
  pages={179--204},
  year={2012}
}
@article{kaporin2017incomplete,
  title={Неполное обратное треугольное разложение в параллельных алгоритмах предобусловленного метода сопряженных градиентов},
  author={Капорин, И. Е. and Милюкова, О. Ю.},
  journal={Препринты ИПМ им. М.В. Келдыша},
  number={0},
  pages={37--28},
  year={2017}
}
@book{chan2007introduction,
  title={An Introduction to Iterative {Toeplitz} Solvers},
  author={Chan, R. H. F. and Jin, X. Q.},
  year={2007},
  publisher={SIAM}
}
@article{capizzano2000any,
  title={Any circulant-like preconditioner for multilevel matrices is not superlinear},
  author={Serra Capizzano, S. and Tyrtyshnikov, E. E.},
  journal={SIAM J. Matrix Anal. Appl.},
  volume={21},
  number={2},
  pages={431--439},
  year={2000}
}
@inproceedings{li2024generative,
  title={Generative Modeling of Sparse Approximate Inverse Preconditioners},
  author={Li, M. and Wang, H. and Jimack, P. K.},
  booktitle={International Conference on Computational Science},
  pages={378--392},
  year={2024},
  organization={Springer}
}
@inproceedings{yusuf2024constructing,
  title={Constructing {ILU} Preconditioners for Advection-Dominated Problems Using Graph Neural Networks},
  author={Yusuf, S. and Hicken, J. E. and Pan, S.},
  booktitle={AIAA AVIATION FORUM AND ASCEND 2024},
  pages={3613},
  year={2024}
}
@article{gelfand1941normierte,
  title={Normierte {Ringe}},
  author={Gelfand, I.},
  journal={Mat. Sb.},
  volume={9},
  number={1},
  pages={3--24},
  year={1941}
}
@article{kozyakin2009accuracy,
  title={On accuracy of approximation of the spectral radius by the {Gelfand} formula},
  author={Kozyakin, V. S.},
  journal={Linear Algebra Appl.},
  volume={431},
  number={11},
  pages={2134--2141},
  year={2009}
}
@article{hutchinson1989stochastic,
  title={A stochastic estimator of the trace of the influence matrix for {Laplacian} smoothing splines},
  author={Hutchinson, M. F.},
  journal={Commun. Stat. Simul. Comput.},
  volume={18},
  number={3},
  pages={1059--1076},
  year={1989}
}
@article{battaglia2018relational,
  title={Relational inductive biases, deep learning, and graph networks},
  author={Battaglia, P. W. and Hamrick, J. B. and Bapst, V. and Sanchez-Gonzalez, A. and Zambaldi, V. and Malinowski, M. and Tacchetti, A. and Raposo, D. and Santoro, A. and Faulkner, R. and others},
  journal={arXiv preprint arXiv:1806.01261},
  year={2018}
}
@article{brody2021attentive,
  title={How attentive are graph attention networks?},
  author={Brody, S. and Alon, U. and Yahav, E.},
  journal={arXiv preprint arXiv:2105.14491},
  year={2021}
}
@article{velivckovic2017graph,
  title={Graph attention networks},
  author={Veli{\v{c}}kovi{\'c}, P. and Cucurull, G. and Casanova, A. and Romero, A. and Lio, P. and Bengio, Y.},
  journal={arXiv preprint arXiv:1710.10903},
  year={2017}
}
@article{li2020deepergcn,
  title={{DeeperGCN}: All you need to train deeper {GCNs}},
  author={Li, G. and Xiong, C. and Thabet, A. and Ghanem, B.},
  journal={arXiv preprint arXiv:2006.07739},
  year={2020}
}
@article{wu2024simplifying,
  title={Simplifying and empowering transformers for large-graph representations},
  author={Wu, Q. and Zhao, W. and Yang, C. and Zhang, H. and Nie, F. and Jiang, H. and Bian, Y. and Yan, J.},
  journal={Adv. Neural Inf. Process. Syst.},
  volume={36},
  year={2024}
}
@article{shi2020masked,
  title={Masked label prediction: Unified message passing model for semi-supervised classification},
  author={Shi, Y. and Huang, Z. and Feng, S. and Zhong, H. and Wang, W. and Sun, Y.},
  journal={arXiv preprint arXiv:2009.03509},
  year={2020}
}
@inproceedings{Fey-Lenssen-2019,
  title={Fast Graph Representation Learning with {PyTorch Geometric}},
  author={Fey, M. and Lenssen, J. E.},
  booktitle={ICLR Workshop on Representation Learning on Graphs and Manifolds},
  year={2019}
}
@article{hamilton2017inductive,
  title={Inductive representation learning on large graphs},
  author={Hamilton, W. and Ying, Z. and Leskovec, J.},
  journal={Adv. Neural Inf. Process. Syst.},
  volume={30},
  year={2017}
}
@inproceedings{gilmer2017neural,
  title={Neural message passing for quantum chemistry},
  author={Gilmer, J. and Schoenholz, S. S. and Riley, P. F. and Vinyals, O. and Dahl, G. E.},
  booktitle={International Conference on Machine Learning},
  pages={1263--1272},
  year={2017},
  organization={PMLR}
}
@article{chen2024graph,
  title={Graph Neural Preconditioners for Iterative Solutions of Sparse Linear Systems},
  author={Chen, J.},
  journal={arXiv preprint arXiv:2406.00809},
  year={2024}
}
@article{xu2018powerful,
  title={How powerful are graph neural networks?},
  author={Xu, K. and Hu, W. and Leskovec, J. and Jegelka, S.},
  journal={arXiv preprint arXiv:1810.00826},
  year={2018}
}
@inproceedings{luoneural,
  title={Neural {Krylov} Iteration for Accelerating Linear System Solving},
  author={Luo, J. and Wang, J. and Wang, H. and Geng, Z. and Chen, H. and Kuang, Y. and others},
  booktitle={The Thirty-eighth Annual Conference on Neural Information Processing Systems}
}
@article{booth2024neural,
  title={Neural Acceleration of Incomplete {Cholesky} Preconditioners},
  author={Booth, J. D. and Sun, H. and Garnett, T.},
  journal={arXiv preprint arXiv:2403.00743},
  year={2024}
}
@article{benzi2002preconditioning,
  title={Preconditioning techniques for large linear systems: A survey},
  author={Benzi, M.},
  journal={J. Comput. Phys.},
  volume={182},
  number={2},
  pages={418--477},
  year={2002}
}
@book{saad2003iterative,
  title={Iterative Methods for Sparse Linear Systems},
  author={Saad, Y.},
  year={2003},
  publisher={SIAM}
}