@article{banerjee_ultrasound_2022,
	title = {Ultrasound spine image segmentation using multi-scale feature fusion skip-inception {U}-{Net} ({SIU}-{Net})},
	volume = {42},
	issn = {0208-5216},
	journal = {Biocybern. Biomed. Eng.},
	author = {Banerjee, Sunetra and others},
	year = {2022},
	pages = {341--361},
}

@inproceedings{chen_simple_2020,
	title = {A simple framework for contrastive learning of visual representations},
	isbn = {2640-3498},
	publisher = {PMLR},
	author = {Chen, Ting and others},
	year = {2020},
	pages = {1597--1607},
}

@inproceedings{d_qiao_dilated_2020,
	title = {Dilated {Squeeze}-and-{Excitation} {U}-{Net} for {Fetal} {Ultrasound} {Image} {Segmentation}},
	doi = {10.1109/CIBCB48159.2020.9277667},
	booktitle = {{IEEE} CIBCB},
	author = {{D. Qiao} and {F. Zulkernine}},
	year = {2020},
	pages = {1--7},
}

@inproceedings{f_sung_learning_2018,
	title = {Learning to {Compare}: {Relation} {Network} for {Few}-{Shot} {Learning}},
	isbn = {2575-7075},
	doi = {10.1109/CVPR.2018.00131},
	booktitle = {2018 {IEEE}/{CVF} CVPR},
	author = {{F. Sung} and others},
	year = {2018},
	pages = {1199--1208},
}

@inproceedings{gidaris_unsupervised_2018,
      title={Unsupervised Representation Learning by Predicting Image Rotations},
      author={Spyros Gidaris and Praveer Singh and Nikos Komodakis},
      booktitle={ICLR},
      year={2018}}

@article{grill_bootstrap_2020,
	title = {Bootstrap your own latent-a new approach to self-supervised learning},
	volume = {33},
	journal = {Adv. neural inf. process. syst.},
	author = {Grill, Jean-Bastien and others},
	year = {2020},
	pages = {21271--21284},
}

@inproceedings{he_momentum_2020,
	title = {Momentum {Contrast} for {Unsupervised} {Visual} {Representation} {Learning}},
	doi = {10.1109/CVPR42600.2020.00975},
	booktitle = {IEEE/CVF CVPR},
	author = {{K. He} and others},
	year = {2020},
	pages = {9726--9735},
}

@article{jiang_hybrid_2023,
	title = {A hybrid enhanced attention transformer network for medical ultrasound image segmentation},
	volume = {86},
	issn = {1746-8094},
    doi = {https://doi.org/10.1016/j.bspc.2023.105329},
	journal = {Biomed. Signal Process. Control},
	author = {Jiang, Tao and others},
	year = {2023},
	pages = {105329},
}

@inproceedings{koch_siamese_2015,
	title = {Siamese neural networks for one-shot image recognition},
	volume = {2},
	booktitle = {ICML deep learning workshop},
	author = {Koch, Gregory and others},
	year = {2015},
	pages = {1--30},
}

@incollection{leibe_unsupervised_2016,
	title = {Unsupervised {Learning} of {Visual} {Representations} by {Solving} {Jigsaw} {Puzzles}},
	volume = {9910},
	isbn = {978-3-319-46465-7 978-3-319-46466-4},
	language = {en},
	urldate = {2024-06-06},
	booktitle = {Computer {Vision} â€“ {ECCV}},
	author = {Noroozi, Mehdi and Favaro, Paolo},
	year = {2016},
	doi = {10.1007/978-3-319-46466-4_5},
	pages = {69--84},
}

@article{liu_self-supervised_2023,
	title = {Self-{Supervised} {Learning}: {Generative} or {Contrastive}},
	volume = {35},
	doi = {10.1109/TKDE.2021.3090866},
	journal = {IEEE Trans. Knowl. Data. Eng.},
	author = {Liu, Xiao and others},
	year = {2023},
	pages = {857--876},
}

@article{meshram_deep_2020,
	title = {Deep {Learning} for {Carotid} {Plaque} {Segmentation} using a {Dilated} {U}-{Net} {Architecture}},
	volume = {42},
	issn = {0161-7346},
	doi = {10.1177/0161734620951216},
	urldate = {2024-07-30},
	journal = {Ultrason. Imaging},
	author = {Meshram, Nirvedh H. and others},
	year = {2020},
	pages = {221--230},
}

@inproceedings{misra_self-supervised_2020,
	title = {Self-{Supervised} {Learning} of {Pretext}-{Invariant} {Representations}},
	doi = {10.1109/CVPR42600.2020.00674},
	booktitle = {{IEEE}/{CVF} CVPR},
	author = {Misra, Ishan and van der Maaten, Laurens},
	year = {2020},
	pages = {6706--6716},
}

@incollection{ronneberger_u-net_2015,
	title = {U-{Net}: {Convolutional} {Networks} for {Biomedical} {Image} {Segmentation}},
	volume = {9351},
	booktitle = {MICCAI},
	author = {Ronneberger, Olaf and others},
	doi = {10.1007/978-3-319-24574-4_28},
    year={2015},
	pages = {234--241}
}

@article{shareef_estan_2022,
	title = {{ESTAN}: {Enhanced} {Small} {Tumor}-{Aware} {Network} for {Breast} {Ultrasound} {Image} {Segmentation}},
	volume = {10},
	doi = {10.3390/healthcare10112262},
	urldate = {2023-08-09},
	journal = {Healthcare},
	author = {Shareef, Bryar and others},
	year = {2022},
	pages = {2262}
}

@article{snell_prototypical_2017,
	title = {Prototypical networks for few-shot learning},
	volume = {30},
	journal = {Adv. neural inf. process. syst.},
	author = {Snell, Jake and others},
	year = {2017},
}

@article{vanberlo_survey_2024,
	title = {A survey of the impact of self-supervised pretraining for diagnostic tasks in medical {X}-ray, {CT}, {MRI}, and ultrasound},
	volume = {24},
	issn = {1471-2342},
    doi = {10.1186/s12880-024-01253-0},
    journal = {BMC Med. Imaging},
	author = {VanBerlo, Blake and others},
	year = {2024},
	pages = {79},
}

@article{wu_cross-image_2023,
	title = {Cross-{Image} {Dependency} {Modeling} for {Breast} {Ultrasound} {Segmentation}},
	volume = {42},
	doi = {10.1109/TMI.2022.3233648},
	urldate = {2023-08-09},
	journal = {IEEE TMI},
	author = {Wu, Huisi and others},
	year = {2023},
	pages = {1619--1631}
}

@article{xie_identification_2024,
	title = {Identification method of thyroid nodule ultrasonography based on self-supervised learning dual-branch attention learning framework},
	volume = {12},
        doi = {10.1007/s13755-023-00266-3},
        journal = {Health Inf. Sci. Syst},
	author = {Xie, Yifei and others},
	year = {2024},
	pages = {7},
}

@inproceedings{xie_simmim_2022,
	title = {{SimMIM}: a {Simple} {Framework} for {Masked} {Image} {Modeling}},
	doi = {10.1109/CVPR52688.2022.00943},
	booktitle = {{IEEE}/{CVF} CVPR},
	author = {Xie, Zhenda and others},
	year = {2022},
	pages = {9643--9653},
}

@article{z_xu_ssl-cpcd_2024,
	title = {{SSL}-{CPCD}: {Self}-supervised learning with composite pretext-class discrimination for improved generalisability in endoscopic image analysis},
	issn = {1558-254X},
	doi = {10.1109/TMI.2024.3411933},
	journal = {IEEE TMI},
	author = {{Z. Xu} and others},
	year = {2024},
	volume = {43},
	pages = {4105-4119},
}

@article{zhang_hau-net_2024,
	title = {{HAU}-{Net}: {Hybrid} {CNN}-transformer for breast ultrasound image segmentation},
	volume = {87},
	issn = {1746-8094},
        doi = {10.1016/j.bspc.2023.105427},
	journal = {Biomed. Signal Process. Control},
	author = {Zhang, Huaikun and others},
	year = {2024},
	pages = {105427},
}

@article{zhang_twin_2021,
	title = {Twin self-supervision based semi-supervised learning ({TS}-{SSL}): {Retinal} anomaly classification in {SD}-{OCT} images},
	volume = {462},
	issn = {0925-2312},
	doi = {10.1016/j.neucom.2021.08.051},
	journal = {Neurocomputing},
	author = {Zhang, Yuhan and others},
	year = {2021},
	pages = {491--505},
}

