@ARTICLE{Zhengxin_2018_ResUNet,
  author={Zhang, Zhengxin and others},
  journal={IEEE Geoscience and Remote Sensing Letters}, 
  title={Road Extraction by Deep {Residual U-Net}}, 
  year={2018},
  volume={15},
  pages={749-753}}


@article{carovac_application_2011,
	title = {Application of ultrasound in medicine},
	volume = {19},
	issn = {0353-8109},
	doi = {10.5455/aim.2011.19.168-171},
	journal = {AIM},
	author = {Carovac, Aladin and others},
	year = {2011},
	pages = {168--171},
}

@incollection{ronneberger_u-net_2015,
	title = {U-{Net}: {Convolutional} {Networks} for {Biomedical} {Image} {Segmentation}},
	volume = {9351},
	booktitle = {MICCAI},
	author = {Ronneberger, Olaf and others},
	doi = {10.1007/978-3-319-24574-4_28},
    year={2015},
	pages = {234--241}
}

@article{brattain_machine_2018,
	title = {Machine learning for medical ultrasound: status, methods, and future opportunities},
	volume = {43},
	doi = {10.1007/s00261-018-1517-0},
	journal = {Abdom. Radiol},
	author = {Brattain, Laura J. and others},
	year = {2018},
	pages = {786--799}
}

@inproceedings{he_momentum_2020,
	title = {Momentum {Contrast} for {Unsupervised} {Visual} {Representation} {Learning}},
	doi = {10.1109/CVPR42600.2020.00975},
	booktitle = {IEEE/CVF CVPR},
	author = {{K. He} and others},
	year = {2020},
	pages = {9726--9735},
}

@article{xie_identification_2024,
	title = {Identification method of thyroid nodule ultrasonography based on self-supervised learning dual-branch attention learning framework},
	volume = {12},
        doi = {10.1007/s13755-023-00266-3},
        journal = {Health Inf. Sci. Syst},
	author = {Xie, Yifei and others},
	year = {2024},
	pages = {7},
}

@article{vanberlo_survey_2024,
	title = {A survey of the impact of self-supervised pretraining for diagnostic tasks in medical {X}-ray, {CT}, {MRI}, and ultrasound},
	volume = {24},
	issn = {1471-2342},
    doi = {10.1186/s12880-024-01253-0},
    journal = {BMC Med. Imaging},
	author = {VanBerlo, Blake and others},
	year = {2024},
	pages = {79},
}

@article{liu_self-supervised_2023,
	title = {Self-{Supervised} {Learning}: {Generative} or {Contrastive}},
	volume = {35},
	doi = {10.1109/TKDE.2021.3090866},
	journal = {IEEE Trans. Knowl. Data. Eng.},
	author = {Liu, Xiao and others},
	year = {2023},
	pages = {857--876},
}

@incollection{leibe_unsupervised_2016,
	title = {Unsupervised {Learning} of {Visual} {Representations} by {Solving} {Jigsaw} {Puzzles}},
	volume = {9910},
	isbn = {978-3-319-46465-7 978-3-319-46466-4},
	language = {en},
	urldate = {2024-06-06},
	booktitle = {Computer {Vision} â€“ {ECCV}},
	author = {Noroozi, Mehdi and Favaro, Paolo},
	year = {2016},
	doi = {10.1007/978-3-319-46466-4_5},
	pages = {69--84},
}

@article{grill_bootstrap_2020,
	title = {Bootstrap your own latent-a new approach to self-supervised learning},
	volume = {33},
	journal = {Adv. neural inf. process. syst.},
	author = {Grill, Jean-Bastien and others},
	year = {2020},
	pages = {21271--21284},
}

@inproceedings{chen_simple_2020,
	title = {A simple framework for contrastive learning of visual representations},
	isbn = {2640-3498},
	publisher = {PMLR},
	author = {Chen, Ting and others},
	year = {2020},
	pages = {1597--1607},
}

@inproceedings{misra_self-supervised_2020,
	title = {Self-{Supervised} {Learning} of {Pretext}-{Invariant} {Representations}},
	doi = {10.1109/CVPR42600.2020.00674},
	booktitle = {{IEEE}/{CVF} CVPR},
	author = {Misra, Ishan and van der Maaten, Laurens},
	year = {2020},
	pages = {6706--6716},
}

@article{wang_thyroid_2024,
	title = {Thyroid ultrasound diagnosis improvement via multi-view self-supervised learning and two-stage pre-training},
	volume = {171},
	issn = {0010-4825},
	doi = {https://doi.org/10.1016/j.compbiomed.2024.108087},
	journal = {Comput. Biol. Med.},
	author = {Wang, Jian and others},
	year = {2024},
	pages = {108087},
}

@inproceedings{ali_self-supervised_2023,
	title = {Self-{Supervised} {Learning} for {Accurate} {Liver} {View} {Classification} in {Ultrasound} {Images} with {Minimal} {Labeled} {Data}},
	doi = {10.1109/CVPRW59228.2023.00310},
	booktitle = {2023 {IEEE}/{CVF} CVPRW},
	author = {Ali, Abder-Rahman and others},
	year = {2023},
	pages = {3087--3093},
}

@inproceedings{xie_simmim_2022,
	title = {{SimMIM}: a {Simple} {Framework} for {Masked} {Image} {Modeling}},
	doi = {10.1109/CVPR52688.2022.00943},
	booktitle = {{IEEE}/{CVF} CVPR},
	author = {Xie, Zhenda and others},
	year = {2022},
	pages = {9643--9653},
}

@incollection{kainz_self-supervised_2023,
	title = {Self-{Supervised} {Learning} to {More} {Efficiently} {Generate} {Segmentation} {Masks} for {Wrist} {Ultrasound}},
	volume = {14337},
	isbn = {978-3-031-44520-0 978-3-031-44521-7},
	language = {en},
	urldate = {2024-07-18},
	booktitle = {Simplifying {Medical} {Ultrasound}},
	author = {Zhou, Yuyue and others},
	year = {2023},
	doi = {10.1007/978-3-031-44521-7_8},
	pages = {79--88},
}

@article{wu_cross-image_2023,
	title = {Cross-{Image} {Dependency} {Modeling} for {Breast} {Ultrasound} {Segmentation}},
	volume = {42},
	doi = {10.1109/TMI.2022.3233648},
	urldate = {2023-08-09},
	journal = {IEEE TMI},
	author = {Wu, Huisi and others},
	year = {2023},
	pages = {1619--1631}
}

@article{shareef_estan_2022,
	title = {{ESTAN}: {Enhanced} {Small} {Tumor}-{Aware} {Network} for {Breast} {Ultrasound} {Image} {Segmentation}},
	volume = {10},
	doi = {10.3390/healthcare10112262},
	urldate = {2023-08-09},
	journal = {Healthcare},
	author = {Shareef, Bryar and others},
	year = {2022},
	pages = {2262}
}

@article{al-dhabyani_dataset_2020,
	title = {Dataset of breast ultrasound images},
	volume = {28},
	issn = {23523409},
	doi = {10.1016/j.dib.2019.104863},
	language = {en},
	urldate = {2024-07-18},
	journal = {Data Brief},
	author = {Al-Dhabyani, Walid and others},
	year = {2020},
	pages = {104863}}

@inproceedings{s_azizi_big_2021,
	title = {Big {Self}-{Supervised} {Models} {Advance} {Medical} {Image} {Classification}},
	isbn = {2380-7504},
	doi = {10.1109/ICCV48922.2021.00346},
	booktitle = {2021 IEEE/CVF ICCV},
	author = {{S. Azizi} and others},
	year = {2021},
	pages = {3458--3468},
}

@article{chen_self-supervised_2019,
	title = {Self-supervised learning for medical image analysis using image context restoration},
	volume = {58},
	issn = {1361-8415},
	doi = {10.1016/j.media.2019.101539},
	journal = {Med. Image Anal.},
	author = {Chen, Liang and others},
	year = {2019},
	pages = {101539},
}

@inproceedings{d_qiao_dilated_2020,
	title = {Dilated {Squeeze}-and-{Excitation} {U}-{Net} for {Fetal} {Ultrasound} {Image} {Segmentation}},
	doi = {10.1109/CIBCB48159.2020.9277667},
	booktitle = {{IEEE} CIBCB},
	author = {{D. Qiao} and {F. Zulkernine}},
	year = {2020},
	pages = {1--7},
}

@article{meshram_deep_2020,
	title = {Deep {Learning} for {Carotid} {Plaque} {Segmentation} using a {Dilated} {U}-{Net} {Architecture}},
	volume = {42},
	issn = {0161-7346},
	doi = {10.1177/0161734620951216},
	urldate = {2024-07-30},
	journal = {Ultrason. Imaging},
	author = {Meshram, Nirvedh H. and others},
	year = {2020},
	pages = {221--230},
}

@article{banerjee_ultrasound_2022,
	title = {Ultrasound spine image segmentation using multi-scale feature fusion skip-inception {U}-{Net} ({SIU}-{Net})},
	volume = {42},
	issn = {0208-5216},
	journal = {Biocybern. Biomed. Eng.},
	author = {Banerjee, Sunetra and others},
	year = {2022},
	pages = {341--361},
}

@article{z_xu_ssl-cpcd_2024,
	title = {{SSL}-{CPCD}: {Self}-supervised learning with composite pretext-class discrimination for improved generalisability in endoscopic image analysis},
	issn = {1558-254X},
	doi = {10.1109/TMI.2024.3411933},
	journal = {IEEE TMI},
	author = {{Z. Xu} and others},
	year = {2024},
	volume = {43},
	pages = {4105-4119},
}

@inproceedings{f_sung_learning_2018,
	title = {Learning to {Compare}: {Relation} {Network} for {Few}-{Shot} {Learning}},
	isbn = {2575-7075},
	doi = {10.1109/CVPR.2018.00131},
	booktitle = {2018 {IEEE}/{CVF} CVPR},
	author = {{F. Sung} and others},
	year = {2018},
	pages = {1199--1208},
}

@article{zhang_hau-net_2024,
	title = {{HAU}-{Net}: {Hybrid} {CNN}-transformer for breast ultrasound image segmentation},
	volume = {87},
	issn = {1746-8094},
        doi = {10.1016/j.bspc.2023.105427},
	journal = {Biomed. Signal Process. Control},
	author = {Zhang, Huaikun and others},
	year = {2024},
	pages = {105427},
}

@inproceedings{gidaris_unsupervised_2018,
      title={Unsupervised Representation Learning by Predicting Image Rotations},
      author={Spyros Gidaris and Praveer Singh and Nikos Komodakis},
      booktitle={ICLR},
      year={2018}}

@article{yuan_unified_2024,
	title = {Unified semantic model for medical image segmentation},
	volume = {98},
	issn = {1746-8094},
        doi = {https://doi.org/10.1016/j.bspc.2024.106711},
	journal = {Biomed. Signal Process. Control},
	author = {Yuan, Shuai and others},
	year = {2024},
	pages = {106711},
}

@inproceedings{
    liu_self-supervised_2021,
    title={Self-supervised Learning is More Robust to Dataset Imbalance},
    author={Hong Liu and others},
    booktitle={ICLR},
    year={2022},
}

@article{jiang_hybrid_2023,
	title = {A hybrid enhanced attention transformer network for medical ultrasound image segmentation},
	volume = {86},
	issn = {1746-8094},
    doi = {https://doi.org/10.1016/j.bspc.2023.105329},
	journal = {Biomed. Signal Process. Control},
	author = {Jiang, Tao and others},
	year = {2023},
	pages = {105329},
}

@inproceedings{k_he_deep_2016,
	title = {Deep {Residual} {Learning} for {Image} {Recognition}},
	isbn = {1063-6919},
	doi = {10.1109/CVPR.2016.90},
	booktitle = {2016 {IEEE} CVPR},
	author = {{K. He} and others},
	year = {2016},
	pages = {770--778},
}

@inproceedings{z_wu_unsupervised_2018,
	title = {Unsupervised {Feature} {Learning} via {Non}-parametric {Instance} {Discrimination}},
	isbn = {2575-7075},
	doi = {10.1109/CVPR.2018.00393},
	booktitle = {2018 {IEEE}/{CVF} CVPR},
	author = {{Z. Wu} and others},
	year = {2018},
	pages = {3733--3742},
}

@article{zhang_twin_2021,
	title = {Twin self-supervision based semi-supervised learning ({TS}-{SSL}): {Retinal} anomaly classification in {SD}-{OCT} images},
	volume = {462},
	issn = {0925-2312},
	doi = {10.1016/j.neucom.2021.08.051},
	journal = {Neurocomputing},
	author = {Zhang, Yuhan and others},
	year = {2021},
	pages = {491--505},
}

@article{snell_prototypical_2017,
	title = {Prototypical networks for few-shot learning},
	volume = {30},
	journal = {Adv. neural inf. process. syst.},
	author = {Snell, Jake and others},
	year = {2017},
}

@inproceedings{koch_siamese_2015,
	title = {Siamese neural networks for one-shot image recognition},
	volume = {2},
	booktitle = {ICML deep learning workshop},
	author = {Koch, Gregory and others},
	year = {2015},
	pages = {1--30},
}

@article{yap_automated_2017,
	title = {Automated breast ultrasound lesions detection using convolutional neural networks},
	volume = {22},
	issn = {2168-2194},
	journal = {IEEE J. Biomed. Health Inform},
	author = {Yap, Moi Hoon and others},
	year = {2017},
	pages = {1218--1226},
}

@article{pawlowska_curated_2024,
	title = {Curated benchmark dataset for ultrasound based breast lesion analysis},
	volume = {11},
	issn = {2052-4463},
	doi = {10.1038/s41597-024-02984-z},
	journal = {Sci. Data},
	author = {PawÅ‚owska, Anna and others},
	year = {2024},
	pages = {148},
}

@article{tendle_study_2021,
	title = {A study of the generalizability of self-supervised representations},
	volume = {6},
	issn = {2666-8270},
	doi = {10.1016/j.mlwa.2021.100124},
	journal = {MLWA},
	author = {Tendle, Atharva and Hasan, Mohammad Rashedul},
	year = {2021},
	pages = {100124},
}

@article{eche_toward_2021,
	title = {Toward {Generalizability} in the {Deployment} of {Artificial} {Intelligence} in {Radiology}: {Role} of {Computation} {Stress} {Testing} to {Overcome} {Underspecification}},
	volume = {3},
	doi = {10.1148/ryai.2021210097},
	journal = {Radiol.: Artif. Intell},
	author = {Eche, Thomas and others},
	year = {2021},
    pages = {e210097},
}

@inproceedings{j_deng_imagenet_2009,
	title = {{ImageNet}: {A} large-scale hierarchical image database},
	isbn = {1063-6919},
	doi = {10.1109/CVPR.2009.5206848},
	booktitle = {2009 {IEEE} CVPR},
	author = {{J. Deng} and others},
	year = {2009},
	pages = {248--255},
}