@article{Ober2024thermodynamically,
  title = {Thermodynamically informed priors for uncertainty propagation in first-principles statistical mechanics},
  author = {Ober, Derick E. and Van der Ven, Anton},
  journal = {Physical Review Materials},
  volume = {8},
  issue = {10},
  pages = {103803},
  numpages = {17},
  year = {2024},
  publisher = {American Physical Society},
}

@article{arroyave2022phase,
  title={Phase stability through machine learning},
  author={Arr{\'o}yave, Raymundo},
  journal={Journal of Phase Equilibria and Diffusion},
  volume={43},
  number={6},
  pages={606--628},
  year={2022},
  publisher={Springer}
}

@article{miracle2024autonomous,
  title={Autonomous research and development of structural materials--An introduction and vision},
  author={Miracle, DB and Thoma, DJ},
  journal={Current Opinion in Solid State and Materials Science},
  volume={33},
  pages={101188},
  year={2024},
  publisher={Elsevier}
}

@article{zheng2021smart,
  title={Smart materials enabled with artificial intelligence for healthcare wearables},
  author={Zheng, Youbin and Tang, Ning and Omar, Rawan and Hu, Zhipeng and Duong, Tuan and Wang, Jing and Wu, Weiwei and Haick, Hossam},
  journal={Advanced Functional Materials},
  volume={31},
  number={51},
  pages={2105482},
  year={2021},
  publisher={Wiley Online Library}
}

@article{lv2022machine,
  title={Machine learning: an advanced platform for materials development and state prediction in lithium-ion batteries},
  author={Lv, Chade and Zhou, Xin and Zhong, Lixiang and Yan, Chunshuang and Srinivasan, Madhavi and Seh, Zhi Wei and Liu, Chuntai and Pan, Hongge and Li, Shuzhou and Wen, Yonggang and others},
  journal={Advanced Materials},
  volume={34},
  number={25},
  pages={2101474},
  year={2022},
  publisher={Wiley Online Library}
}

@article{shafian2025development,
  title={{Development of Organic Semiconductor Materials for Organic Solar Cells via the Integration of Computational Quantum Chemistry and AI-Powered Machine Learning}},
  author={Shafian, Shafidah and Mohd Salehin, Fitri Norizatie and Lee, Sojeong and Ismail, Azlan and Mohamed Shuhidan, Shuhaida and Xie, Lin and Kim, Kyungkon},
  journal={ACS Applied Energy Materials},
  year={2025},
  publisher={ACS Publications}
}

@article{stach2021autonomous,
  title={Autonomous experimentation systems for materials development: A community perspective},
  author={Stach, Eric and DeCost, Brian and Kusne, A Gilad and Hattrick-Simpers, Jason and Brown, Keith A and Reyes, Kristofer G and Schrier, Joshua and Billinge, Simon and Buonassisi, Tonio and Foster, Ian and others},
  journal={Matter},
  volume={4},
  number={9},
  pages={2702--2726},
  year={2021},
  publisher={Elsevier}
}

@article{de2019new,
  title={New frontiers for the materials genome initiative},
  author={de Pablo, Juan J and Jackson, Nicholas E and Webb, Michael A and Chen, Long-Qing and Moore, Joel E and Morgan, Dane and Jacobs, Ryan and Pollock, Tresa and Schlom, Darrell G and Toberer, Eric S and others},
  journal={npj Computational Materials},
  volume={5},
  number={1},
  pages={41},
  year={2019},
  publisher={Nature Publishing Group UK London}
}


@article{van2002alloy,
  title={The alloy theoretic automated toolkit: A user guide},
  author={Van De Walle, Axel and Asta, M and Ceder, G},
  journal={Calphad},
  volume={26},
  number={4},
  pages={539--553},
  year={2002},
  publisher={Elsevier}
}

@article{zhu2025accelerating,
  title={Accelerating CALPHAD-based phase diagram predictions in complex alloys using universal machine learning potentials: Opportunities and challenges},
  author={Zhu, Siya and Sar{\i}t{\"u}rk, Do{\u{g}}uhan and Arr{\'o}yave, Raymundo},
  journal={Acta Materialia},
  pages={120747},
  year={2025},
  publisher={Elsevier}
}

@article{zunger1990special,
  title={Special quasirandom structures},
  author={Zunger, Alex and Wei, S-H and Ferreira, LG and Bernard, James E},
  journal={Physical Review Letters},
  volume={65},
  number={3},
  pages={353},
  year={1990},
  publisher={APS}
}

@article{deng2023chgnet,
  title={{CHGNet} as a pretrained universal neural network potential for charge-informed atomistic modelling},
  author={Deng, Bowen and Zhong, Peichen and Jun, KyuJung and Riebesell, Janosh and Han, Kevin and Bartel, Christopher J and Ceder, Gerbrand},
  journal={Nature Machine Intelligence},
  volume={5},
  number={9},
  pages={1031--1041},
  year={2023},
  publisher={Nature Publishing Group UK London}
}

@article{batatia2022mace,
  title={MACE: Higher order equivariant message passing neural networks for fast and accurate force fields},
  author={Batatia, Ilyes and Kovacs, David P and Simm, Gregor and Ortner, Christoph and Cs{\'a}nyi, G{\'a}bor},
  journal={Advances in Neural Information Processing Systems},
  volume={35},
  pages={11423--11436},
  year={2022}
}

@misc{Batatia2022Design,
  title = {The {D}esign {S}pace of {E}(3)-{E}quivariant {A}tom-{C}entered {I}nteratomic {P}otentials},
  author={Ilyes Batatia and Simon Batzner and Dávid Péter Kovács and Albert Musaelian and Gregor N. C. Simm and Ralf Drautz and Christoph Ortner and Boris Kozinsky and Gábor Csányi},
  year={2022},
  eprint={2205.06643},
  archivePrefix={arXiv},
  primaryClass={stat.ML},
}

@article{PhysRevX.14.021036,
  title = {Graph Atomic Cluster Expansion for Semilocal Interactions beyond Equivariant Message Passing},
  author = {Bochkarev, Anton and Lysogorskiy, Yury and Drautz, Ralf},
  journal = {Physical Review X},
  volume = {14},
  issue = {2},
  pages = {021036},
  numpages = {28},
  year = {2024},
  month = {Jun},
  publisher = {American Physical Society},
}

@article{park2024scalable,
  title={Scalable {P}arallel {A}lgorithm for {G}raph {N}eural {N}etwork {I}nteratomic {P}otentials in {M}olecular {D}ynamics {S}imulations},
  author={Park, Yutack and Kim, Jaesun and Hwang, Seungwoo and Han, Seungwu},
  journal={Journal of Chemical Theory and Computation},
  year={2024},
  volume={20},
  issue={11},
  pages={4857–4868},
  publisher={ACS Publications}
}

@misc{neumann2024orb,
  title={Orb: A {F}ast, {S}calable {N}eural {N}etwork {P}otential},
  author={Mark Neumann and James Gin and Benjamin Rhodes and Steven Bennett and Zhiyi Li and Hitarth Choubisa and Arthur Hussey and Jonathan Godwin},
  year={2024},
  eprint={2410.22570},
  archivePrefix={arXiv},
  primaryClass={cond-mat.mtrl-sci},
}

@article{batzner20223,
  title={E(3)-equivariant graph neural networks for data-efficient and accurate interatomic potentials},
  author={Batzner, Simon and Musaelian, Albert and Sun, Lixin and Geiger, Mario and Mailoa, Jonathan P and Kornbluth, Mordechai and Molinari, Nicola and Smidt, Tess E and Kozinsky, Boris},
  journal={{Nature Communications}},
  volume={13},
  number={1},
  pages={2453},
  year={2022},
  publisher={Nature Publishing Group UK London}
}

@article{kresse1993ab,
  title={Ab initio molecular dynamics for liquid metals},
  author={Kresse, Georg and Hafner, J{\"u}rgen},
  journal={Physical Review B},
  volume={47},
  number={1},
  pages={558},
  year={1993},
  publisher={APS}
}

@article{kresse1994ab,
  title={Ab initio molecular-dynamics simulation of the liquid-metal--amorphous-semiconductor transition in germanium},
  author={Kresse, Georg and Hafner, J{\"u}rgen},
  journal={Physical Review B},
  volume={49},
  number={20},
  pages={14251},
  year={1994},
  publisher={APS}
}

@article{kresse1996efficiency,
  title={Efficiency of ab-initio total energy calculations for metals and semiconductors using a plane-wave basis set},
  author={Kresse, Georg and Furthm{\"u}ller, J{\"u}rgen},
  journal={Computational Materials Science},
  volume={6},
  number={1},
  pages={15--50},
  year={1996},
  publisher={Elsevier}
}

@article{kresse1996efficient,
  title={Efficient iterative schemes for ab initio total-energy calculations using a plane-wave basis set},
  author={Kresse, Georg and Furthm{\"u}ller, J{\"u}rgen},
  journal={Physical Review B},
  volume={54},
  number={16},
  pages={11169},
  year={1996},
  publisher={APS}
}

@article{perdew1996generalized,
  title={Generalized gradient approximation made simple},
  author={Perdew, John P and Burke, Kieron and Ernzerhof, Matthias},
  journal={Physical Review Letters},
  volume={77},
  number={18},
  pages={3865},
  year={1996},
  publisher={APS}
}

@article{blochl1994projector,
  title={Projector augmented-wave method},
  author={Bl{\"o}chl, Peter E},
  journal={Physical Review B},
  volume={50},
  number={24},
  pages={17953},
  year={1994},
  publisher={APS}
}

@article{chen2002pandat,
  title={The PANDAT software package and its applications},
  author={Chen, S-L and Daniel, S and Zhang, FCYA and Chang, YA and Yan, X-Y and Xie, F-Y and Schmid-Fetzer, R and Oates, WA},
  journal={Calphad},
  volume={26},
  number={2},
  pages={175--188},
  year={2002},
  publisher={Elsevier}
}