
@inproceedings{gasteigerdirectional,
  title={{Directional Message Passing for Molecular Graphs}},
  author={Gasteiger, Johannes and Gro{\ss}, Janek and G{\"u}nnemann, Stephan},
  booktitle={International Conference on Learning Representations},
  year={2020}
}


@article{choudhary2021atomistic,
  title={{Atomistic line graph neural network for improved materials property predictions}},
  author={Choudhary, Kamal and DeCost, Brian},
  journal={npj Computational Materials},
  volume={7},
  number={1},
  pages={185},
  year={2021},
  publisher={Nature Publishing Group UK London}
}

@article{xie2018crystal,
  title={{Crystal graph convolutional neural networks for an accurate and interpretable prediction of material properties}},
  author={Xie, Tian and Grossman, Jeffrey C},
  journal={Physical review letters},
  volume={120},
  number={14},
  pages={145301},
  year={2018},
  publisher={APS}
}

@article{chen2022universal,
  title={{A universal graph deep learning interatomic potential for the periodic table}},
  author={Chen, Chi and Ong, Shyue Ping},
  journal={Nature Computational Science},
  volume={2},
  number={11},
  pages={718--728},
  year={2022},
  publisher={Nature Publishing Group US New York}
}

@article{barroso2024open,
  title={{Open Materials 2024 (OMat24) Inorganic Materials Dataset and Models}},
  author={Barroso-Luque, Luis and Shuaibi, Muhammed and Fu, Xiang and Wood, Brandon M and Dzamba, Misko and Gao, Meng and Rizvi, Ammar and Zitnick, C Lawrence and Ulissi, Zachary W},
  journal={arXiv preprint arXiv:2410.12771},
  year={2024}
}

@inproceedings{loshchilov2022sgdr,
  title={{SGDR: Stochastic Gradient Descent with Warm Restarts}},
  author={Loshchilov, Ilya and Hutter, Frank},
  booktitle={International Conference on Learning Representations},
  year={2022}
}

@inproceedings{quimportance,
  title={{The Importance of Being Scalable: Improving the Speed and Accuracy of Neural Network Interatomic Potentials Across Chemical Domains}},
  author={Qu, Eric and Krishnapriyan, Aditi S},
  booktitle={The Thirty-eighth Annual Conference on Neural Information Processing Systems},
  year={2024}
}

@article{batatia2023foundation,
  title={{A foundation model for atomistic materials chemistry}},
  author={Batatia, Ilyes and Benner, Philipp and Chiang, Yuan and Elena, Alin M and Kov{\'a}cs, D{\'a}vid P and Riebesell, Janosh and Advincula, Xavier R and Asta, Mark and Avaylon, Matthew and Baldwin, William J and others},
  journal={arXiv preprint arXiv:2401.00096},
  year={2023}
}

@inproceedings{
    loshchilov2018decoupled,
    title={{Decoupled Weight Decay Regularization}},
    author={Ilya Loshchilov and Frank Hutter},
    booktitle={International Conference on Learning Representations},
    year={2019},
}

@article{elfwing2018sigmoid,
  title={{Sigmoid-weighted linear units for neural network function approximation in reinforcement learning}},
  author={Elfwing, Stefan and Uchibe, Eiji and Doya, Kenji},
  journal={Neural networks},
  volume={107},
  pages={3--11},
  year={2018},
  publisher={Elsevier}
}

@inproceedings{
liao2024equiformerv,
title={{EquiformerV2: Improved Equivariant Transformer for Scaling to Higher-Degree Representations}},
author={Yi-Lun Liao and Brandon M Wood and Abhishek Das and Tess Smidt},
booktitle={The Twelfth International Conference on Learning Representations},
year={2024},
}

@inproceedings{
gasteiger2021gemnet,
title={{GemNet: Universal Directional Graph Neural Networks for Molecules}},
author={Johannes Gasteiger and Florian Becker and Stephan G{\"u}nnemann},
booktitle={Advances in Neural Information Processing Systems},
year={2021},
}

@article{riebesell2023matbench,
  title={{Matbench Discovery--An evaluation framework for machine learning crystal stability prediction}},
  author={Riebesell, Janosh and Goodall, Rhys EA and Jain, Anubhav and Benner, Philipp and Persson, Kristin A and Lee, Alpha A},
  journal={arXiv preprint arXiv:2308.14920},
  year={2023}
}
