@article{petretto2018high,
  title={High-throughput density-functional perturbation theory phonons for inorganic materials},
  author={Petretto, Guido and Dwaraknath, Shyam and PC Miranda, Henrique and Winston, Donald and Giantomassi, Matteo and Van Setten, Michiel J and Gonze, Xavier and Persson, Kristin A and Hautier, Geoffroy and Rignanese, Gian-Marco},
  journal={Scientific data},
  volume={5},
  number={1},
  pages={1--12},
  year={2018},
  publisher={Nature Publishing Group}
}

@article{phonopy-phono3py-JPCM,
  author  = {Togo, Atsushi and Chaput, Laurent and Tadano, Terumasa and Tanaka, Isao},
  title   = {Implementation strategies in phonopy and phono3py},
  journal = {J. Phys. Condens. Matter},
  volume  = {35},
  number  = {35},
  pages   = {353001},
  year    = {2023},
  doi     = {10.1088/1361-648X/acd831}
}

@article{phonopy-phono3py-JPSJ,
  author  = {Togo, Atsushi},
  title   = {First-principles Phonon Calculations with Phonopy and Phono3py},
  journal = {J. Phys. Soc. Jpn.},
  volume  = {92},
  number  = {1},
  pages   = {012001},
  year    = {2023},
  doi     = {10.7566/JPSJ.92.012001}
}

@article{de2015charting,
  title={Charting the complete elastic properties of inorganic crystalline compounds},
  author={De Jong, Maarten and Chen, Wei and Angsten, Thomas and Jain, Anubhav and Notestine, Randy and Gamst, Anthony and Sluiter, Marcel and Krishna Ande, Chaitanya and Van Der Zwaag, Sybrand and Plata, Jose J and others},
  journal={Scientific data},
  volume={2},
  number={1},
  pages={1--13},
  year={2015},
  publisher={Nature Publishing Group}
}
@software{Riebesell_Pymatviz_2022,
author = {Riebesell, Janosh and Yang, Haoyu (Daniel) and Goodall, Rhys and Baird, Sterling G.},
doi = {10.5281/zenodo.7486816},
license = {MIT},
month = oct,
title = {{Pymatviz}},
url = {https://github.com/janosh/pymatviz},
version = {0.8.2},
year = {2022}
}
@software{Liu_MatCalc_2024,
author = {Liu, Runze and Liu, Elliott and Riebesell, Janosh and Qi, Ji and Ong, Shyue Ping and Ko, Tsz Wai},
license = {BSD-3-Clause},
month = jan,
title = {{MatCalc}},
url = {https://github.com/materialsvirtuallab/matcalc},
version = {0.0.4},
year = {2024}
}

@article{jain2013commentary,
  title={Commentary: The Materials Project: A materials genome approach to accelerating materials innovation},
  author={Jain, Anubhav and Ong, Shyue Ping and Hautier, Geoffroy and Chen, Wei and Richards, William Davidson and Dacek, Stephen and Cholia, Shreyas and Gunter, Dan and Skinner, David and Ceder, Gerbrand and others},
  journal={APL materials},
  volume={1},
  number={1},
  year={2013},
  publisher={AIP Publishing}
}

@misc{barroso_omat24,
      title={Open Materials 2024 (OMat24) Inorganic Materials Dataset and Models}, 
      author={Luis Barroso-Luque and Muhammed Shuaibi and Xiang Fu and Brandon M. Wood and Misko Dzamba and Meng Gao and Ammar Rizvi and C. Lawrence Zitnick and Zachary W. Ulissi},
      year={2024},
      eprint={2410.12771},
      archivePrefix={arXiv},
      primaryClass={cond-mat.mtrl-sci},
      url={https://arxiv.org/abs/2410.12771}, 
}

@article{park_scalable_2024,
	title = {Scalable Parallel Algorithm for Graph Neural Network Interatomic Potentials in Molecular Dynamics Simulations},
	volume = {20},
	doi = {10.1021/acs.jctc.4c00190},
	number = {11},
	journal = {J. Chem. Theory Comput.},
	author = {Park, Yutack and Kim, Jaesun and Hwang, Seungwoo and Han, Seungwu},
	year = {2024},
	pages = {4857--4868},
}

@article{deng_2023_chgnet,
    title={CHGNet as a pretrained universal neural network potential for charge-informed atomistic modelling},
    DOI={10.1038/s42256-023-00716-3},
    journal={Nature Machine Intelligence},
    author={Deng, Bowen and Zhong, Peichen and Jun, KyuJung and Riebesell, Janosh and Han, Kevin and Bartel, Christopher J. and Ceder, Gerbrand},
    year={2023},
    pages={1â€“11}
}

@article{hill1952elastic,
  title={The elastic behaviour of a crystalline aggregate},
  author={Hill, Richard},
  journal={Proceedings of the Physical Society. Section A},
  volume={65},
  number={5},
  pages={349},
  year={1952},
  publisher={IOP Publishing}
}


@software{Riebesell_ffonons,
author = {Riebesell, Janosh and Naik, Aakaash A},
title = {{ffonons}},
url = {https://github.com/janosh/ffonons},
year = {2024}
}


@article{langreth1983beyond,
  title = {Beyond the local-density approximation in calculations of ground-state electronic properties},
  author = {Langreth, David C. and Mehl, M. J.},
  journal = {Phys. Rev. B},
  volume = {28},
  issue = {4},
  pages = {1809--1834},
  numpages = {0},
  year = {1983},
  month = {Aug},
  publisher = {American Physical Society},
  doi = {10.1103/PhysRevB.28.1809},
  url = {https://link.aps.org/doi/10.1103/PhysRevB.28.1809}
}

@article{hinuma2017band,
title = {Band structure diagram paths based on crystallography},
journal = {Computational Materials Science},
volume = {128},
pages = {140-184},
year = {2017},
issn = {0927-0256},
doi = {https://doi.org/10.1016/j.commatsci.2016.10.015},
url = {https://www.sciencedirect.com/science/article/pii/S0927025616305110},
author = {Yoyo Hinuma and Giovanni Pizzi and Yu Kumagai and Fumiyasu Oba and Isao Tanaka},
}
























@article{togo2024spglib,
author = {Atsushi Togo, Kohei Shinohara and Isao Tanaka},
title = {Spglib: a software library for crystal symmetry search},
journal = {Science and Technology of Advanced Materials: Methods},
volume = {4},
number = {1},
pages = {2384822},
year = {2024},
publisher = {Taylor \& Francis},
doi = {10.1080/27660400.2024.2384822},
URL = {https://doi.org/10.1080/27660400.2024.2384822},
}


