@inproceedings{boulanger2013audio,
  title={Audio Chord Recognition with Recurrent Neural Networks.},
  author={Boulanger-Lewandowski, Nicolas and Bengio, Yoshua and Vincent, Pascal},
  booktitle={ISMIR},
  pages={335--340},
  year={2013},
  organization={Curitiba}
}

@inproceedings{deng2016hybrid,
  title={A Hybrid Gaussian-HMM-Deep Learning Approach for Automatic Chord Estimation with Very Large Vocabulary.},
  author={Deng, Jun-qi and Kwok, Yu-Kwong},
  booktitle={ISMIR},
  pages={812--818},
  year={2016}
}

@inproceedings{deng2017large,
  title={Large Vocabulary Automatic Chord Estimation with an Even Chance Training Scheme.},
  author={Deng, Jun-qi and Kwok, Yu-Kwong},
  booktitle={ISMIR},
  pages={531--536},
  year={2017}
}

@article{gulati2020conformer,
  title={Conformer: Convolution-augmented transformer for speech recognition},
  author={Gulati, Anmol and Qin, James and Chiu, Chung-Cheng and Parmar, Niki and Zhang, Yu and Yu, Jiahui and Han, Wei and Wang, Shibo and Zhang, Zhengdong and Wu, Yonghui and others},
  journal={arXiv preprint arXiv:2005.08100},
  year={2020}
}

@inproceedings{humphrey2012learning,
  title={Learning a robust tonnetz-space transform for automatic chord recognition},
  author={Humphrey, Eric J and Cho, Taemin and Bello, Juan P},
  booktitle={2012 IEEE International Conference on Acoustics, Speech and Signal Processing (ICASSP)},
  pages={453--456},
  year={2012},
  organization={IEEE}
}

@inproceedings{humphrey2012rethinking,
  title={Rethinking automatic chord recognition with convolutional neural networks},
  author={Humphrey, Eric J and Bello, Juan P},
  booktitle={2012 11th International Conference on Machine Learning and Applications},
  volume={2},
  pages={357--362},
  year={2012},
  organization={IEEE}
}

@inproceedings{humphrey2015four,
  title={Four Timely Insights on Automatic Chord Estimation.},
  author={Humphrey, Eric J and Bello, Juan Pablo},
  booktitle={ISMIR},
  volume={10},
  pages={673--679},
  year={2015}
}

@inproceedings{jiang2019large,
  title={Large-Vocabulary Chord Transcription via Chord Structure Decomposition.},
  author={Jiang, Junyan and Chen, Ke and Li, Wei and Xia, Gus},
  booktitle={ISMIR},
  pages={644--651},
  year={2019}
}

@inproceedings{khadkevich2009use,
  title={Use of Hidden Markov Models and Factored Language Models for Automatic Chord Recognition.},
  author={Khadkevich, Maksim and Omologo, Maurizio},
  booktitle={ISMIR},
  pages={561--566},
  year={2009}
}

@article{khadkevich2013reassigned,
  title={Reassigned spectrum-based feature extraction for GMM-based automatic chord recognition},
  author={Khadkevich, Maksim and Omologo, Maurizio},
  journal={EURASIP Journal on Audio, Speech, and Music Processing},
  volume={2013},
  pages={1--12},
  year={2013},
  publisher={Springer}
}

@article{korzeniowski2016feature,
  title={Feature learning for chord recognition: The deep chroma extractor},
  author={Korzeniowski, Filip and Widmer, Gerhard},
  journal={arXiv preprint arXiv:1612.05065},
  year={2016}
}

@inproceedings{korzeniowski2016fully,
  title={A fully convolutional deep auditory model for musical chord recognition},
  author={Korzeniowski, Filip and Widmer, Gerhard},
  booktitle={2016 IEEE 26th International Workshop on Machine Learning for Signal Processing (MLSP)},
  pages={1--6},
  year={2016},
  organization={IEEE}
}

@phdthesis{lanz2021automatic,
  title={Automatic Chord Recognition in Audio Recording},
  author={Lanz, Vojt{\v{e}}ch},
  year={2021},
  school={Univerzita Karlova, Matematicko-fyzik{\'a}ln{\'\i} fakulta}
}

@article{li2024large,
  title={Large-Vocabulary Chord Recognition Based on Contrastive Learning and Noisy Student (2023)},
  author={Li, Chen and Jiang, Jingyi and Li, Yu and Tian, Lihua},
  journal={IEEE Transactions on Consumer Electronics},
  year={2024},
  publisher={IEEE}
}

@inproceedings{mauch2010approximate,
  title={Approximate Note Transcription for the Improved Identification of Difficult Chords.},
  author={Mauch, Matthias and Dixon, Simon},
  booktitle={ISMIR},
  pages={135--140},
  year={2010}
}

@inproceedings{mcfee2017structured,
  title={Structured Training for Large-Vocabulary Chord Recognition.},
  author={McFee, Brian and Bello, Juan Pablo},
  booktitle={ISMIR},
  pages={188--194},
  year={2017}
}

@article{mcvicar2014automatic,
  title={Automatic chord estimation from audio: A review of the state of the art},
  author={McVicar, Matt and Santos-Rodr{\'\i}guez, Ra{\'u}l and Ni, Yizhao and De Bie, Tijl},
  journal={IEEE/ACM Transactions on Audio, Speech, and Language Processing},
  volume={22},
  number={2},
  pages={556--575},
  year={2014},
  publisher={IEEE}
}

@article{ni2012end,
  title={An end-to-end machine learning system for harmonic analysis of music},
  author={Ni, Yizhao and McVicar, Matt and Santos-Rodriguez, Raul and De Bie, Tijl},
  journal={IEEE Transactions on Audio, Speech, and Language Processing},
  volume={20},
  number={6},
  pages={1771--1783},
  year={2012},
  publisher={IEEE}
}

@article{park2019bi,
  title={A bi-directional transformer for musical chord recognition},
  author={Park, Jonggwon and Choi, Kyoyun and Jeon, Sungwook and Kim, Dokyun and Park, Jonghun},
  journal={arXiv preprint arXiv:1907.02698},
  year={2019}
}

@inproceedings{pauwels2019acr,
  title={20 Years of Automatic Chord Recognition from Audio},
  author={Johan Pauwels and Ken O’Hanlon and Emilia Gómez and Mark B. Sandler},
  booktitle={Proceedings of the 20th International Society for Music Information Retrieval Conference (ISMIR)},
  pages={54--63},
  year={2019},
  organization={International Society for Music Information Retrieval},
  address={Delft, Netherlands},
  month={November 4--8},
  doi={10.5281/zenodo.3527874},
  url={https://zenodo.org/record/3527874},
}

@inproceedings{rowe2021curriculum,
  title={Curriculum Learning for Imbalanced Classification in Large Vocabulary Automatic Chord Recognition.},
  author={Rowe, Luke O and Tzanetakis, George},
  booktitle={ISMIR},
  pages={586--593},
  year={2021}
}

@inproceedings{sheh2003chord,
  title={Chord segmentation and recognition using EM-trained hidden Markov models},
  author={Sheh, Alexander and Ellis, Daniel PW},
  booktitle={International Symposium on Music Information Retrieval},
  year={2003}
}

@inproceedings{sigtia2015audio,
  title={Audio Chord Recognition with a Hybrid Recurrent Neural Network.},
  author={Sigtia, Siddharth and Boulanger-Lewandowski, Nicolas and Dixon, Simon},
  booktitle={ISMIR},
  pages={127--133},
  year={2015}
}

@inproceedings{takuya1999realtime,
  title={Realtime chord recognition of musical sound: Asystem using common lisp music},
  author={Takuya, Fujishima},
  booktitle={Proceedings of the International Computer Music Conference 1999, Beijing},
  year={1999}
}

@inproceedings{ueda2010hmm,
  title={HMM-based approach for automatic chord detection using refined acoustic features},
  author={Ueda, Yushi and Uchiyama, Yuki and Nishimoto, Takuya and Ono, Nobutaka and Sagayama, Shigeki},
  booktitle={2010 IEEE International Conference on Acoustics, Speech and Signal Processing},
  pages={5518--5521},
  year={2010},
  organization={IEEE}
}

@article{vaswani2017attention,
  title={Attention is all you need},
  author={Vaswani, A},
  journal={Advances in Neural Information Processing Systems},
  year={2017}
}

@article{wu2018automatic,
  title={Automatic audio chord recognition with MIDI-trained deep feature and BLSTM-CRF sequence decoding model},
  author={Wu, Yiming and Li, Wei},
  journal={IEEE/ACM Transactions on Audio, Speech, and Language Processing},
  volume={27},
  number={2},
  pages={355--366},
  year={2018},
  publisher={IEEE}
}

@article{wu2020semi,
  title={Semi-supervised neural chord estimation based on a variational autoencoder with latent chord labels and features},
  author={Wu, Yiming and Carsault, Tristan and Nakamura, Eita and Yoshii, Kazuyoshi},
  journal={IEEE/ACM Transactions on Audio, Speech, and Language Processing},
  volume={28},
  pages={2956--2966},
  year={2020},
  publisher={IEEE}
}

@inproceedings{zhou2015chord,
  title={Chord detection using deep learning},
  author={Zhou, Xinquan and Lerch, Alexander},
  booktitle={Proceedings of the 16th ISMIR Conference},
  volume={53},
  pages={152},
  year={2015}
}

