@IEEEtranBSTCTL{IEEEexample:BSTcontrol,
    CTLuse_article_number = "yes",
    CTLuse_paper = "yes",
    CTLuse_forced_etal = "no",
    CTLmax_names_forced_etal = "50",
    CTLnames_show_etal = "50",
    CTLuse_alt_spacing = "yes",
    CTLalt_stretch_factor = "4",
    CTLdash_repeated_names = "yes",
    CTLname_format_string = "{f.~}{vv~}{ll}{, jj}",
    CTLname_latex_cmd = "",
    CTLname_url_prefix = "[Online]. Available:"
 }
@article{khadkevich2013reassigned,
  title={Reassigned spectrum-based feature extraction for GMM-based automatic chord recognition},
  author={Khadkevich, Maksim and Omologo, Maurizio},
  journal={EURASIP Journal on Audio, Speech, and Music Processing},
  volume={2013},
  pages={1--12},
  year={2013},
  publisher={Springer}
}
@inproceedings{raffel2014mir_eval,
  title={MIR\_EVAL: A Transparent Implementation of Common MIR Metrics.},
  author={Raffel, Colin and McFee, Brian and Humphrey, Eric J and Salamon, Justin and Nieto, Oriol and Liang, Dawen and Ellis, Daniel PW and Raffel, C Colin},
  booktitle={ISMIR},
  volume={10},
  pages={2014},
  year={2014}
}
@inproceedings{humphrey2012learning,
  title={Learning a robust tonnetz-space transform for automatic chord recognition},
  author={Humphrey, Eric J and Cho, Taemin and Bello, Juan P},
  booktitle={2012 IEEE International Conference on Acoustics, Speech and Signal Processing (ICASSP)},
  pages={453--456},
  year={2012},
  organization={IEEE}
}
@article{li2024large,
  title={Large-Vocabulary Chord Recognition Based on Contrastive Learning and Noisy Student (2023)},
  author={Li, Chen and Jiang, Jingyi and Li, Yu and Tian, Lihua},
  journal={IEEE Transactions on Consumer Electronics},
  year={2024},
  publisher={IEEE}
}
@article{carsault2019using,
  title={Using musical relationships between chord labels in automatic chord extraction tasks},
  author={Carsault, Tristan and Nika, J{\'e}r{\^o}me and Esling, Philippe},
  journal={arXiv preprint arXiv:1911.04973},
  year={2019}
}
%=======================================
%traditional methods 
@article{euler1926tentamen,
  title={Tentamen novae theoriae musicae ex certissimis harmoniae principiis},
  author={Euler, Leonhard},
  journal={Petersburg: Typographia Acad. Scientiarum},
  volume={1739},
  year={1926}
}
@article{gulati2020conformer,
  title={Conformer: Convolution-augmented transformer for speech recognition},
  author={Gulati, Anmol and Qin, James and Chiu, Chung-Cheng and Parmar, Niki and Zhang, Yu and Yu, Jiahui and Han, Wei and Wang, Shibo and Zhang, Zhengdong and Wu, Yonghui and others},
  journal={arXiv preprint arXiv:2005.08100},
  year={2020}
}
@article{wang2019learning,
  title={Learning deep transformer models for machine translation},
  author={Wang, Qiang and Li, Bei and Xiao, Tong and Zhu, Jingbo and Li, Changliang and Wong, Derek F and Chao, Lidia S},
  journal={arXiv preprint arXiv:1906.01787},
  year={2019}
}
@article{dai2019transformer,
  title={Transformer-xl: Attentive language models beyond a fixed-length context},
  author={Dai, Zihang},
  journal={arXiv preprint arXiv:1901.02860},
  year={2019}
}
@phdthesis{cho2014improved,
  title={Improved techniques for automatic chord recognition from music audio signals},
  author={Cho, Taemin},
  year={2014},
  school={New York University}
}
@inproceedings{cho2011feature,
  title={A feature smoothing method for chord recognition using recurrence plots},
  author={Cho, Taemin and Bello, Juan P},
  booktitle={12th International Society for Music Information Retrieval Conference, ISMIR 2011},
  pages={651--656},
  year={2011}
}
@inproceedings{sheh2003chord,
  title={Chord segmentation and recognition using EM-trained hidden Markov models},
  author={Sheh, Alexander and Ellis, Daniel PW},
  booktitle={International Symposium on Music Information Retrieval},
  year={2003}
}
%=======================================================
long tail litrature review

@phdthesis{lanz2021automatic,
  title={Automatic Chord Recognition in Audio Recording},
  author={Lanz, Vojt{\v{e}}ch},
  year={2021},
  school={Univerzita Karlova, Matematicko-fyzik{\'a}ln{\'\i} fakulta}
}
@inproceedings{mauch2010approximate,
  title={Approximate Note Transcription for the Improved Identification of Difficult Chords.},
  author={Mauch, Matthias and Dixon, Simon},
  booktitle={ISMIR},
  pages={135--140},
  year={2010}
}

@article{wu2020semi,
  title={Semi-supervised neural chord estimation based on a variational autoencoder with latent chord labels and features},
  author={Wu, Yiming and Carsault, Tristan and Nakamura, Eita and Yoshii, Kazuyoshi},
  journal={IEEE/ACM Transactions on Audio, Speech, and Language Processing},
  volume={28},
  pages={2956--2966},
  year={2020},
  publisher={IEEE}
}
@article{ni2012end,
  title={An end-to-end machine learning system for harmonic analysis of music},
  author={Ni, Yizhao and McVicar, Matt and Santos-Rodriguez, Raul and De Bie, Tijl},
  journal={IEEE Transactions on Audio, Speech, and Language Processing},
  volume={20},
  number={6},
  pages={1771--1783},
  year={2012},
  publisher={IEEE}
}
@inproceedings{degani2015harmonic,
  title={Harmonic change detection for musical chords segmentation},
  author={Degani, Alessio and Dalai, Marco and Leonardi, Riccardo and Migliorati, Pierangelo},
  booktitle={2015 IEEE International Conference on Multimedia and Expo (ICME)},
  pages={1--6},
  year={2015},
  organization={IEEE}
}




%=======================================================

%long tail 
@inproceedings{ueda2010hmm,
  title={HMM-based approach for automatic chord detection using refined acoustic features},
  author={Ueda, Yushi and Uchiyama, Yuki and Nishimoto, Takuya and Ono, Nobutaka and Sagayama, Shigeki},
  booktitle={2010 IEEE International Conference on Acoustics, Speech and Signal Processing},
  pages={5518--5521},
  year={2010},
  organization={IEEE}
}
@article{park2019bi,
  title={A bi-directional transformer for musical chord recognition},
  author={Park, Jonggwon and Choi, Kyoyun and Jeon, Sungwook and Kim, Dokyun and Park, Jonghun},
  journal={arXiv preprint arXiv:1907.02698},
  year={2019}
}
@inproceedings{rowe2021curriculum,
  title={Curriculum Learning for Imbalanced Classification in Large Vocabulary Automatic Chord Recognition.},
  author={Rowe, Luke O and Tzanetakis, George},
  booktitle={ISMIR},
  pages={586--593},
  year={2021}
}




%=======================================
@article{he2009learning,
  title={Learning from imbalanced data},
  author={He, Haibo and Garcia, Edwardo A},
  journal={IEEE Transactions on knowledge and data engineering},
  volume={21},
  number={9},
  pages={1263--1284},
  year={2009},
  publisher={Ieee}
}


@inproceedings{sigtia2015audio,
  title={Audio Chord Recognition with a Hybrid Recurrent Neural Network.},
  author={Sigtia, Siddharth and Boulanger-Lewandowski, Nicolas and Dixon, Simon},
  booktitle={ISMIR},
  pages={127--133},
  year={2015}
}

@inproceedings{zhou2015chord,
  title={Chord detection using deep learning},
  author={Zhou, Xinquan and Lerch, Alexander},
  booktitle={Proceedings of the 16th ISMIR Conference},
  volume={53},
  pages={152},
  year={2015}
}


@article{korzeniowski2016feature,
  title={Feature learning for chord recognition: The deep chroma extractor},
  author={Korzeniowski, Filip and Widmer, Gerhard},
  journal={arXiv preprint arXiv:1612.05065},
  year={2016}
}

@inproceedings{pauwels2013evaluating,
  title={Evaluating automatically estimated chord sequences},
  author={Pauwels, Johan and Peeters, Geoffroy},
  booktitle={2013 IEEE International Conference on Acoustics, Speech and Signal Processing},
  pages={749--753},
  year={2013},
  organization={IEEE}
}

@inproceedings{humphrey2012rethinking,
  title={Rethinking automatic chord recognition with convolutional neural networks},
  author={Humphrey, Eric J and Bello, Juan P},
  booktitle={2012 11th International Conference on Machine Learning and Applications},
  volume={2},
  pages={357--362},
  year={2012},
  organization={IEEE}
}

@inproceedings{korzeniowski2016fully,
  title={A fully convolutional deep auditory model for musical chord recognition},
  author={Korzeniowski, Filip and Widmer, Gerhard},
  booktitle={2016 IEEE 26th International Workshop on Machine Learning for Signal Processing (MLSP)},
  pages={1--6},
  year={2016},
  organization={IEEE}
}
@article{civit2022systematic,
  title={A systematic review of artificial intelligence-based music generation: Scope, applications, and future trends},
  author={Civit, Miguel and Civit-Masot, Javier and Cuadrado, Francisco and Escalona, Maria J},
  journal={Expert Systems with Applications},
  volume={209},
  pages={118190},
  year={2022},
  publisher={Elsevier}
}
@inproceedings{karita2019comparative,
  title={A comparative study on transformer vs rnn in speech applications},
  author={Karita, Shigeki and Chen, Nanxin and Hayashi, Tomoki and Hori, Takaaki and Inaguma, Hirofumi and Jiang, Ziyan and Someki, Masao and Soplin, Nelson Enrique Yalta and Yamamoto, Ryuichi and Wang, Xiaofei and others},
  booktitle={2019 IEEE automatic speech recognition and understanding workshop (ASRU)},
  pages={449--456},
  year={2019},
  organization={IEEE}
}

@inproceedings{zhang2020transformer,
  title={Transformer transducer: A streamable speech recognition model with transformer encoders and rnn-t loss},
  author={Zhang, Qian and Lu, Han and Sak, Hasim and Tripathi, Anshuman and McDermott, Erik and Koo, Stephen and Kumar, Shankar},
  booktitle={ICASSP 2020-2020 IEEE International Conference on Acoustics, Speech and Signal Processing (ICASSP)},
  pages={7829--7833},
  year={2020},
  organization={IEEE}
}

@inproceedings{mcfee2017structured,
  title={Structured Training for Large-Vocabulary Chord Recognition.},
  author={McFee, Brian and Bello, Juan Pablo},
  booktitle={ISMIR},
  pages={188--194},
  year={2017}
}
@inproceedings{humphrey2015four,
  title={Four Timely Insights on Automatic Chord Estimation.},
  author={Humphrey, Eric J and Bello, Juan Pablo},
  booktitle={ISMIR},
  volume={10},
  pages={673--679},
  year={2015}
}

@article{wu2018automatic,
  title={Automatic audio chord recognition with MIDI-trained deep feature and BLSTM-CRF sequence decoding model},
  author={Wu, Yiming and Li, Wei},
  journal={IEEE/ACM Transactions on Audio, Speech, and Language Processing},
  volume={27},
  number={2},
  pages={355--366},
  year={2018},
  publisher={IEEE}
}

@article{mcvicar2014automatic,
  title={Automatic chord estimation from audio: A review of the state of the art},
  author={McVicar, Matt and Santos-Rodr{\'\i}guez, Ra{\'u}l and Ni, Yizhao and De Bie, Tijl},
  journal={IEEE/ACM Transactions on Audio, Speech, and Language Processing},
  volume={22},
  number={2},
  pages={556--575},
  year={2014},
  publisher={IEEE}
}
@inproceedings{takuya1999realtime,
  title={Realtime chord recognition of musical sound: Asystem using common lisp music},
  author={Takuya, Fujishima},
  booktitle={Proceedings of the International Computer Music Conference 1999, Beijing},
  year={1999}
}


@inproceedings{boulanger2013audio,
  title={Audio Chord Recognition with Recurrent Neural Networks.},
  author={Boulanger-Lewandowski, Nicolas and Bengio, Yoshua and Vincent, Pascal},
  booktitle={ISMIR},
  pages={335--340},
  year={2013},
  organization={Curitiba}
}

@inproceedings{deng2016hybrid,
  title={A Hybrid Gaussian-HMM-Deep Learning Approach for Automatic Chord Estimation with Very Large Vocabulary.},
  author={Deng, Jun-qi and Kwok, Yu-Kwong},
  booktitle={ISMIR},
  pages={812--818},
  year={2016}
}
@article{duran2020transcribing,
  title={Transcribing lead sheet-like chord progressions of jazz recordings},
  author={Dur{\'a}n, Gabriel and de la Cuadra, Patricio},
  journal={Computer Music Journal},
  volume={44},
  number={4},
  pages={26--42},
  year={2020},
  publisher={MIT Press One Rogers Street, Cambridge, MA 02142-1209, USA journals-info~…}
}
@article{de2022measuring,
  title={Measuring the structural complexity of music: from structural segmentations to the automatic evaluation of models for music generation},
  author={de Berardinis, Jacopo and Cangelosi, Angelo and Coutinho, Eduardo},
  journal={IEEE/ACM transactions on audio, speech, and language processing},
  volume={30},
  pages={1963--1976},
  year={2022},
  publisher={IEEE}
}
@inproceedings{pauwels2019acr,
  title={20 Years of Automatic Chord Recognition from Audio},
  author={Johan Pauwels and Ken O’Hanlon and Emilia Gómez and Mark B. Sandler},
  booktitle={Proceedings of the 20th International Society for Music Information Retrieval Conference (ISMIR)},
  pages={54--63},
  year={2019},
  organization={International Society for Music Information Retrieval},
  address={Delft, Netherlands},
  month={November 4--8},
  doi={10.5281/zenodo.3527874},
  url={https://zenodo.org/record/3527874},
}
@inproceedings{jiang2019large,
  title={Large-Vocabulary Chord Transcription via Chord Structure Decomposition.},
  author={Jiang, Junyan and Chen, Ke and Li, Wei and Xia, Gus},
  booktitle={ISMIR},
  pages={644--651},
  year={2019}
}
@article{de2023choco,
  title={Choco: a chord corpus and a data transformation workflow for musical harmony knowledge graphs},
  author={de Berardinis, Jacopo and Mero{\~n}o-Pe{\~n}uela, Albert and Poltronieri, Andrea and Presutti, Valentina},
  journal={Scientific Data},
  volume={10},
  number={1},
  pages={641},
  year={2023},
  publisher={Nature Publishing Group UK London}
}
@inproceedings{khadkevich2009use,
  title={Use of Hidden Markov Models and Factored Language Models for Automatic Chord Recognition.},
  author={Khadkevich, Maksim and Omologo, Maurizio},
  booktitle={ISMIR},
  pages={561--566},
  year={2009}
}


@article{weiss2020local,
  title={Local key estimation in music recordings: A case study across songs, versions, and annotators},
  author={Wei{\ss}, Christof and Schreiber, Hendrik and M{\"u}ller, Meinard},
  journal={IEEE/ACM Transactions on Audio, Speech, and Language Processing},
  volume={28},
  pages={2919--2932},
  year={2020},
  publisher={IEEE}
}
@inproceedings{du2023bytecover3,
  title={Bytecover3: Accurate cover song identification on short queries},
  author={Du, Xingjian and Wang, Zijie and Liang, Xia and Liang, Huidong and Zhu, Bilei and Ma, Zejun},
  booktitle={ICASSP 2023-2023 IEEE International Conference on Acoustics, Speech and Signal Processing (ICASSP)},
  pages={1--5},
  year={2023},
  organization={IEEE}
}


# -----------------
@inproceedings{deng2017large,
  title={Large Vocabulary Automatic Chord Estimation with an Even Chance Training Scheme.},
  author={Deng, Jun-qi and Kwok, Yu-Kwong},
  booktitle={ISMIR},
  pages={531--536},
  year={2017}
}
@article{lu2019understanding,
  title={Understanding and improving transformer from a multi-particle dynamic system point of view},
  author={Lu, Yiping and Li, Zhuohan and He, Di and Sun, Zhiqing and Dong, Bin and Qin, Tao and Wang, Liwei and Liu, Tie-Yan},
  journal={arXiv preprint arXiv:1906.02762},
  year={2019}
}
@inproceedings{dong2018speech,
  title={Speech-transformer: a no-recurrence sequence-to-sequence model for speech recognition},
  author={Dong, Linhao and Xu, Shuang and Xu, Bo},
  booktitle={2018 IEEE international conference on acoustics, speech and signal processing (ICASSP)},
  pages={5884--5888},
  year={2018},
  organization={IEEE}
}
@article{ramachandran2017searching,
  title={Searching for activation functions},
  author={Ramachandran, Prajit and Zoph, Barret and Le, Quoc V},
  journal={arXiv preprint arXiv:1710.05941},
  year={2017}
}

@article{islam2024comprehensive,
  title={A comprehensive survey on applications of transformers for deep learning tasks},
  author={Islam, Saidul and Elmekki, Hanae and Elsebai, Ahmed and Bentahar, Jamal and Drawel, Nagat and Rjoub, Gaith and Pedrycz, Witold},
  journal={Expert Systems with Applications},
  volume={241},
  pages={122666},
  year={2024},
  publisher={Elsevier}
}
@article{vaswani2017attention,
  title={Attention is all you need},
  author={Vaswani, A},
  journal={Advances in Neural Information Processing Systems},
  year={2017}
}
@inproceedings{dauphin2017language,
  title={Language modeling with gated convolutional networks},
  author={Dauphin, Yann N and Fan, Angela and Auli, Michael and Grangier, David},
  booktitle={International conference on machine learning},
  pages={933--941},
  year={2017},
  organization={PMLR}
}
@article{wu2020lite,
  title={Lite transformer with long-short range attention},
  author={Wu, Zhanghao and Liu, Zhijian and Lin, Ji and Lin, Yujun and Han, Song},
  journal={arXiv preprint arXiv:2004.11886},
  year={2020}
}
@article{nguyen2019transformers,
  title={Transformers without tears: Improving the normalization of self-attention},
  author={Nguyen, Toan Q and Salazar, Julian},
  journal={arXiv preprint arXiv:1910.05895},
  year={2019}
}
@inproceedings{kenton2019bert,
  title={Bert: Pre-training of deep bidirectional transformers for language understanding},
  author={Kenton, Jacob Devlin Ming-Wei Chang and Toutanova, Lee Kristina},
  booktitle={Proceedings of naacL-HLT},
  volume={1},
  pages={2},
  year={2019},
  organization={Minneapolis, Minnesota}
}
@article{yang2019xlnet,
  title={XLNet: Generalized Autoregressive Pretraining for Language Understanding},
  author={Yang, Zhilin},
  journal={arXiv preprint arXiv:1906.08237},
  year={2019}
}

@article{chen2019harmony,
  title={Harmony Transformer: Incorporating chord segmentation into harmony recognition},
  author={Chen, Tsung-Ping and Su, Li and others},
  journal={Neural Netw},
  volume={12},
  pages={15},
  year={2019}
}

@article{chen2021attend,
  title={Attend to Chords: Improving Harmonic Analysis of Symbolic Music Using Transformer-Based Models.},
  author={Chen, Tsung-Ping and Su, Li},
  journal={Trans. Int. Soc. Music. Inf. Retr.},
  volume={4},
  number={1},
  pages={1--13},
  year={2021}
}

@article{Brown91,
  title={Calculation of a constant {Q} spectral transform},
  author={Brown, Judith C.},
  journal={The Journal of the Acoustical Society of America},
  volume={89},
  number={1},
  pages={425–-434},
  year={1991}
}