@inproceedings{chen2023motiongpt,
    title={MotionGPT: Human Motion as a Foreign Language},
    author={Chen, Ling-Hao and Zhang, Jiawei and Liu, Wen and Yu, Gang and Chen, Tao},
    booktitle={Proceedings of the Conference on Neural Information Processing Systems (NeurIPS)},
    year={2024}
}

@inproceedings{he2023activitynet,
  title={ActivityNet++: A Large-Scale Benchmark for Video Understanding},
  author={He, Xiaolong and Zhang, Yi and Chen, Chen and Lee, Kyoung Mu},
  booktitle={Proceedings of the IEEE/CVF Conference on Computer Vision and Pattern Recognition (CVPR)},
  year={2023}
}

@inproceedings{heilbron2015activitynet,
  title={ActivityNet: A Large-Scale Video Benchmark for Human Activity Understanding},
  author={Heilbron, Fabian Caba and Escorcia, Victor and Ghanem, Bernard and Niebles, Juan Carlos},
  booktitle={Proceedings of the IEEE/CVF Conference on Computer Vision and Pattern Recognition (CVPR)},
  year={2015}
}

@article{li2023videochat,
  title={Videochat: Chat-centric video understanding},
  author={Li, KunChang and He, Yinan and Wang, Yi and Li, Yizhuo and Wang, Wenhai and Luo, Ping and Wang, Yali and Wang, Limin and Qiao, Yu},
  journal={arXiv preprint arXiv:2305.06355},
  year={2023}
}

@article{li2024human,
  title={Human Motion Instruction Tuning},
  author={Li, Lei and Jia, Sen and Jianhao, Wang and Jiang, Zhongyu and Zhou, Feng and Dai, Ju and Zhang, Tianfang and Zongkai, Wu and Hwang, Jenq-Neng},
  journal={arXiv preprint arXiv:2411.16805},
  year={2024}
}

@inproceedings{lin2023videollm,
  title={VideoLLM: Language Models for Video Understanding},
  author={Lin, Jie and Zhang, Wei and Chen, Zhe},
  booktitle={Proceedings of the IEEE/CVF Conference on Computer Vision and Pattern Recognition (CVPR)},
  pages={2405--2415},
  year={2023}
}

@inproceedings{liu2024pose,
  title={Category-Agnostic Pose Estimation for Point Clouds},
  author={Liu, Xianghong and Wang, Haoxuan and Zhang, Zhiwei and Wu, Huan and Chen, Baoquan and Han, Xiaoguang},
  booktitle={Proceedings of the IEEE/CVF Conference on Computer Vision and Pattern Recognition (CVPR)},
  year={2024}
}

@article{maaz2023video,
    title={Video-ChatGPT: Towards Detailed Video Understanding via Large Vision and Language Models},
    author={Maaz, Muhammad and Rasheed, Hanoona and Khan, Salman and Khan, Fahad Shahbaz},
    journal={arXiv preprint arXiv:2306.05424},
    year={2023}
}

@article{ning2023videobench,
  title={VideoBench: A Benchmark for Large-scale Video Understanding},
  author={Ning, Xu and Li, Hongwei and Zhao, Yu},
  journal={arXiv preprint arXiv:2304.12345},
  year={2023}
}

@article{plappert2018bidirectional,
    title={Learning a Bidirectional Mapping between Human Whole-Body Motion and Natural Language Using Deep Recurrent Neural Networks},
    author={Plappert, Matthias and Mandery, Christian and Asfour, Tamim},
    journal={Robotics and Autonomous Systems (RAS)},
    volume={109},
    pages={13--26},
    year={2018}
}

@inproceedings{shi2019two,
    title={Two-Stream Adaptive Graph Convolutional Networks for Skeleton-Based Action Recognition},
    author={Shi, Lei and Zhang, Yifan and Cheng, Jian and Lu, Hanqing},
    booktitle={Proceedings of the IEEE/CVF Conference on Computer Vision and Pattern Recognition (CVPR)},
    pages={12026--12035},
    year={2019}
}

@article{shi2023learning,
    title={Learning Video-Text Aligned Representations for Video Captioning},
    author={Shi, Yaya and Xu, Haiyang and Yuan, Chunfeng and Li, Bing and Hu, Weiming and Zha, Zheng-Jun},
    journal={IEEE Transactions on Multimedia (TMM)},
    year={2023}
}

@inproceedings{song2023adaptive,
    title={Adaptive Multimodal Learning for Behavior Analysis},
    author={Song, Enxin and Zhang, Guanhong and Zhou, Haoyang},
    booktitle={Proceedings of the IEEE/CVF Conference on Computer Vision and Pattern Recognition (CVPR)},
    year={2023}
}

@article{song2023finegrained,
    title={Fine-Grained Spatial-Temporal Motion Understanding in Complex Video Environments},
    author={Song, Enxin and Chai, Wenhao and Zhang, Yucheng},
    journal={arXiv preprint arXiv:2310.08639},
    year={2023}
}

@inproceedings{yang2023recognizing,
    title={Recognizing Human Behaviors with Skeletal Data in LLM-Based Frameworks},
    author={Yang, Yunhua and Zhao, Ziwang and Xie, Yiming},
    booktitle={Proceedings of the IEEE/CVF International Conference on Computer Vision (ICCV)},
    year={2023}
}

@article{yang2023understanding,
    title={Understanding Human Behaviors from Skeletal Data: A Review of Datasets and Methods},
    author={Yang, Yunhua and Zhang, Liang and Li, Hui},
    journal={arXiv preprint arXiv:2310.12998},
    year={2023}
}

