@article{montenegro2024anonymizing,
  title={Anonymizing medical case-based explanations through disentanglement},
  author={Montenegro, Helena and Cardoso, Jaime S},
  journal={Medical Image Analysis},
  pages={103209},
  year={2024},
  publisher={Elsevier}
}

@inproceedings{montenegro2024aim,
  title={A Disentangled Approach to Predict the Aesthetic Outcomes of Breast Cancer Treatment},
  author={Montenegro, Helena and Cardoso, Maria J and Cardoso, Jaime S},
  booktitle="Computer Vision -- ECCV 2024 Workshops",
  year={2024},
  organization={Springer Nature Switzerland}
}

@article{kaidar2023evaluating,
  title={Evaluating the ability of an artificial-intelligence cloud-based platform designed to provide information prior to locoregional therapy for breast cancer in improving patientâ€™s satisfaction with therapy: The CINDERELLA trial},
  author={Kaidar-Person, Orit and Antunes, Marilia and Cardoso, Jaime S and Ciani, Oriana and Cruz, Helena and Di Micco, Rosa and Gentilini, Oreste D and Gon{\c{c}}alves, Tiago and Gouveia, Pedro and Heil, J{\"o}rg and others},
  journal={PLoS One},
  volume={18},
  number={8},
  pages={e0289365},
  year={2023},
  publisher={Public Library of Science San Francisco, CA USA}
}

@article{guo2022fully,
  title={A fully automatic framework for evaluating cosmetic results of breast conserving therapy},
  author={Guo, Chenqi and Smith, Tamara L and Feng, Qianli and Benitez-Quiroz, Fabian and Vicini, Frank and Arthur, Douglas and White, Julia and Martinez, Aleix},
  journal={Machine learning with applications},
  volume={10},
  pages={100430},
  year={2022},
  publisher={Elsevier}
}

@inproceedings{freitas2024isbi,
  title={Reproducing Asymmetries Caused by Breast Cancer Treatment in Pre-Operative Breast Images},
  author={Freitas, Nuno and Montenegro, Helena and Cardoso, Maria J and Cardoso, Jaime S},
  booktitle={2024 IEEE International Symposium on Biomedical Imaging (ISBI)},
  pages={1--5},
  year={2024},
  organization={IEEE}
}

@inproceedings{jacobsen2018irevnet,
  title={i-RevNet: Deep Invertible Networks},
  author={Jacobsen, J{\"o}rn-Henrik and Smeulders, Arnold WM and Oyallon, Edouard},
  booktitle={International Conference on Learning Representations},
  year={2018}
}

@article{kingma2018glow,
  title={Glow: Generative flow with invertible 1x1 convolutions},
  author={Kingma, Durk P and Dhariwal, Prafulla},
  journal={Advances in neural information processing systems},
  volume={31},
  year={2018}
}

@inproceedings{armanious2019adversarial,
  title={Adversarial inpainting of medical image modalities},
  author={Armanious, Karim and Mecky, Youssef and Gatidis, Sergios and Yang, Bin},
  booktitle={ICASSP 2019-2019 IEEE International Conference on Acoustics, Speech and Signal Processing (ICASSP)},
  pages={3267--3271},
  year={2019},
  organization={IEEE}
}

@inproceedings{bukas2021patient,
  title={Patient-specific virtual spine straightening and vertebra inpainting: an automatic framework for osteoplasty planning},
  author={Bukas, Christina and Jian, Bailiang and Rodr{\'\i}guez Venegas, Luis Francisco and De Benetti, Francesca and Ruehling, Sebastian and Sekuboyina, Anjany and Gempt, Jens and Kirschke, Jan Stefan and Piraud, Marie and Oberreuter, Johannes and others},
  booktitle={Medical Image Computing and Computer Assisted Intervention--MICCAI 2021: 24th International Conference, Strasbourg, France, September 27--October 1, 2021, Proceedings, Part IV 24},
  pages={529--539},
  year={2021},
  organization={Springer}
}

@inproceedings{armanious2020ipa,
  title={ipA-MedGAN: inpainting of arbitrary regions in medical imaging},
  author={Armanious, Karim and Kumar, Vijeth and Abdulatif, Sherif and Hepp, Tobias and Gatidis, Sergios and Yang, Bin},
  booktitle={2020 IEEE international conference on image processing (ICIP)},
  pages={3005--3009},
  year={2020},
  organization={IEEE}
}

@inproceedings{tran2020deep,
  title={Deep learning-based inpainting for chest X-ray image},
  author={Tran, Minh-Trieu and Kim, Soo-Hyung and Yang, Hyung-Jeong and Lee, Guee-Sang},
  booktitle={The 9th International Conference on Smart Media and Applications},
  pages={267--271},
  year={2020}
}

@inproceedings{xie2023smartbrush,
  title={Smartbrush: Text and shape guided object inpainting with diffusion model},
  author={Xie, Shaoan and Zhang, Zhifei and Lin, Zhe and Hinz, Tobias and Zhang, Kun},
  booktitle={Proceedings of the IEEE/CVF Conference on Computer Vision and Pattern Recognition},
  pages={22428--22437},
  year={2023}
}

@inproceedings{yang2020generative,
  title={Generative landmark guided face inpainting},
  author={Yang, Yang and Guo, Xiaojie},
  booktitle={Pattern Recognition and Computer Vision: Third Chinese Conference, PRCV 2020, Nanjing, China, October 16--18, 2020, Proceedings, Part I 3},
  pages={14--26},
  year={2020},
  organization={Springer}
}

@article{hong2024conditional,
  title={Conditional-GAN-based face inpainting approaches with symmetry and view-degree utilization},
  author={Hong, Tzung-Pei and Wu, Jin-Hang and Su, Ja-Hwung and Yin, Tang-Kai},
  journal={IEEE Access},
  year={2024},
  publisher={IEEE}
}

@inproceedings{corneanu2024latentpaint,
  title={Latentpaint: Image inpainting in latent space with diffusion models},
  author={Corneanu, Ciprian and Gadde, Raghudeep and Martinez, Aleix M},
  booktitle={Proceedings of the IEEE/CVF Winter Conference on Applications of Computer Vision},
  pages={4334--4343},
  year={2024}
}

@inproceedings{zeng2021cr,
  title={Cr-fill: Generative image inpainting with auxiliary contextual reconstruction},
  author={Zeng, Yu and Lin, Zhe and Lu, Huchuan and Patel, Vishal M},
  booktitle={Proceedings of the IEEE/CVF international conference on computer vision},
  pages={14164--14173},
  year={2021}
}

@article{ho2020denoising,
  title={Denoising diffusion probabilistic models},
  author={Ho, Jonathan and Jain, Ajay and Abbeel, Pieter},
  journal={Advances in neural information processing systems},
  volume={33},
  pages={6840--6851},
  year={2020}
}

@inproceedings{lim2023image,
  title={Image Guided Inpainting with Parameter Efficient Learning},
  author={Lim, Sangbeom and Kim, Seungryong},
  booktitle={Proceedings of the IEEE/CVF International Conference on Computer Vision},
  pages={1103--1111},
  year={2023}
}

@article{chai2020mri,
  title={MRI restoration using edge-guided adversarial learning},
  author={Chai, Yaqiong and Xu, Botian and Zhang, Kangning and Lepore, Natasha and Wood, John C},
  journal={IEEE Access},
  volume={8},
  pages={83858--83870},
  year={2020},
  publisher={IEEE}
}

@inproceedings{long2015fully,
  title={Fully convolutional networks for semantic segmentation},
  author={Long, Jonathan and Shelhamer, Evan and Darrell, Trevor},
  booktitle={Proceedings of the IEEE conference on computer vision and pattern recognition},
  pages={3431--3440},
  year={2015}
}

@inproceedings{ronneberger2015u,
  title={U-net: Convolutional networks for biomedical image segmentation},
  author={Ronneberger, Olaf and Fischer, Philipp and Brox, Thomas},
  booktitle={Medical image computing and computer-assisted intervention--MICCAI 2015: 18th international conference, Munich, Germany, October 5-9, 2015, proceedings, part III 18},
  pages={234--241},
  year={2015},
  organization={Springer}
}

@article{goodfellow2014gans,
  title={Generative adversarial nets},
  author={Goodfellow, I. and Pouget-Abadie, J. and Mirza, M. and Xu, B. and Warde-Farley, D. and Ozair, S. and Courville, A. and Bengio, Y.},
  journal={Advances in neural information processing systems},
  volume={27},
  year={2014}
}

@article{wang2004ssim,
  title={Image quality assessment: from error visibility to structural similarity},
  author={Wang, Z. and Bovik, A.~C. and Sheikh, H.~R. and Simoncelli, E.~P.},
  journal={IEEE transactions on image processing},
  volume={13},
  number={4},
  pages={600--612},
  year={2004},
  publisher={IEEE}
}

@inproceedings{zhang2018unreasonable,
  title={The unreasonable effectiveness of deep features as a perceptual metric},
  author={Zhang, Richard and Isola, Phillip and Efros, Alexei A and Shechtman, Eli and Wang, Oliver},
  booktitle={Proceedings of the IEEE conference on computer vision and pattern recognition},
  pages={586--595},
  year={2018}
}

@article{vaswani2017attention,
  title={Attention is all you need},
  author={Vaswani, Ashish and Shazeer, Noam and Parmar, Niki and Uszkoreit, Jakob and Jones, Llion and Gomez, Aidan N and Kaiser, {\L}ukasz and Polosukhin, Illia},
  journal={Advances in neural information processing systems},
  volume={30},
  year={2017}
}

@inproceedings{liu2020deep,
  title={Are deep neural architectures losing information? invertibility is indispensable},
  author={Liu, Yang and Qin, Zhenyue and Anwar, Saeed and Caldwell, Sabrina and Gedeon, Tom},
  booktitle={Neural Information Processing: 27th International Conference, ICONIP 2020, Bangkok, Thailand, November 23--27, 2020, Proceedings, Part III 27},
  pages={172--184},
  year={2020},
  organization={Springer}
}

% BRA
@article{pezner1985breast,
  title={Breast retraction assessment: an objective evaluation of cosmetic results of patients treated conservatively for breast cancer},
  author={Pezner, R.~D. and Patterson, M.~P. and Hill, L.~R. and Vora, N. and Desai, K.~R. and Archambeau, J.~O. and Lipsett, J.~A.},
  journal={International Journal of Radiation Oncology},
  volume={11},
  number={3},
  pages={575--578},
  year={1985},
  publisher={Elsevier}
}

% LBC + UNR
@article{van1989cosmetic,
  title={Cosmetic evaluation of breast conserving treatment for mammary cancer. 1. Proposal of a quantitative scoring system},
  author={Van Limbergen, E. and Van der Schueren, E. and Van Tongelen, K.},
  journal={Radiotherapy and oncology},
  volume={16},
  number={3},
  pages={159--167},
  year={1989},
  publisher={Elsevier}
}

% BCE
@article{tsouskas1990breast,
  title={Breast compliance: a new method for evaluation of cosmetic outcome after conservative treatment of early breast cancer},
  author={Tsouskas, L.~I. and Fentiman, I.~S.},
  journal={Breast cancer research and treatment},
  volume={15},
  pages={185--190},
  year={1990},
  publisher={Springer}
}


@inproceedings{silva2022deep,
  title={Deep aesthetic assessment and retrieval of breast cancer treatment outcomes},
  author={Silva, W. and Carvalho, M. and Mavioso, C. and Cardoso, M.~J. and Cardoso, J.~S.},
  booktitle={Iberian Conference on Pattern Recognition and Image Analysis},
  pages={108--118},
  year={2022},
  organization={Springer}
}

@article{cardoso2007towards,
  title={Towards an intelligent medical system for the aesthetic evaluation of breast cancer conservative treatment},
  author={Cardoso, J.~S. and Cardoso, M.~J.},
  journal={Artificial intelligence in medicine},
  volume={40},
  number={2},
  pages={115--126},
  year={2007},
  publisher={Elsevier}
}

@inproceedings{dinh2017density,
title={Density estimation using Real {NVP}},
author={Laurent Dinh and Jascha Sohl-Dickstein and Samy Bengio},
booktitle={International Conference on Learning Representations},
year={2017},
}

@article{dinh2014nice,
  title={Nice: Non-linear independent components estimation},
  author={Dinh, Laurent and Krueger, David and Bengio, Yoshua},
  journal={arXiv preprint arXiv:1410.8516},
  year={2014}
}

@inproceedings{rezende2015variational,
  title={Variational inference with normalizing flows},
  author={Rezende, Danilo and Mohamed, Shakir},
  booktitle={ICML},
  pages={1530--1538},
  year={2015},
  organization={PMLR}
}

@inproceedings{behrmann2019invertible,
  title={Invertible residual networks},
  author={Behrmann, Jens and Grathwohl, Will and Chen, Ricky TQ and Duvenaud, David and Jacobsen, J{\"o}rn-Henrik},
  booktitle={International conference on machine learning},
  pages={573--582},
  year={2019},
  organization={PMLR}
}

@inproceedings{liu2018image,
  title={Image inpainting for irregular holes using partial convolutions},
  author={Liu, Guilin and Reda, Fitsum A and Shih, Kevin J and Wang, Ting-Chun and Tao, Andrew and Catanzaro, Bryan},
  booktitle={Proceedings of the European conference on computer vision (ECCV)},
  pages={85--100},
  year={2018}
}

@article{xiang2023deep,
  title={Deep learning for image inpainting: A survey},
  author={Xiang, Hanyu and Zou, Qin and Nawaz, Muhammad Ali and Huang, Xianfeng and Zhang, Fan and Yu, Hongkai},
  journal={Pattern Recognition},
  volume={134},
  pages={109046},
  year={2023},
  publisher={Elsevier}
}

@inproceedings{pathak2016context,
  title={Context encoders: Feature learning by inpainting},
  author={Pathak, Deepak and Krahenbuhl, Philipp and Donahue, Jeff and Darrell, Trevor and Efros, Alexei A},
  booktitle={Proceedings of the conference on computer vision and pattern recognition},
  pages={2536--2544},
  year={2016}
}

@inproceedings{sun2018natural,
  title={Natural and effective obfuscation by head inpainting},
  author={Sun, Qianru and Ma, Liqian and Oh, Seong Joon and Van Gool, Luc and Schiele, Bernt and Fritz, Mario},
  booktitle={Proceedings of the IEEE conference on computer vision and pattern recognition},
  pages={5050--5059},
  year={2018}
}