@article{gou2023tora,
  title={Tora: A tool-integrated reasoning agent for mathematical problem solving},
  author={Gou, Zhibin and Shao, Zhihong and Gong, Yeyun and Shen, Yelong and Yang, Yujiu and Huang, Minlie and Duan, Nan and Chen, Weizhu},
  journal={arXiv preprint arXiv:2309.17452},
  year={2023}
}

@article{lightman2023let,
  title={Let's verify step by step},
  author={Lightman, Hunter and Kosaraju, Vineet and Burda, Yura and Edwards, Harri and Baker, Bowen and Lee, Teddy and Leike, Jan and Schulman, John and Sutskever, Ilya and Cobbe, Karl},
  journal={arXiv preprint arXiv:2305.20050},
  year={2023}
}

@article{luo2023wizardmath,
  title={Wizardmath: Empowering mathematical reasoning for large language models via reinforced evol-instruct},
  author={Luo, Haipeng and Sun, Qingfeng and Xu, Can and Zhao, Pu and Lou, Jianguang and Tao, Chongyang and Geng, Xiubo and Lin, Qingwei and Chen, Shifeng and Zhang, Dongmei},
  journal={arXiv preprint arXiv:2308.09583},
  year={2023}
}

@article{luo2024improve,
  title={Improve Mathematical Reasoning in Language Models by Automated Process Supervision},
  author={Luo, Liangchen and Liu, Yinxiao and Liu, Rosanne and Phatale, Samrat and Lara, Harsh and Li, Yunxuan and Shu, Lei and Zhu, Yun and Meng, Lei and Sun, Jiao and others},
  journal={arXiv preprint arXiv:2406.06592},
  year={2024}
}

@article{mcaleese2024llm,
  title={Llm critics help catch llm bugs},
  author={McAleese, Nat and Pokorny, Rai Michael and Uribe, Juan Felipe Ceron and Nitishinskaya, Evgenia and Trebacz, Maja and Leike, Jan},
  journal={arXiv preprint arXiv:2407.00215},
  year={2024}
}

@misc{openai2024o1,
  author       = {OpenAI},
  title        = {Learning to reason with LLMs},
  year         = {2024},
  url          = {https://openai.com/index/learning-to-reason-with-llms/},
}

@misc{openai2024o1_mini,
  author       = {OpenAI},
  title        = {Openai-o1-mini: Advancing cost efficient reasoning},
  year         = {2024},
  url          = {https://openai.com/index/openai-o1-mini-advancing-cost-efficient-reasoning/},
}

@article{pan2023let,
  title={Let's Reinforce Step by Step},
  author={Pan, Sarah and Lialin, Vladislav and Muckatira, Sherin and Rumshisky, Anna},
  journal={arXiv preprint arXiv:2311.05821},
  year={2023}
}

@article{snell2024scaling,
  title={Scaling llm test-time compute optimally can be more effective than scaling model parameters},
  author={Snell, Charlie and Lee, Jaehoon and Xu, Kelvin and Kumar, Aviral},
  journal={arXiv preprint arXiv:2408.03314},
  year={2024}
}

@article{uesato2022solving,
  title={Solving math word problems with process-and outcome-based feedback},
  author={Uesato, Jonathan and Kushman, Nate and Kumar, Ramana and Song, Francis and Siegel, Noah and Wang, Lisa and Creswell, Antonia and Irving, Geoffrey and Higgins, Irina},
  journal={arXiv preprint arXiv:2211.14275},
  year={2022}
}

@inproceedings{wang2024math,
  title={Math-shepherd: Verify and reinforce llms step-by-step without human annotations},
  author={Wang, Peiyi and Li, Lei and Shao, Zhihong and Xu, Runxin and Dai, Damai and Li, Yifei and Chen, Deli and Wu, Yu and Sui, Zhifang},
  booktitle={Proceedings of the 62nd Annual Meeting of the Association for Computational Linguistics},
  pages={9426--9439},
  year={2024}
}

@article{wei2022cot,
  title={Chain-of-thought prompting elicits reasoning in large language models},
  author={Wei, Jason and Wang, Xuezhi and Schuurmans, Dale and Bosma, Maarten and Xia, Fei and Chi, Ed and Le, Quoc V and Zhou, Denny and others},
  journal={Advances in neural information processing systems},
  volume={35},
  pages={24824--24837},
  year={2022}
}

@article{wu2023fine,
  title={Fine-grained human feedback gives better rewards for language model training},
  author={Wu, Zeqiu and Hu, Yushi and Shi, Weijia and Dziri, Nouha and Suhr, Alane and Ammanabrolu, Prithviraj and Smith, Noah A and Ostendorf, Mari and Hajishirzi, Hannaneh},
  journal={Advances in Neural Information Processing Systems},
  volume={36},
  pages={59008--59033},
  year={2023}
}

@article{yao2024tree,
  title={Tree of thoughts: Deliberate problem solving with large language models},
  author={Yao, Shunyu and Yu, Dian and Zhao, Jeffrey and Shafran, Izhak and Griffiths, Tom and Cao, Yuan and Narasimhan, Karthik},
  journal={Advances in Neural Information Processing Systems},
  volume={36},
  year={2024}
}

@article{yu2023metamath,
  title={Metamath: Bootstrap your own mathematical questions for large language models},
  author={Yu, Longhui and Jiang, Weisen and Shi, Han and Yu, Jincheng and Liu, Zhengying and Zhang, Yu and Kwok, James T and Li, Zhenguo and Weller, Adrian and Liu, Weiyang},
  journal={arXiv preprint arXiv:2309.12284},
  year={2023}
}

@article{yue2023mammoth,
  title={Mammoth: Building math generalist models through hybrid instruction tuning},
  author={Yue, Xiang and Qu, Xingwei and Zhang, Ge and Fu, Yao and Huang, Wenhao and Sun, Huan and Su, Yu and Chen, Wenhu},
  journal={arXiv preprint arXiv:2309.05653},
  year={2023}
}

@article{zhang2025lessons,
  title={The Lessons of Developing Process Reward Models in Mathematical Reasoning},
  author={Zhang, Zhenru and Zheng, Chujie and Wu, Yangzhen and Zhang, Beichen and Lin, Runji and Yu, Bowen and Liu, Dayiheng and Zhou, Jingren and Lin, Junyang},
  journal={arXiv preprint arXiv:2501.07301},
  year={2025}
}

@article{zheng2023judging,
  title={Judging llm-as-a-judge with mt-bench and chatbot arena},
  author={Zheng, Lianmin and Chiang, Wei-Lin and Sheng, Ying and Zhuang, Siyuan and Wu, Zhanghao and Zhuang, Yonghao and Lin, Zi and Li, Zhuohan and Li, Dacheng and Xing, Eric and others},
  journal={Advances in Neural Information Processing Systems},
  volume={36},
  pages={46595--46623},
  year={2023}
}

@article{zheng2024processbench,
  title={Processbench: Identifying process errors in mathematical reasoning},
  author={Zheng, Chujie and Zhang, Zhenru and Zhang, Beichen and Lin, Runji and Lu, Keming and Yu, Bowen and Liu, Dayiheng and Zhou, Jingren and Lin, Junyang},
  journal={arXiv preprint arXiv:2412.06559},
  year={2024}
}

