@inproceedings{NIPS2017_2650d608,
 author = {Kendall, Alex and Gal, Yarin},
 booktitle = {NeurIPS2017},
 pages = {5580--5590},
 title = {What Uncertainties Do We Need in Bayesian Deep Learning for Computer Vision?},
 volume = {30},
 year = {2017}
}

@inproceedings{chen2021semi,
  title={Semi-supervised semantic segmentation with cross pseudo supervision},
  author={Chen, Xiaokang and Yuan, Yuhui and Zeng, Gang and Wang, Jingdong},
  booktitle={CVPR2021},
  pages={2613--2622},
  year={2021}
}

@article{hao2020brief,
  title={A brief survey on semantic segmentation with deep learning},
  author={Hao, Shijie and Zhou, Yuan and Guo, Yanrong},
  journal={Neurocomputing},
  volume={406},
  pages={302--321},
  year={2020},
  publisher={Elsevier}
}

@inproceedings{laine2016temporal,
  title={Temporal ensembling for semi-supervised learning},
  author={Laine, Samuli and Aila, Timo},
  booktitle={ICLR2017},
  pages={1--13},
  year={2017}
}

@inproceedings{lee2013pseudo,
  title={Pseudo-label: The simple and efficient semi-supervised learning method for deep neural networks},
  author={Lee, Dong-Hyun and others},
  booktitle={Workshop on challenges in representation learning, ICML},
  volume={3},
  pages={896},
  year={2013},
}

@inproceedings{li2020shape,
  title={Shape-aware semi-supervised 3D semantic segmentation for medical images},
  author={Li, Shuailin and Zhang, Chuyu and He, Xuming},
  booktitle={MICCAI2020},
  pages={552--561},
  year={2020}
}

@article{lu2023mutually,
  title={Mutually aided uncertainty incorporated dual consistency regularization with pseudo label for semi-supervised medical image segmentation},
  author={Lu, Shanfu and Zhang, Zijian and Yan, Ziye and Wang, Yiran and Cheng, Tingting and Zhou, Rongrong and Yang, Guang},
  journal={Neurocomputing},
  volume={548},
  pages={126411},
  year={2023}
}

@article{lu2023uncertainty,
  title={Uncertainty-aware pseudo-label and consistency for semi-supervised medical image segmentation},
  author={Lu, Liyun and Yin, Mengxiao and Fu, Liyao and Yang, Feng},
  journal={Biomedical Signal Processing and Control},
  volume={79},
  pages={104203},
  year={2023},
  publisher={Elsevier}
}

@inproceedings{luo2021semi,
  title={Semi-supervised medical image segmentation through dual-task consistency},
  author={Luo, Xiangde and Chen, Jieneng and Song, Tao and Wang, Guotai},
  booktitle={AAAI2021},
  volume={35},
  pages={8801--8809},
  year={2021}
}

@article{mehrtash2020confidence,
  title={Confidence calibration and predictive uncertainty estimation for deep medical image segmentation},
  author={Mehrtash, Alireza and Wells, William M and Tempany, Clare M and Abolmaesumi, Purang and Kapur, Tina},
  journal={IEEE transactions on medical imaging},
  volume={39},
  number={12},
  pages={3868--3878},
  year={2020},
  publisher={IEEE}
}

@article{mo2022review,
  title={Review the state-of-the-art technologies of semantic segmentation based on deep learning},
  author={Mo, Yujian and Wu, Yan and Yang, Xinneng and Liu, Feilin and Liao, Yujun},
  journal={Neurocomputing},
  volume={493},
  pages={626--646},
  year={2022},
  publisher={Elsevier}
}

@inproceedings{ouali2020semi,
  title={Semi-supervised semantic segmentation with cross-consistency training},
  author={Ouali, Yassine and Hudelot, C{\'e}line and Tami, Myriam},
  booktitle={CVPR2020},
  pages={12674--12684},
  year={2020}
}

@inproceedings{qiao2018deep,
  title={Deep co-training for semi-supervised image recognition},
  author={Qiao, Siyuan and Shen, Wei and Zhang, Zhishuai and Wang, Bo and Yuille, Alan},
  booktitle={ECCV2018},
  pages={135--152},
  year={2018}
}

@article{shi2021inconsistency,
  title={Inconsistency-aware uncertainty estimation for semi-supervised medical image segmentation},
  author={Shi, Yinghuan and Zhang, Jian and Ling, Tong and Lu, Jiwen and Zheng, Yefeng and Yu, Qian and Qi, Lei and Gao, Yang},
  journal={IEEE transactions on medical imaging},
  volume={41},
  number={3},
  pages={608--620},
  year={2021},
  publisher={IEEE}
}

@article{van2020survey,
  title={A survey on semi-supervised learning},
  author={Van Engelen, Jesper E. and Hoos, Holger H.},
  journal={Machine learning},
  volume={109},
  number={2},
  pages={373--440},
  year={2020}
}

@inproceedings{yu2019uncertainty,
  title={Uncertainty-aware self-ensembling model for semi-supervised 3D left atrium segmentation},
  author={Yu, Lequan and Wang, Shujun and Li, Xiaomeng and Fu, Chi-Wing and Heng, Pheng-Ann},
  booktitle={MICCAI2019},
  pages={605--613},
  year={2019}
}

@article{zheng2021rectifying,
  title={Rectifying pseudo label learning via uncertainty estimation for domain adaptive semantic segmentation},
  author={Zheng, Zhedong and Yang, Yi},
  journal={International Journal of Computer Vision},
  volume={129},
  number={4},
  pages={1106--1120},
  year={2021}
}

