@inproceedings{li2020shape,
  title={Shape-aware semi-supervised 3D semantic segmentation for medical images},
  author={Li, Shuailin and Zhang, Chuyu and He, Xuming},
  booktitle={MICCAI2020},
  pages={552--561},
  year={2020}
}

@inproceedings{luo2021semi,
  title={Semi-supervised medical image segmentation through dual-task consistency},
  author={Luo, Xiangde and Chen, Jieneng and Song, Tao and Wang, Guotai},
  booktitle={AAAI2021},
  volume={35},
  pages={8801--8809},
  year={2021}
}

@inproceedings{luo2021efficient,
  title={Efficient semi-supervised gross target volume of nasopharyngeal carcinoma segmentation via uncertainty rectified pyramid consistency},
  author={Luo, Xiangde and Liao, Wenjun and Chen, Jieneng and Song, Tao and Chen, Yinan and Zhang, Shichuan and Chen, Nianyong and Wang, Guotai and Zhang, Shaoting},
  booktitle={MICCAI 2021},
  pages={318--329},
  year={2021}
}

@inproceedings{wu2021semi,
  title={Semi-supervised left atrium segmentation with mutual consistency training},
  author={Wu, Yicheng and Xu, Minfeng and Ge, Zongyuan and Cai, Jianfei and Zhang, Lei},
  booktitle={MICCAI2021},
  pages={297--306},
  year={2021}
}

@inproceedings{wu2022exploring,
  title={Exploring smoothness and class-separation for semi-supervised medical image segmentation},
  author={Wu, Yicheng and Wu, Zhonghua and Wu, Qianyi and Ge, Zongyuan and Cai, Jianfei},
  booktitle={MICCA2022},
  pages={34--43},
  year={2022}
}

@inproceedings{bai2023bidirectional,
  title={Bidirectional Copy-Paste for Semi-Supervised Medical Image Segmentation},
  author={Bai, Yunhao and Chen, Duowen and Li, Qingli and Shen, Wei and Wang, Yan},
  booktitle={CVPR2023},
  pages={11514--11524},
  year={2023}
}

@article{ma2021loss,
  title={Loss odyssey in medical image segmentation},
  author={Ma, Jun and Chen, Jianan and Ng, Matthew and Huang, Rui and Li, Yu and Li, Chen and Yang, Xiaoping and Martel, Anne L},
  journal={Medical Image Analysis},
  volume={71},
  pages={102035},
  year={2021}
}

@inproceedings{ronneberger2015u,
  title={U-net: Convolutional networks for biomedical image segmentation},
  author={Ronneberger, Olaf and Fischer, Philipp and Brox, Thomas},
  booktitle={MICCAI2015},
  pages={234--241},
  year={2015}
}

@inproceedings{milletari2016v,
  title={V-net: Fully convolutional neural networks for volumetric medical image segmentation},
  author={Milletari, Fausto and Navab, Nassir and Ahmadi, Seyed-Ahmad},
  booktitle={2016 Fourth International Conference on 3D Vision (3DV)},
  pages={565--571},
  year={2016}
}

@article{van2020survey,
  title={A survey on semi-supervised learning},
  author={Van Engelen, Jesper E. and Hoos, Holger H.},
  journal={Machine learning},
  volume={109},
  number={2},
  pages={373--440},
  year={2020}
}

@inproceedings{laine2016temporal,
  title={Temporal ensembling for semi-supervised learning},
  author={Laine, Samuli and Aila, Timo},
  booktitle={ICLR2017},
  pages={1--13},
  year={2017}
}

@inproceedings{ouali2020semi,
  title={Semi-supervised semantic segmentation with cross-consistency training},
  author={Ouali, Yassine and Hudelot, C{\'e}line and Tami, Myriam},
  booktitle={CVPR2020},
  pages={12674--12684},
  year={2020}
}

@inproceedings{chen2021semi,
  title={Semi-supervised semantic segmentation with cross pseudo supervision},
  author={Chen, Xiaokang and Yuan, Yuhui and Zeng, Gang and Wang, Jingdong},
  booktitle={CVPR2021},
  pages={2613--2622},
  year={2021}
}

@inproceedings{qiao2018deep,
  title={Deep co-training for semi-supervised image recognition},
  author={Qiao, Siyuan and Shen, Wei and Zhang, Zhishuai and Wang, Bo and Yuille, Alan},
  booktitle={ECCV2018},
  pages={135--152},
  year={2018}
}

@inproceedings{lee2013pseudo,
  title={Pseudo-label: The simple and efficient semi-supervised learning method for deep neural networks},
  author={Lee, Dong-Hyun and others},
  booktitle={Workshop on challenges in representation learning, ICML},
  volume={3},
  pages={896},
  year={2013},
}

@article{lu2023uncertainty,
  title={Uncertainty-aware pseudo-label and consistency for semi-supervised medical image segmentation},
  author={Lu, Liyun and Yin, Mengxiao and Fu, Liyao and Yang, Feng},
  journal={Biomedical Signal Processing and Control},
  volume={79},
  pages={104203},
  year={2023},
  publisher={Elsevier}
}

@inproceedings{tarvainen2017mean,
  title={Mean teachers are better role models: Weight-averaged consistency targets improve semi-supervised deep learning results},
  author={Tarvainen, Antti and Valpola, Harri},
  booktitle={NeurIPS2017},
  volume={30},
  pages={1195--1204},
  year={2017}
}

@inproceedings{yu2019uncertainty,
  title={Uncertainty-aware self-ensembling model for semi-supervised 3D left atrium segmentation},
  author={Yu, Lequan and Wang, Shujun and Li, Xiaomeng and Fu, Chi-Wing and Heng, Pheng-Ann},
  booktitle={MICCAI2019},
  pages={605--613},
  year={2019}
}

@inproceedings{NIPS2017_2650d608,
 author = {Kendall, Alex and Gal, Yarin},
 booktitle = {NeurIPS2017},
 pages = {5580--5590},
 title = {What Uncertainties Do We Need in Bayesian Deep Learning for Computer Vision?},
 volume = {30},
 year = {2017}
}

@article{zheng2021rectifying,
  title={Rectifying pseudo label learning via uncertainty estimation for domain adaptive semantic segmentation},
  author={Zheng, Zhedong and Yang, Yi},
  journal={International Journal of Computer Vision},
  volume={129},
  number={4},
  pages={1106--1120},
  year={2021}
}

@article{rizve2021defense,
  title={In defense of pseudo-labeling: An uncertainty-aware pseudo-label selection framework for semi-supervised learning},
  author={Rizve, Mamshad Nayeem and Duarte, Kevin and Rawat, Yogesh S and Shah, Mubarak},
  journal={ICLR2021},
  pages={1--20},
  year={2021}
}

@inproceedings{zhang2021flexmatch,
  title={Flexmatch: Boosting semi-supervised learning with curriculum pseudo labeling},
  author={Zhang, Bowen and Wang, Yidong and Hou, Wenxin and Wu, Hao and Wang, Jindong and Okumura, Manabu and Shinozaki, Takahiro},
  booktitle={NeurIPS2021},
  volume={34},
  pages={18408--18419},
  year={2021}
}

@inproceedings{xu2021dash,
  title={Dash: Semi-supervised learning with dynamic thresholding},
  author={Xu, Yi and Shang, Lei and Ye, Jinxing and Qian, Qi and Li, Yu-Feng and Sun, Baigui and Li, Hao and Jin, Rong},
  booktitle={ICML2021},
  pages={11525--11536},
  year={2021},
  organization={PMLR}
}

@inproceedings{chi2024adaptive,
  title={Adaptive Bidirectional Displacement for Semi-Supervised Medical Image Segmentation},
  author={Chi, Hanyang and Pang, Jian and Zhang, Bingfeng and Liu, Weifeng},
  booktitle={CVPR2024},
  pages={4070--4080},
  year={2024}
}

@InProceedings{Zhang_2022_CVPR,
    author    = {Zhang, Wenqiao and Zhu, Lei and Hallinan, James and Zhang, Shengyu and Makmur, Andrew and Cai, Qingpeng and Ooi, Beng Chin},
    title     = {BoostMIS: Boosting Medical Image Semi-Supervised Learning With Adaptive Pseudo Labeling and Informative Active Annotation},
    booktitle = {CVPR2022},
    pages     = {20666--20676},
    year={2022}
}

@InProceedings{Wang_2022_CVPR,
    author    = {Wang, Yuchao and Wang, Haochen and Shen, Yujun and Fei, Jingjing and Li, Wei and Jin, Guoqiang and Wu, Liwei and Zhao, Rui and Le, Xinyi},
    title     = {Semi-Supervised Semantic Segmentation Using Unreliable Pseudo-Labels},
    booktitle = {CVPR2022},
    pages     = {4248--4257},
    year={2022}
}

@article{lu2023mutually,
  title={Mutually aided uncertainty incorporated dual consistency regularization with pseudo label for semi-supervised medical image segmentation},
  author={Lu, Shanfu and Zhang, Zijian and Yan, Ziye and Wang, Yiran and Cheng, Tingting and Zhou, Rongrong and Yang, Guang},
  journal={Neurocomputing},
  volume={548},
  pages={126411},
  year={2023}
}

@inproceedings{wang2022semi,
  title={Semi-supervised semantic segmentation using unreliable pseudo-labels},
  author={Wang, Yuchao and Wang, Haochen and Shen, Yujun and Fei, Jingjing and Li, Wei and Jin, Guoqiang and Wu, Liwei and Zhao, Rui and Le, Xinyi},
  booktitle={CVPR2022},
  pages={4248--4257},
  year={2022}
}

@article{tajbakhsh2020embracing,
  title={Embracing imperfect datasets: A review of deep learning solutions for medical image segmentation},
  author={Tajbakhsh, Nima and Jeyaseelan, Laura and Li, Qian and Chiang, Jeffrey N and Wu, Zhihao and Ding, Xiaowei},
  journal={Medical image analysis},
  volume={63},
  pages={101693},
  year={2020},
  publisher={Elsevier}
}

@inproceedings{basak2023pseudo,
  title={Pseudo-label guided contrastive learning for semi-supervised medical image segmentation},
  author={Basak, Hritam and Yin, Zhaozheng},
  booktitle={CVPR2023},
  pages={19786--19797},
  year={2023}
}

@inproceedings{wang2023mcf,
  title={Mcf: Mutual correction framework for semi-supervised medical image segmentation},
  author={Wang, Yongchao and Xiao, Bin and Bi, Xiuli and Li, Weisheng and Gao, Xinbo},
  booktitle={CVPR2023},
  pages={15651--15660},
  year={2023}
}

@inproceedings{wang2023dual,
  title={Dual-contrastive dual-consistency dual-transformer: A semi-supervised approach to medical image segmentation},
  author={Wang, Ziyang and Ma, Congying},
  booktitle={ICCV2023},
  pages={870--879},
  year={2023}
}

@inproceedings{yao2022enhancing,
  title={Enhancing pseudo label quality for semi-supervised domain-generalized medical image segmentation},
  author={Yao, Huifeng and Hu, Xiaowei and Li, Xiaomeng},
  booktitle={AAAI2022},
  volume={36},
  pages={3099--3107},
  year={2022}
}

@InProceedings{Basak_2023_CVPR,
    author    = {Basak, Hritam and Yin, Zhaozheng},
    title     = {Pseudo-Label Guided Contrastive Learning for Semi-Supervised Medical Image Segmentation},
    booktitle = {CVPR2023},
    month     = {June},
    year      = {2023},
    pages     = {19786-19797}
}

@InProceedings{He_2021_ICCV,
    author    = {He, Ruifei and Yang, Jihan and Qi, Xiaojuan},
    title     = {Re-Distributing Biased Pseudo Labels for Semi-Supervised Semantic Segmentation: A Baseline Investigation},
    booktitle = {ICCV2021},
    month     = {October},
    year      = {2021},
    pages     = {6930-6940}
}

@article{hao2020brief,
  title={A brief survey on semantic segmentation with deep learning},
  author={Hao, Shijie and Zhou, Yuan and Guo, Yanrong},
  journal={Neurocomputing},
  volume={406},
  pages={302--321},
  year={2020},
  publisher={Elsevier}
}

@article{mo2022review,
  title={Review the state-of-the-art technologies of semantic segmentation based on deep learning},
  author={Mo, Yujian and Wu, Yan and Yang, Xinneng and Liu, Feilin and Liao, Yujun},
  journal={Neurocomputing},
  volume={493},
  pages={626--646},
  year={2022},
  publisher={Elsevier}
}

@article{shi2021inconsistency,
  title={Inconsistency-aware uncertainty estimation for semi-supervised medical image segmentation},
  author={Shi, Yinghuan and Zhang, Jian and Ling, Tong and Lu, Jiwen and Zheng, Yefeng and Yu, Qian and Qi, Lei and Gao, Yang},
  journal={IEEE transactions on medical imaging},
  volume={41},
  number={3},
  pages={608--620},
  year={2021},
  publisher={IEEE}
}

@article{mehrtash2020confidence,
  title={Confidence calibration and predictive uncertainty estimation for deep medical image segmentation},
  author={Mehrtash, Alireza and Wells, William M and Tempany, Clare M and Abolmaesumi, Purang and Kapur, Tina},
  journal={IEEE transactions on medical imaging},
  volume={39},
  number={12},
  pages={3868--3878},
  year={2020},
  publisher={IEEE}
}