%% Bibliography partially based on the bibliography of
%
% Jason Yim, Andrew Campbell, Emile Mathieu, Andrew Y. K. Foong, Michael Gastegger, José Jiménez-Luna, Sarah Lewis, Victor Garcia Satorras, Bastiaan S. Veeling, Frank Noé, Regina Barzilay, Tommi S. Jaakkola
% Improved motif-scaffolding with SE(3) flow matching
% as published on https://arxiv.org/abs/2401.04082 under the CC BY 4.0 license
%

%% Diffusion models

@inproceedings{sohl2015deep,
  title={Deep unsupervised learning using nonequilibrium thermodynamics},
  author={Sohl-Dickstein, Jascha and Weiss, Eric and Maheswaranathan, Niru and Ganguli, Surya},
  booktitle={International conference on machine learning},
  pages={2256--2265},
  year={2015},
  organization={PMLR}
}

@article{song2020score,
  title   = {Score-based generative modeling through stochastic differential equations},
  author  = {Song, Yang and Sohl-Dickstein, Jascha and Kingma, Diederik P and Kumar, Abhishek and Ermon, Stefano and Poole, Ben},
  journal = {arXiv preprint arXiv:2011.13456},
  year    = {2020}
}

%% Flow Matching

@inproceedings{chen2023riemannian,
title={Flow Matching on General Geometries},
author={Ricky T. Q. Chen and Yaron Lipman},
booktitle={The Twelfth International Conference on Learning Representations},
year={2024},
}

%% Flow matching and diffusion models for proteins

@article{yim2023framediff,
  title={SE (3) diffusion model with application to protein backbone generation},
  author={Yim, Jason and Trippe, Brian L and De Bortoli, Valentin and Mathieu, Emile and Doucet, Arnaud and Barzilay, Regina and Jaakkola, Tommi},
  journal={arXiv preprint arXiv:2302.02277},
  year={2023}
}

@article{yim2023frameflow,
  title={Fast protein backbone generation with SE (3) flow matching},
author={Jason Yim and Andrew Campbell and Andrew Y. K. Foong and Michael Gastegger and José Jiménez-Luna and Sarah Lewis and Victor Garcia Satorras and Bastiaan S. Veeling and Regina Barzilay and Tommi Jaakkola and Frank Noé},
  journal={arXiv preprint arXiv:2310.05297},
  year={2023}
}

@article{
yim2024improved,
title={Improved motif-scaffolding with {SE}(3) flow matching},
author={Jason Yim and Andrew Campbell and Emile Mathieu and Andrew Y. K. Foong and Michael Gastegger and Jose Jimenez-Luna and Sarah Lewis and Victor Garcia Satorras and Bastiaan S. Veeling and Frank Noe and Regina Barzilay and Tommi Jaakkola},
journal={Transactions on Machine Learning Research},
issn={2835-8856},
year={2024},
note={}
}

@article{tong2024improving,
      title={Improving and generalizing flow-based generative models with minibatch optimal transport}, 
      author={Alexander Tong and Kilian Fatras and Nikolay Malkin and Guillaume Huguet and Yanlei Zhang and Jarrid Rector-Brooks and Guy Wolf and Yoshua Bengio},
      year={2024},
      journal = {arXiv preprint arXiv:2302.00482},
}

@misc{fatras2021minibatch,
      title={Minibatch optimal transport distances; analysis and applications}, 
      author={Kilian Fatras and Younes Zine and Szymon Majewski and Rémi Flamary and Rémi Gribonval and Nicolas Courty},
      year={2021},
      eprint={2101.01792},
      archivePrefix={arXiv},
      primaryClass={stat.ML}
}

@article{lin2023genie,
      title={Generating Novel, Designable, and Diverse Protein Structures by Equivariantly Diffusing Oriented Residue Clouds}, 
      author={Yeqing Lin and Mohammed AlQuraishi},
      year={2023},
      journal={arXiv preprint arXiv:2301.12485},
}

@article{anand2022protein,
  author       = {Namrata Anand and
                  Tudor Achim},
  title        = {Protein Structure and Sequence Generation with Equivariant Denoising
                  Diffusion Probabilistic Models},
  journal      = {arXiv preprint arXiv:2205.15019},
  year         = {2022},
}

@article{mao2023modeling,
  title={Modeling protein structure using geometric vector field networks},
  author={Mao, Weian and Zhu, Muzhi and Chen, Hao and Shen, Chunhua},
  journal={bioRxiv},
  pages={2023--05},
  year={2023},
  publisher={Cold Spring Harbor Laboratory}
}

@inproceedings{
bose2023se,
title={{SE}(3)-Stochastic Flow Matching for Protein Backbone Generation},
author={Joey Bose and Tara Akhound-Sadegh and Guillaume Huguet and Kilian FATRAS and Jarrid Rector-Brooks and Cheng-Hao Liu and Andrei Cristian Nica and Maksym Korablyov and Michael M. Bronstein and Alexander Tong},
booktitle={The Twelfth International Conference on Learning Representations},
year={2024},
}



%% Protein-related stuff for introduction (Seva)

%SCOPE
@article{fox2014scope,
  title={SCOPe: Structural Classification of Proteins—extended, integrating SCOP and ASTRAL data and classification of new structures},
  author={Fox, Naomi K and Brenner, Steven E and Chandonia, John-Marc},
  journal={Nucleic acids research},
  volume={42},
  number={D1},
  pages={D304--D309},
  year={2014},
  publisher={Oxford University Press}
}

@article{chandonia2022scope,
  title={SCOPe: improvements to the structural classification of proteins--extended database to facilitate variant interpretation and machine learning},
  author={Chandonia, John-Marc and Guan, Lindsey and Lin, Shiangyi and Yu, Changhua and Fox, Naomi K and Brenner, Steven E},
  journal={Nucleic acids research},
  volume={50},
  number={D1},
  pages={D553--D559},
  year={2022},
  publisher={Oxford University Press}
}

%% Protein lenghts design campaigns
@article{torresnovo,
  title={De novo designed proteins neutralize lethal snake venom toxins},
  author={David Baker and Susana V{\'a}zquez Torres and Melisa Benard Valle and Stephen P. Mackessy and Stefanie Menzies and Nicholas R. Casewell and Shirin Ahmadi and Nick J. Burlet and Edin Muratspahi{\'c} and Isaac Sappington and Max Overath and Esperanza Rivera-de-Torre and Jann Ledergerber and Andreas Hougaard Laustsen and Kim Boddum and Asim K. Bera and Alex Kang and Evans Brackenbrough and Iara Cardoso and Edouard Crittenden and Rebecca Edge and Justin Decarreau and Robert J. Ragotte and Arvind Pillai and Mohamad H. Abedi and Hannah Han and Stacey R. Gerben and Analisa Murray and Rebecca Skotheim and Lynda Stuart and Lance Stewart and Thomas Fryer and Timothy Patrick Jenkins},
  journal={Research Square},
  year={2024},
}

%SwissProt

@incollection{boutet2007uniprotkb,
  title={UniProtKB/Swiss-Prot: the manually annotated section of the UniProt KnowledgeBase},
  author={Boutet, Emmanuel and Lieberherr, Damien and Tognolli, Michael and Schneider, Michel and Bairoch, Amos},
  booktitle={Plant bioinformatics: methods and protocols},
  pages={89--112},
  year={2007},
  publisher={Springer}
}

%

@article{berman2000protein,
  title={The protein data bank},
  author={Berman, Helen M and Westbrook, John and Feng, Zukang and Gilliland, Gary and Bhat, Talapady N and Weissig, Helge and Shindyalov, Ilya N and Bourne, Philip E},
  journal={Nucleic acids research},
  volume={28},
  number={1},
  pages={235--242},
  year={2000},
  publisher={Oxford University Press}
}

@article{wu2024protein,
  title={Protein structure generation via folding diffusion},
  author={Wu, Kevin E and Yang, Kevin K and van den Berg, Rianne and Alamdari, Sarah and Zou, James Y and Lu, Alex X and Amini, Ava P},
  journal={Nature Communications},
  volume={15},
  number={1},
  pages={1059},
  year={2024},
  publisher={Nature Publishing Group UK London}
}
% Protein evolution is capped by many env-dependent influences:

@article{pal2006integrated,
  title={An integrated view of protein evolution},
  author={P{\'a}l, Csaba and Papp, Bal{\'a}zs and Lercher, Martin J},
  journal={Nature reviews genetics},
  volume={7},
  number={5},
  pages={337--348},
  year={2006},
  publisher={Nature Publishing Group UK London}
}

@article{romero2009exploring,
  title={Exploring protein fitness landscapes by directed evolution},
  author={Romero, Philip A and Arnold, Frances H},
  journal={Nature reviews Molecular cell biology},
  volume={10},
  number={12},
  pages={866--876},
  year={2009},
  publisher={Nature Publishing Group UK London}
}

@article{jayaraman2022mechanisms,
  title={Mechanisms of protein evolution},
  author={Jayaraman, Vijay and Toledo-Pati{\~n}o, Saacnicteh and Noda-Garc{\'\i}a, Lianet and Laurino, Paola},
  journal={Protein Science},
  volume={31},
  number={7},
  pages={e4362},
  year={2022},
  publisher={Wiley Online Library}
}

@article{packer2015methods,
  title={Methods for the directed evolution of proteins},
  author={Packer, Michael S and Liu, David R},
  journal={Nature Reviews Genetics},
  volume={16},
  number={7},
  pages={379--394},
  year={2015},
  publisher={Nature Publishing Group UK London}
}

@article{song2023rational,
  title={Rational design of enzyme activity and enantioselectivity},
  author={Song, Zhongdi and Zhang, Qunfeng and Wu, Wenhui and Pu, Zhongji and Yu, Haoran},
  journal={Frontiers in Bioengineering and Biotechnology},
  volume={11},
  pages={1129149},
  year={2023},
  publisher={Frontiers Media SA}
}
@article{khoo2009stabilising,
  title={Stabilising the DNA-binding domain of p53 by rational design of its hydrophobic core},
  author={Khoo, Kian Hoe and Joerger, Andreas C and Freund, Stefan MV and Fersht, Alan R},
  journal={Protein Engineering, Design \& Selection},
  volume={22},
  number={7},
  pages={421--430},
  year={2009},
  publisher={Oxford University Press}
}

@article{yip2011directed,
  title={Directed evolution combined with rational design increases activity of GpdQ toward a non-physiological substrate and alters the oligomeric structure of the enzyme},
  author={Yip, Sylvia HC and Foo, Jee-Loon and Schenk, Gerhard and Gahan, Lawrence R and Carr, Paul D and Ollis, David L},
  journal={Protein Engineering, Design \& Selection},
  volume={24},
  number={12},
  pages={861--872},
  year={2011},
  publisher={Oxford University Press}
}

@article{rubini2023selecting,
  title={Selecting better biocatalysts by complementing recoded bacteria},
  author={Rubini, Rudy and Jansen, Suzanne C and Beekhuis, Houdijn and Rozeboom, Henri{\"e}tte J and Mayer, Clemens},
  journal={Angewandte Chemie International Edition},
  volume={62},
  number={2},
  pages={e202213942},
  year={2023},
  publisher={Wiley Online Library}
}

@article{stimple2020directed,
  title={Directed evolution methods for overcoming trade-offs between protein activity and stability},
  author={Stimple, Samuel D and Smith, Matthew D and Tessier, Peter M},
  journal={AIChE Journal},
  volume={66},
  number={3},
  pages={e16814},
  year={2020},
  publisher={Wiley Online Library}
}

@article{cao2020novo,
  title={De novo design of picomolar SARS-CoV-2 miniprotein inhibitors},
  author={Cao, Longxing and Goreshnik, Inna and Coventry, Brian and Case, James Brett and Miller, Lauren and Kozodoy, Lisa and Chen, Rita E and Carter, Lauren and Walls, Alexandra C and Park, Young-Jun and others},
  journal={Science},
  volume={370},
  number={6515},
  pages={426--431},
  year={2020},
  publisher={American Association for the Advancement of Science}
}

@article{olshefsky2022engineering,
  title={Engineering self-assembling protein nanoparticles for therapeutic delivery},
  author={Olshefsky, Audrey and Richardson, Christian and Pun, Suzie H and King, Neil P},
  journal={Bioconjugate chemistry},
  volume={33},
  number={11},
  pages={2018--2034},
  year={2022},
  publisher={ACS Publications}
}

@article{chualexander2022novo,
  title={De novo design of a highly stable ovoid TIM barrel: Unlocking pocket shape towards functional design},
  author={ChuAlexander, E and EguchiRaphael, R and others},
  journal={BioDesign Research},
  year={2022},
  publisher={AAAS}
}

%De novo design would allow non-canonical functionalities bc no evolutionary restriction: 

@article{kortemme2024novo,
  title={De novo protein design—From new structures to programmable functions},
  author={Kortemme, Tanja},
  journal={Cell},
  volume={187},
  number={3},
  pages={526--544},
  year={2024},
  publisher={Elsevier}
}

@article{huang2016coming,
  title={The coming of age of de novo protein design},
  author={Huang, Po-Ssu and Boyken, Scott E and Baker, David},
  journal={Nature},
  volume={537},
  number={7620},
  pages={320--327},
  year={2016},
  publisher={Nature Publishing Group UK London}
}

@article{kuhlman2019advances,
  title={Advances in protein structure prediction and design},
  author={Kuhlman, Brian and Bradley, Philip},
  journal={Nature reviews molecular cell biology},
  volume={20},
  number={11},
  pages={681--697},
  year={2019},
  publisher={Nature Publishing Group}
}

%DL-based structure-based design SAR:

@article{ovchinnikov2021structure,
  title={Structure-based protein design with deep learning},
  author={Ovchinnikov, Sergey and Huang, Po-Ssu},
  journal={Current opinion in chemical biology},
  volume={65},
  pages={136--144},
  year={2021},
  publisher={Elsevier}
}

%Structure-guided design of binders improved with DL

@article{bennett2023improving,
  title={Improving de novo protein binder design with deep learning},
  author={Bennett, Nathaniel R and Coventry, Brian and Goreshnik, Inna and Huang, Buwei and Allen, Aza and Vafeados, Dionne and Peng, Ying Po and Dauparas, Justas and Baek, Minkyung and Stewart, Lance and others},
  journal={Nature Communications},
  volume={14},
  number={1},
  pages={2625},
  year={2023},
  publisher={Nature Publishing Group UK London}
}

%De novo protein design pre-ML; rule and knowledge-based

@article{schymkowitz2005foldx,
  title={The FoldX web server: an online force field},
  author={Schymkowitz, Joost and Borg, Jesper and Stricher, Francois and Nys, Robby and Rousseau, Frederic and Serrano, Luis},
  journal={Nucleic acids research},
  volume={33},
  number={suppl\_2},
  pages={W382--W388},
  year={2005},
  publisher={Oxford University Press}
}

@incollection{leaver2011rosetta3,
  title={ROSETTA3: an object-oriented software suite for the simulation and design of macromolecules},
  author={Leaver-Fay, Andrew and Tyka, Michael and Lewis, Steven M and Lange, Oliver F and Thompson, James and Jacak, Ron and Kaufman, Kristian W and Renfrew, P Douglas and Smith, Colin A and Sheffler, Will and others},
  booktitle={Methods in enzymology},
  volume={487},
  pages={545--574},
  year={2011},
  publisher={Elsevier}
}

@article{alford2017rosetta,
  title={The Rosetta all-atom energy function for macromolecular modeling and design},
  author={Alford, Rebecca F and Leaver-Fay, Andrew and Jeliazkov, Jeliazko R and O’Meara, Matthew J and DiMaio, Frank P and Park, Hahnbeom and Shapovalov, Maxim V and Renfrew, P Douglas and Mulligan, Vikram K and Kappel, Kalli and others},
  journal={Journal of chemical theory and computation},
  volume={13},
  number={6},
  pages={3031--3048},
  year={2017},
  publisher={ACS Publications}
}

@article{webb2016comparative,
  title={Comparative protein structure modeling using MODELLER},
  author={Webb, Benjamin and Sali, Andrej},
  journal={Current protocols in bioinformatics},
  volume={54},
  number={1},
  pages={5--6},
  year={2016},
  publisher={Wiley Online Library}
}

@article{korendovych2020novo,
  title={De novo protein design, a retrospective},
  author={Korendovych, Ivan V and DeGrado, William F},
  journal={Quarterly reviews of biophysics},
  volume={53},
  pages={e3},
  year={2020},
  publisher={Cambridge University Press}
}

@article{pan2020expanding,
  title={Expanding the space of protein geometries by computational design of de novo fold families},
  author={Pan, Xingjie and Thompson, Michael C and Zhang, Yang and Liu, Lin and Fraser, James S and Kelly, Mark JS and Kortemme, Tanja},
  journal={Science},
  volume={369},
  number={6507},
  pages={1132--1136},
  year={2020},
  publisher={American Association for the Advancement of Science}
}

@article{koga2012principles,
  title={Principles for designing ideal protein structures},
  author={Koga, Nobuyasu and Tatsumi-Koga, Rie and Liu, Gaohua and Xiao, Rong and Acton, Thomas B and Montelione, Gaetano T and Baker, David},
  journal={Nature},
  volume={491},
  number={7423},
  pages={222--227},
  year={2012},
  publisher={Nature Publishing Group UK London}
}

@article{dang2017novo,
  title={De novo design of covalently constrained mesosize protein scaffolds with unique tertiary structures},
  author={Dang, Bobo and Wu, Haifan and Mulligan, Vikram Khipple and Mravic, Marco and Wu, Yibing and Lemmin, Thomas and Ford, Alexander and Silva, Daniel-Adriano and Baker, David and DeGrado, William F},
  journal={Proceedings of the National Academy of Sciences},
  volume={114},
  number={41},
  pages={10852--10857},
  year={2017},
  publisher={National Acad Sciences}
}

@article{hicks2022novo,
  title={De novo design of protein homodimers containing tunable symmetric protein pockets},
  author={Hicks, Derrick R and Kennedy, Madison A and Thompson, Kirsten A and DeWitt, Michelle and Coventry, Brian and Kang, Alex and Bera, Asim K and Brunette, TJ and Sankaran, Banumathi and Stoddard, Barry and others},
  journal={Proceedings of the National Academy of Sciences},
  volume={119},
  number={30},
  pages={e2113400119},
  year={2022},
  publisher={National Acad Sciences}
}

% Protein structure prediction

@article{lin2023evolutionary,
  title={Evolutionary-scale prediction of atomic-level protein structure with a language model},
author = {Lin, Zeming and Akin, Halil and Rao, Roshan and Hie, Brian and Zhu, Zhongkai and Lu, Wenting and Smetanin, Nikita and Verkuil, Robert and Kabeli, Ori and Shmueli, Yaniv and dos Santos Costa, Allan and Fazel-Zarandi, Maryam and Sercu, Tom and Candido, Salvatore and Rives, Alexander},

  journal={Science},
  volume={379},
  number={6637},
  pages={1123--1130},
  year={2023},
  publisher={American Association for the Advancement of Science}
}

@article{baek2021accurate,
  title={Accurate prediction of protein structures and interactions using a three-track neural network},
author = {Dauparas, J. and Anishchenko, I. and Bennett, N. and Bai, H. and Ragotte, R. J. and Milles, L. F. and Wicky, B. I. M. and Courbet, A. and de Haas, R. J. and Bethel, N. and Leung, P. J. Y. and Huddy, T. F. and Pellock, S. and Tischer, D. and Chan, F. and Koepnick, B. and Nguyen, H. and Kang, A. and Sankaran, B. and Bera, A. K. and King, N. P. and Baker, D.},
  journal={Science},
  volume={373},
  number={6557},
  pages={871--876},
  year={2021},
  publisher={American Association for the Advancement of Science}
}

@article{baek2023efficient,
  title={Efficient and accurate prediction of protein structure using RoseTTAFold2},
  author={Baek, Minkyung and Anishchenko, Ivan and Humphreys, Ian and Cong, Qian and Baker, David and DiMaio, Frank},
  journal={bioRxiv},
  pages={2023--05},
  year={2023},
  publisher={Cold Spring Harbor Laboratory}
}
@article{van2024fast,
  title={Fast and accurate protein structure search with Foldseek},
  author={Van Kempen, Michel and Kim, Stephanie S and Tumescheit, Charlotte and Mirdita, Milot and Lee, Jeongjae and Gilchrist, Cameron LM and S{\"o}ding, Johannes and Steinegger, Martin},
  journal={Nature Biotechnology},
  volume={42},
  number={2},
  pages={243--246},
  year={2024},
  publisher={Nature Publishing Group US New York}
}

@article{zhang2004scoring,
  title={Scoring function for automated assessment of protein structure template quality},
  author={Zhang, Yang and Skolnick, Jeffrey},
  journal={Proteins: Structure, Function, and Bioinformatics},
  volume={57},
  number={4},
  pages={702--710},
  year={2004},
  publisher={Wiley Online Library}
}

%% Force fields

@article{batatia2022mace,
  title={MACE: Higher order equivariant message passing neural networks for fast and accurate force fields},
  author={Batatia, Ilyes and Kovacs, David P and Simm, Gregor and Ortner, Christoph and Cs{\'a}nyi, G{\'a}bor},
  journal={Advances in Neural Information Processing Systems},
  volume={35},
  pages={11423--11436},
  year={2022}
}

%% DFT

@article{hohenberg1964inhomogeneous,
  title={Inhomogeneous electron gas},
  author={Hohenberg, Pierre and Kohn, Walter},
  journal={Physical review},
  volume={136},
  number={3B},
  pages={B864},
  year={1964},
  publisher={APS}
}


%% Geometric Algebra

@inproceedings{brehmer2023geometric,
  title = {Geometric Algebra Transformer},
  author = {Brehmer, Johann and de Haan, Pim and Behrends, S{\"o}nke and Cohen, Taco},
  booktitle = {Advances in Neural Information Processing Systems},
  year = {2023},
  volume = {37},
  eprint = {2305.18415},
}

@inproceedings{dehaan2023euclidean,
  title = {Euclidean, Projective, Conformal: Choosing a Geometric Algebra for Equivariant Transformers}, 
  author = {Pim de Haan and Taco Cohen and Johann Brehmer},
  booktitle = {Proceedings of the 27th International Conference on Artificial Intelligence and Statistics},
  year = {2024},
  volume = {27},
  eprint = {2311.04744},
}

@article{dorst2020guided,
  title={A guided tour to the plane-based geometric algebra PGA},
  author={Dorst, Leo and De Keninck, Steven},
  url={https://bivector.net/PGA4CS.html},
  year={2020}
}


@book{dorst2007geometric,
author = {Dorst, Leo and Fontijne, Daniel and Mann, Stephen},
title = {Geometric Algebra for Computer Science: An Object-Oriented Approach to Geometry},
year = {2007},
isbn = {0123694655},
publisher = {Morgan Kaufmann Publishers Inc.},
address = {San Francisco, CA, USA},
edition = {1st},
}


@book{doran2003geometric,
  title={Geometric algebra for physicists},
  author={Doran, Chris and Lasenby, Anthony},
  year={2003},
  publisher={Cambridge University Press}
}


@article{lundholm2009clifford,
      title={Clifford algebra, geometric algebra, and applications}, 
      author={Douglas Lundholm and Lars Svensson},
      year={2009},
  journal={arXiv preprint arXiv:0907.5356},
}

@article{roelfs2023graded,
  title={Graded symmetry groups: plane and simple},
  author={Roelfs, Martin and De Keninck, Steven},
  journal={Advances in Applied Clifford Algebras},
  volume={33},
  number={3},
  pages={30},
  year={2023},
  publisher={Springer}
}

@inproceedings{ruhe2023geometric,
  title={Geometric clifford algebra networks},
  author={Ruhe, David and Gupta, Jayesh K and De Keninck, Steven and Welling, Max and Brandstetter, Johannes},
  booktitle={International Conference on Machine Learning},
  pages={29306--29337},
  year={2023},
  organization={PMLR}
}

@article{gunn2020projective,
      title={Projective geometric algebra: A new framework for doing euclidean geometry}, 
      author={Charles G. Gunn},
      year={2020},
      journal={arXiv preprint arXiv:1901.05873},
}

%% Software

@article{ahdritz2022openfold,
  title={{OpenFold: Retraining AlphaFold2 yields new insights into its learning mechanisms and capacity for generalization}},
  author={Ahdritz, Gustaf and Bouatta, Nazim and Kadyan, Sachin and Xia, Qinghui and Gerecke, William and O'Donnell, Timothy J and Berenberg, Daniel and Fisk, Ian and Zanichelli, Niccola and Zhang, Bo and others},
  journal={bioRxiv},
  year={2022},
}

@inproceedings{mckinney2010data,
  title={Data structures for statistical computing in python},
  author={McKinney, Wes and others},
  booktitle={Proceedings of the 9th Python in Science Conference},
  volume={445},
  pages={51--56},
  year={2010},
  organization={Austin, TX}
}

@incollection{Paszke2019, 
title = {PyTorch: An Imperative Style, High-Performance Deep Learning Library}, 
author = {Paszke, Adam and Gross, Sam and Massa, Francisco and Lerer, Adam and Bradbury, James and Chanan, Gregory and Killeen, Trevor and Lin, Zeming and Gimelshein, Natalia and Antiga, Luca and Desmaison, Alban and Kopf, Andreas and Yang, Edward and DeVito, Zachary and Raison, Martin and Tejani, Alykhan and Chilamkurthy, Sasank and Steiner, Benoit and Fang, Lu and Bai, Junjie and Chintala, Soumith}, 
booktitle = {Advances in Neural Information Processing Systems}, 
year = {2019},
}

@Article{Hunter2007,
  Author    = {Hunter, J. D.},
  Title     = {Matplotlib: A 2D graphics environment},
  Journal   = {Computing in Science \& Engineering},
  Volume    = {9},
  Number    = {3},
  Pages     = {90--95},
  abstract  = {Matplotlib is a 2D graphics package used for Python for
  application development, interactive scripting, and publication-quality
  image generation across user interfaces and operating systems.},
  publisher = {IEEE COMPUTER SOC},
  year      = 2007
}

@Misc{Yadan2019Hydra,
  author =       {Omry Yadan},
  title =        {Hydra - A framework for elegantly configuring complex applications},
  howpublished = {Github},
  year =         {2019},
  url = {https://github.com/facebookresearch/hydra}
}

@Article{harris2020,
 title         = {Array programming with {NumPy}},
 author        = {Charles R. Harris and K. Jarrod Millman and St{\'{e}}fan J.
                 van der Walt and Ralf Gommers and Pauli Virtanen and David
                 Cournapeau and Eric Wieser and Julian Taylor and Sebastian
                 Berg and Nathaniel J. Smith and Robert Kern and Matti Picus
                 and Stephan Hoyer and Marten H. van Kerkwijk and Matthew
                 Brett and Allan Haldane and Jaime Fern{\'{a}}ndez del
                 R{\'{i}}o and Mark Wiebe and Pearu Peterson and Pierre
                 G{\'{e}}rard-Marchant and Kevin Sheppard and Tyler Reddy and
                 Warren Weckesser and Hameer Abbasi and Christoph Gohlke and
                 Travis E. Oliphant},
 year          = {2020},
 month         = sep,
 journal       = {Nature},
 volume        = {585},
 number        = {7825},
 pages         = {357--362},
 publisher     = {Springer Science and Business Media {LLC}},
}

@ARTICLE{2020SciPy-NMeth,
  author  = {Virtanen, Pauli and Gommers, Ralf and Oliphant, Travis E. and
            Haberland, Matt and Reddy, Tyler and Cournapeau, David and
            Burovski, Evgeni and Peterson, Pearu and Weckesser, Warren and
            Bright, Jonathan and {van der Walt}, St{\'e}fan J. and
            Brett, Matthew and Wilson, Joshua and Millman, K. Jarrod and
            Mayorov, Nikolay and Nelson, Andrew R. J. and Jones, Eric and
            Kern, Robert and Larson, Eric and Carey, C J and
            Polat, {\.I}lhan and Feng, Yu and Moore, Eric W. and
            {VanderPlas}, Jake and Laxalde, Denis and Perktold, Josef and
            Cimrman, Robert and Henriksen, Ian and Quintero, E. A. and
            Harris, Charles R. and Archibald, Anne M. and
            Ribeiro, Ant{\^o}nio H. and Pedregosa, Fabian and
            {van Mulbregt}, Paul and {SciPy 1.0 Contributors}},
  title   = {{{SciPy} 1.0: Fundamental Algorithms for Scientific
            Computing in Python}},
  journal = {Nature Methods},
  year    = {2020},
  volume  = {17},
  pages   = {261--272},
}

@book{van1995python, 
  title={Python reference manual}, 
  author={Van Rossum, Guido and Drake Jr, Fred L}, 
  year={1995}, 
  publisher={Centrum voor Wiskunde en Informatica Amsterdam} 
}

% DSSP
@article{kabsch1983dictionary,
  title={Dictionary of protein secondary structure: pattern recognition of hydrogen-bonded and geometrical features},
  author={Kabsch, Wolfgang and Sander, Christian},
  journal={Biopolymers: Original Research on Biomolecules},
  volume={22},
  number={12},
  pages={2577--2637},
  year={1983},
  publisher={Wiley Online Library}
}

%% local frames
@misc{du2022se3,
      title={SE(3) Equivariant Graph Neural Networks with Complete Local Frames}, 
      author={Weitao Du and He Zhang and Yuanqi Du and Qi Meng and Wei Chen and Bin Shao and Tie-Yan Liu},
      year={2022},
      eprint={2110.14811},
      archivePrefix={arXiv},
      primaryClass={cs.CE}
}

@inproceedings{wang2022graph,
  title={Graph neural network with local frame for molecular potential energy surface},
  author={Wang, Xiyuan and Zhang, Muhan},
  booktitle={Learning on Graphs Conference},
  pages={19--1},
  year={2022},
  organization={PMLR}
}



% Alphafold
@ARTICLE{jumper2021highly,
    title    = "Highly accurate protein structure prediction with {AlphaFold}",
    author   = "Jumper, John and Evans, Richard and Pritzel, Alexander and Green,
                Tim and Figurnov, Michael and Ronneberger, Olaf and
                Tunyasuvunakool, Kathryn and Bates, Russ and {\v Z}{\'\i}dek,
                Augustin and Potapenko, Anna and Bridgland, Alex and Meyer,
                Clemens and Kohl, Simon A A and Ballard, Andrew J and Cowie,
                Andrew and Romera-Paredes, Bernardino and Nikolov, Stanislav and
                Jain, Rishub and Adler, Jonas and Back, Trevor and Petersen, Stig
                and Reiman, David and Clancy, Ellen and Zielinski, Michal and
                Steinegger, Martin and Pacholska, Michalina and Berghammer, Tamas
                and Bodenstein, Sebastian and Silver, David and Vinyals, Oriol
                and Senior, Andrew W and Kavukcuoglu, Koray and Kohli, Pushmeet
                and Hassabis, Demis",
    journal  = "Nature",
    volume   =  596,
    number   =  7873,
    pages    = "583--589",
    month    =  aug,
    year     =  2021,
    language = "en",
}

@article{herbertmaxcluster,
  title={{MaxCluster: a tool for protein structure comparison and clustering}},
  author={Herbert, Alex and Sternberg, MJE},
  year={2008}
}

@article{van2022foldseek,
  title={Foldseek: fast and accurate protein structure search},
  author={van Kempen, Michel and Kim, Stephanie and Tumescheit, Charlotte and Mirdita, Milot and S{\"o}ding, Johannes and Steinegger, Martin},
  journal={bioRxiv},
  year={2022},
  publisher={Cold Spring Harbor Laboratory}
}

@article{zhang2005tm,
  title={TM-align: a protein structure alignment algorithm based on the TM-score},
  author={Zhang, Yang and Skolnick, Jeffrey},
  journal={Nucleic acids research},
  volume={33},
  number={7},
  pages={2302--2309},
  year={2005},
  publisher={Oxford University Press}
}

@inproceedings{shaul2023kinetic,
  title={On Kinetic Optimal Probability Paths for Generative Models},
  author={Shaul, Neta and Chen, Ricky TQ and Nickel, Maximilian and Le, Matthew and Lipman, Yaron},
  booktitle={International Conference on Machine Learning},
  pages={30883--30907},
  year={2023},
  organization={PMLR}
}


@article{pokle2023training,
  title={Training-free Linear Image Inversion via Flows},
  author={Pokle, Ashwini and Muckley, Matthew J and Chen, Ricky TQ and Karrer, Brian},
  journal={arXiv preprint arXiv:2310.04432},
  year={2023}
}

@article{dao2023lfm,
    author    = {Quan Dao and Hao Phung and Binh Nguyen and Anh Tran},
    title     = {Flow Matching in Latent Space},
    journal   = {arXiv preprint arXiv:2307.08698},
    year      = {2023}
}


@article{kingma2014adam,
  title={Adam: A method for stochastic optimization},
  author={Kingma, Diederik P and Ba, Jimmy},
  journal={arXiv preprint arXiv:1412.6980},
  year={2014}
}


@inproceedings{hsu2022learning,
  title={Learning inverse folding from millions of predicted structures},
  author={Hsu, Chloe and Verkuil, Robert and Liu, Jason and Lin, Zeming and Hie, Brian and Sercu, Tom and Lerer, Adam and Rives, Alexander},
  booktitle={International Conference on Machine Learning},
  pages={8946--8970},
  year={2022},
  organization={PMLR}
}

@article{chung2022diffusion,
  title={Diffusion posterior sampling for general noisy inverse problems},
  author={Chung, Hyungjin and Kim, Jeongsol and Mccann, Michael T and Klasky, Marc L and Ye, Jong Chul},
  journal={arXiv preprint arXiv:2209.14687},
  year={2022}
}

@inproceedings{song2022pseudoinverse,
  title={Pseudoinverse-guided diffusion models for inverse problems},
  author={Song, Jiaming and Vahdat, Arash and Mardani, Morteza and Kautz, Jan},
  booktitle={International Conference on Learning Representations},
  year={2022}
}

@article{didi2023framework,
  title={A framework for conditional diffusion modelling with applications in motif scaffolding for protein design},
  author={Didi, Kieran and Vargas, Francisco and Mathis, Simon V and Dutordoir, Vincent and Mathieu, Emile and Komorowska, Urszula J and Lio, Pietro},
  journal={arXiv preprint arXiv:2312.09236},
  year={2023}
}

@article{alamdari2023protein,
  title={Protein generation with evolutionary diffusion: sequence is all you need},
  author={Alamdari, Sarah and Thakkar, Nitya and van den Berg, Rianne and Lu, Alex Xijie and Fusi, Nicolo and Amini, Ava Pardis and Yang, Kevin K},
  journal={bioRxiv},
  pages={2023--09},
  year={2023},
  publisher={Cold Spring Harbor Laboratory}
}

@article{zheng2023guided,
  title={Guided Flows for Generative Modeling and Decision Making},
  author={Zheng, Qinqing and Le, Matt and Shaul, Neta and Lipman, Yaron and Grover, Aditya and Chen, Ricky TQ},
  journal={arXiv preprint arXiv:2311.13443},
  year={2023}
}

@misc{ho2022video,
      title={Video Diffusion Models}, 
      author={Jonathan Ho and Tim Salimans and Alexey Gritsenko and William Chan and Mohammad Norouzi and David J. Fleet},
      year={2022},
      eprint={2204.03458},
      archivePrefix={arXiv},
      primaryClass={cs.CV}
}

@article{ho2022classifier,
  title={Classifier-free diffusion guidance},
  author={Ho, Jonathan and Salimans, Tim},
  journal={arXiv preprint arXiv:2207.12598},
  year={2022}
}

@article{nikolayev1970normal,
  title={Normal distribution on the rotation group {SO(3)}},
  author={Nikolayev, Dmitry I and Savyolov, Tatjana I},
  journal={Textures and Microstructures},
  volume={29},
  year={1970},
  publisher={Hindawi}
}

@article{chen2022analog,
  title={Analog bits: Generating discrete data using diffusion models with self-conditioning},
  author={Chen, Ting and Zhang, Ruixiang and Hinton, Geoffrey},
  journal={International Conference on Learning Representations},
  year={2023}
}

@article{vaswani2017attention,
  title={Attention is all you need},
  author={Vaswani, Ashish and Shazeer, Noam and Parmar, Niki and Uszkoreit, Jakob and Jones, Llion and Gomez, Aidan N and Kaiser, {\L}ukasz and Polosukhin, Illia},
  journal={Advances in neural information processing systems},
  volume={30},
  year={2017}
}

@inproceedings{kohler2020equivariant,
    title        = {Equivariant flows: exact likelihood generative learning for symmetric densities},
    author       = {K{\"o}hler, Jonas and Klein, Leon and No{\'e}, Frank},
    booktitle    = {International conference on machine learning},
    pages        = {5361--5370},
    year         = {2020},
    organization = {PMLR}
}

@article{chen2018neural,
  title   = {Neural ordinary differential equations},
  author  = {Chen, Ricky TQ and Rubanova, Yulia and Bettencourt, Jesse and Duvenaud, David K},
  journal = {Advances in neural information processing systems},
  volume  = {31},
  year    = {2018}
}

@article{lipman2022flow,
  title   = {Flow matching for generative modeling},
  author  = {Lipman, Yaron and Chen, Ricky TQ and Ben-Hamu, Heli and Nickel, Maximilian and Le, Matt},
  journal = {International Conference on Learning Representations},
  year    = {2023}
}

@article{tunyasuvunakool2021highly,
  title     = {Highly accurate protein structure prediction for the human proteome},
  author    = {Tunyasuvunakool, Kathryn and Adler, Jonas and Wu, Zachary and Green, Tim and Zielinski, Michal and {\v{Z}}{\'\i}dek, Augustin and Bridgland, Alex and Cowie, Andrew and Meyer, Clemens and Laydon, Agata and others},
  journal   = {Nature},
  volume    = {596},
  number    = {7873},
  pages     = {590--596},
  year      = {2021},
  publisher = {Nature Publishing Group UK London}
}


@article{ingraham2023illuminating,
  title     = {Illuminating protein space with a programmable generative model},
  author = {Ingraham, John B. and Baranov, Max and Costello, Zak and Barber, Karl W. and Wang, Wujie and Ismail, Ahmed and Frappier, Vincent and Lord, Dana M. and Ng-Thow-Hing, Christopher and Van Vlack, Erik R. and Tie, Shan and Xue, Vincent and Cowles, Sarah C. and Leung, Alan and Rodrigues, João V. and Morales-Perez, Claudio L. and Ayoub, Alex M. and Green, Robin and Puentes, Katherine and Oplinger, Frank and Panwar, Nishant V. and Obermeyer, Fritz and Root, Adam R. and Beam, Andrew L. and Poelwijk, Frank J. and Grigoryan, Gevorg},
  journal   = {Nature},
  pages     = {1--9},
  year      = {2023},
  publisher = {Nature Publishing Group UK London}
}


@article{dauparas2022protmpnn,
  author  = {J. Dauparas  and I. Anishchenko  and N. Bennett  and H. Bai  and R. J. Ragotte  and L. F. Milles  and B. I. M. Wicky  and A. Courbet  and R. J. de Haas  and N. Bethel  and P. J. Y. Leung  and T. F. Huddy  and S. Pellock  and D. Tischer  and F. Chan  and B. Koepnick  and H. Nguyen  and A. Kang  and B. Sankaran  and A. K. Bera  and N. P. King  and D. Baker },
  title   = {Robust deep learning-based protein sequence design using {ProteinMPNN}},
  journal = {Science},
  volume  = {378},
  number  = {6615},
  pages   = {49-56},
  year    = {2022}
}

@article{trippe2022diffusion,
    title   = {Diffusion probabilistic modeling of protein backbones in 3d for the motif-scaffolding problem},
    author  = {Trippe, Brian L and Yim, Jason and Tischer, Doug and Baker, David and Broderick, Tamara and Barzilay, Regina and Jaakkola, Tommi},
    journal = {arXiv preprint arXiv:2206.04119},
    year    = {2022}
}

@article{wu2023practical,
  title   = {Practical and asymptotically exact conditional sampling in diffusion models},
  author  = {Wu, Luhuan and Trippe, Brian L and Naesseth, Christian A and Blei, David M and Cunningham, John P},
  journal = {arXiv preprint arXiv:2306.17775},
  year    = {2023}
}

@article{watson2023novo,
  author = {Watson, Joseph L. and Juergens, David and Bennett, Nathaniel R. and Trippe, Brian L. and Yim, Jason and Eisenach, Helen E. and Ahern, Woody and Borst, Andrew J. and Ragotte, Robert J. and Milles, Lukas F. and Wicky, Basile I. M. and Hanikel, Nikita and Pellock, Samuel J. and Courbet, Alexis and Sheffler, William and Wang, Jue and Venkatesh, Preetham and Sappington, Isaac and Vázquez Torres, Susana and Lauko, Anna and De Bortoli, Valentin and Mathieu, Emile and Ovchinnikov, Sergey and Barzilay, Regina and Jaakkola, Tommi S. and DiMaio, Frank and Baek, Minkyung and Baker, David},
  title = {De novo design of protein structure and function with RFdiffusion},
  journal   = {Nature},
  pages     = {1--3},
  year      = {2023},
  publisher = {Nature Publishing Group UK London}
}

@article{wang2021deep,
  title     = {Deep learning methods for designing proteins scaffolding functional sites},
  author    = {Wang, Jue and Lisanza, Sidney and Juergens, David and Tischer, Doug and Anishchenko, Ivan and Baek, Minkyung and Watson, Joseph L and Chun, Jung Ho and Milles, Lukas F and Dauparas, Justas and Exposit, Marc and Yang, Wei and Saragovi, Amijai and Ovchinnikov, Sergey and Baker, David A.},
  journal   = {bioRxiv},
  year      = {2021},
  publisher = {Cold Spring Harbor Laboratory}
}

@article{roney2022state,
  title={State-of-the-art estimation of protein model accuracy using AlphaFold},
  author={Roney, James P and Ovchinnikov, Sergey},
  journal={Physical Review Letters},
  volume={129},
  number={23},
  pages={238101},
  year={2022},
  publisher={APS}
}

@article{siegel2010computational,
  title     = {{Computational design of an enzyme catalyst for a stereoselective bimolecular Diels-Alder reaction}},
  author    = {Justin B Siegel  and Alexandre Zanghellini  and Helena M Lovick  and Gert Kiss  and Abigail R Lambert  and Jennifer L StClair  and Jasmine L Gallaher  and Donald Hilvert  and Michael H Gelb  and Barry L Stoddard  and Kendall N Houk  and Forrest E Michael  and David Baker},
  journal   = {Science},
  volume    = {329},
  number    = {5989},
  pages     = {309--313},
  year      = {2010},
  publisher = {American Association for the Advancement of Science}
}

@article{procko2014computationally,
  title     = {{A computationally designed inhibitor of an Epstein-Barr viral BCL-2 protein induces apoptosis in infected cells}},
  author    = {Procko, Erik and Berguig, Geoffrey Y and Shen, Betty W and Song,
               Yifan and Frayo, Shani and Convertine, Anthony J and Margineantu,
               Daciana and Booth, Garrett and Correia, Bruno E and Cheng,
               Yuanhua and Schief, William R and Hockenbery, David M and Press,
               Oliver W and Stoddard, Barry L and Stayton, Patrick S and Baker,
               David},
  journal   = {Cell},
  volume    = {157},
  number    = {7},
  pages     = {1644--1656},
  year      = {2014},
  publisher = {Elsevier}
}

@article{correia2014proof,
  title     = {Proof of principle for epitope-focused vaccine design},
  author    = {Correia, Bruno E and Bates, John T and Loomis, Rebecca J and
               Baneyx, Gretchen and Carrico, Chris and Jardine, Joseph G and
               Rupert, Peter and Correnti, Colin and Kalyuzhniy, Oleksandr and
               Vittal, Vinayak and Connell, Mary J and Stevens, Eric and
               Schroeter, Alexandria and Chen, Man and Macpherson, Skye and
               Serra, Andreia M and Adachi, Yumiko and Holmes, Margaret A and
               Li, Yuxing and Klevit, Rachel E and Graham, Barney S and Wyatt,
               Richard T and Baker, David and Strong, Roland K and Crowe, Jr,
               James E and Johnson, Philip R and Schief, William R},
  journal   = {Nature},
  volume    = {507},
  number    = {7491},
  pages     = {201--206},
  year      = {2014},
  publisher = {Nature Publishing Group}
}

@article{jiang2008novo,
  title     = {De novo computational design of retro-aldol enzymes},
  author    = {Jiang, Lin and Althoff, Eric A and Clemente, Fernando R and Doyle, Lindsey and Rothlisberger, Daniela and Zanghellini, Alexandre and Gallaher, Jasmine L and Betker, Jamie L and Tanaka, Fujie and Barbas III, Carlos F and Hilvert, Donald and Houk, Kendal N and Stoddard, Barry L. and Baker, David},
  journal   = {Science},
  volume    = {319},
  number    = {5868},
  pages     = {1387--1391},
  year      = {2008},
  publisher = {American Association for the Advancement of Science}
}

@book{sarkka2019Applied,
  title = {Applied {{Stochastic Differential Equations}}},
  author = {S{\"a}rkk{\"a}, Simo and Solin, Arno},
  year = {2019},
  month = apr,
  edition = {1},
  publisher = {{Cambridge University Press}},
  isbn = {978-1-108-18673-5 978-1-316-51008-7 978-1-316-64946-6},
  langid = {english}
}

@inproceedings{corso2023diffdock,
  title={DiffDock: Diffusion Steps, Twists, and Turns for Molecular Docking},
  author={Corso, Gabriele and Jing, Bowen and Barzilay, Regina and Jaakkola, Tommi and others},
  booktitle={International Conference on Learning Representations (ICLR 2023)},
  year={2023}
}

@article{bronstein2017geometric,
  title={Geometric deep learning: going beyond euclidean data},
  author={Bronstein, Michael M and Bruna, Joan and LeCun, Yann and Szlam, Arthur and Vandergheynst, Pierre},
  journal={IEEE Signal Processing Magazine},
  volume={34},
  number={4},
  pages={18--42},
  year={2017},
  publisher={IEEE}
}

@article{bronstein2021geometric,
  title={Geometric deep learning: Grids, groups, graphs, geodesics, and gauges},
  author={Bronstein, Michael M and Bruna, Joan and Cohen, Taco and Veli{\v{c}}kovi{\'c}, Petar},
  journal={arXiv preprint arXiv:2104.13478},
  year={2021}
}

@inproceedings{lippmann2024tensorframes,
title={Beyond Canonicalization: How Tensorial Messages Improve Equivariant Message Passing},
author={Peter Lippmann and Gerrit Gerhartz and Roman Remme and Fred A. Hamprecht},
booktitle={The Thirteenth International Conference on Learning Representations},
year={2025},
}

@misc{schuett2021equivariant,
      title={Equivariant message passing for the prediction of tensorial properties and molecular spectra}, 
      author={Kristof T. Schütt and Oliver T. Unke and Michael Gastegger},
      year={2021},
      journal = {arXiv preprint arXiv:2102.03150},
}

@InProceedings{hoogeboom22a,
  title = 	 {Equivariant Diffusion for Molecule Generation in 3{D}},
  author =       {Hoogeboom, Emiel and Satorras, V\'{\i}ctor Garcia and Vignac, Cl{\'e}ment and Welling, Max},
  booktitle = 	 {Proceedings of the 39th International Conference on Machine Learning},
  pages = 	 {8867--8887},
  year = 	 {2022},
  editor = 	 {Chaudhuri, Kamalika and Jegelka, Stefanie and Song, Le and Szepesvari, Csaba and Niu, Gang and Sabato, Sivan},
  volume = 	 {162},
  series = 	 {Proceedings of Machine Learning Research},
  month = 	 {17--23 Jul},
  publisher =    {PMLR},
}

@inproceedings{gasteiger2019directional,
title={Directional Message Passing for Molecular Graphs},
author={Johannes Gasteiger and Janek Groß and Stephan Günnemann},
booktitle={International Conference on Learning Representations},
year={2020},
}

@inproceedings{klein2023equivariant,
 author = {Klein, Leon and Kr\"{a}mer, Andreas and Noe, Frank},
 booktitle = {Advances in Neural Information Processing Systems},
 editor = {A. Oh and T. Naumann and A. Globerson and K. Saenko and M. Hardt and S. Levine},
 pages = {59886--59910},
 publisher = {Curran Associates, Inc.},
 title = {Equivariant flow matching},
 volume = {36},
 year = {2023}
}

@inproceedings{satorras2021flows,
 author = {Garcia Satorras, Victor and Hoogeboom, Emiel and Fuchs, Fabian and Posner, Ingmar and Welling, Max},
 booktitle = {Advances in Neural Information Processing Systems},
 editor = {M. Ranzato and A. Beygelzimer and Y. Dauphin and P.S. Liang and J. Wortman Vaughan},
 pages = {4181--4192},
 publisher = {Curran Associates, Inc.},
 title = {E(n) Equivariant Normalizing Flows},
 volume = {34},
 year = {2021}
}

@inproceedings{simeon2023tensornet,
 author = {Simeon, Guillem and De Fabritiis, Gianni},
 booktitle = {Advances in Neural Information Processing Systems},
 editor = {A. Oh and T. Naumann and A. Globerson and K. Saenko and M. Hardt and S. Levine},
 pages = {37334--37353},
 publisher = {Curran Associates, Inc.},
 title = {TensorNet: Cartesian Tensor Representations for Efficient Learning of Molecular Potentials},
 volume = {36},
 year = {2023}
}

@article{thomas2018tensor,
      title={Tensor field networks: Rotation- and translation-equivariant neural networks for 3D point clouds}, 
      author={Nathaniel Thomas and Tess Smidt and Steven Kearnes and Lusann Yang and Li Li and Kai Kohlhoff and Patrick Riley},
      year={2018},
      journal = {arXiv preprint arXiv:1802.08219},
}

@inproceedings{
liao2023equiformer,
title={Equiformer: Equivariant Graph Attention Transformer for 3D Atomistic Graphs},
author={Yi-Lun Liao and Tess Smidt},
booktitle={The Eleventh International Conference on Learning Representations },
year={2023},
}

@inproceedings{
brandstetter2022geometric,
title={Geometric and Physical Quantities improve E(3) Equivariant Message Passing},
author={Johannes Brandstetter and Rob Hesselink and Elise van der Pol and Erik J Bekkers and Max Welling},
booktitle={International Conference on Learning Representations},
year={2022},
}

@phdthesis{cohen2021equivariant,
  title={Equivariant convolutional networks},
  author={Cohen, Taco},
  year={2021},
  school={Taco Cohen}
}

@article{batzner2022,
  title={E (3)-equivariant graph neural networks for data-efficient and accurate interatomic potentials},
  author={Batzner, Simon and Musaelian, Albert and Sun, Lixin and Geiger, Mario and Mailoa, Jonathan P and Kornbluth, Mordechai and Molinari, Nicola and Smidt, Tess E and Kozinsky, Boris},
  journal={Nature communications},
  volume={13},
  number={1},
  pages={2453},
  year={2022},
  publisher={Nature Publishing Group UK London}
}


@InProceedings{satorras2021gnn,
  title = 	 {E(n) Equivariant Graph Neural Networks},
  author =       {Satorras, V\'{\i}ctor Garcia and Hoogeboom, Emiel and Welling, Max},
  booktitle = 	 {Proceedings of the 38th International Conference on Machine Learning},
  pages = 	 {9323--9332},
  year = 	 {2021},
  editor = 	 {Meila, Marina and Zhang, Tong},
  volume = 	 {139},
  series = 	 {Proceedings of Machine Learning Research},
  month = 	 {18--24 Jul},
  publisher =    {PMLR},
}

% ESMFold
@article{lin2022language,
  title={Language models of protein sequences at the scale of evolution enable accurate structure prediction},
author = {Lin, Zeming and Akin, Halil and Rao, Roshan and Hie, Brian and Zhu, Zhongkai and Lu, Wenting and Santos Costa, Allan dos and Fazel-Zarandi, Maryam and Sercu, Tom and Candido, Sal and Rives, Alexander},
  journal={bioRxiv},
  year={2022},
  publisher={Cold Spring Harbor Laboratory}
}

% geometric algebra
@book{hestenes2012clifford,
  title={Clifford algebra to geometric calculus: a unified language for mathematics and physics},
  author={Hestenes, David and Sobczyk, Garret},
  volume={5},
  year={2012},
  publisher={Springer Science \& Business Media}
}

@incollection{lounesto2001clifford,
  title={Clifford algebras and spinors},
  author={Lounesto, Pertti},
  booktitle={Clifford algebras and their applications in mathematical physics},
  pages={25--37},
  year={2001},
  publisher={Springer}
}

% clifford algebra papers brandstetter
@inproceedings{
brandstetter2023clifford,
title={Clifford Neural Layers for {PDE} Modeling},
author={Johannes Brandstetter and Rianne van den Berg and Max Welling and Jayesh K Gupta},
booktitle={The Eleventh International Conference on Learning Representations },
year={2023},
}

@inproceedings{
ruhe2023clifford,
title={Clifford Group Equivariant Neural Networks},
author={David Ruhe and Johannes Brandstetter and Patrick Forr{\'e}},
booktitle={Thirty-seventh Conference on Neural Information Processing Systems},
year={2023},
}

% further clifford neural networks
@INPROCEEDINGS{pearson1994neural,
  author={Pearson, J.K. and Bisset, D.L.},
  booktitle={Proceedings of 1994 IEEE International Conference on Neural Networks (ICNN'94)}, 
  title={Neural networks in the Clifford domain}, 
  year={1994},
  volume={3},
  number={},
  pages={1465-1469 vol.3},
  keywords={Neural networks;Intelligent networks;Algebra;Frequency;Biological neural networks;Biological system modeling;Brain modeling;Electrical engineering;Multidimensional systems;Equations},
}

@article{buchholz2008clifford,
  title={On Clifford neurons and Clifford multi-layer perceptrons},
  author={Buchholz, Sven and Sommer, Gerald},
  journal={Neural Networks},
  volume={21},
  number={7},
  pages={925--935},
  year={2008},
  publisher={Elsevier}
}





@article{baker-church-2024,
author = {David Baker  and George Church },
title = {Protein design meets biosecurity},
journal = {Science},
volume = {383},
number = {6681},
pages = {349-349},
year = {2024},
abstract = {The power and accuracy of computational protein design have been increasing rapidly with the incorporation of artificial intelligence (AI) approaches. This promises to transform biotechnology, enabling advances across sustainability and medicine. DNA synthesis plays a critical role in materializing designed proteins. However, as with all major revolutionary changes, this technology is vulnerable to misuse and the production of dangerous biological agents. To enable the full benefits of this revolution while mitigating risks that may emerge, all synthetic gene sequence and synthesis data should be collected and stored in repositories that are only queried in emergencies to ensure that protein design proceeds in a safe, secure, and trustworthy manner.}}



% MD stuff

@article{sun2019utility,
  title={Utility of B-factors in protein science: interpreting rigidity, flexibility, and internal motion and engineering thermostability},
  author={Sun, Zhoutong and Liu, Qian and Qu, Ge and Feng, Yan and Reetz, Manfred T},
  journal={Chemical reviews},
  volume={119},
  number={3},
  pages={1626--1665},
  year={2019},
  publisher={ACS Publications}
}

@article{vander2024atlas,
  title={ATLAS: protein flexibility description from atomistic molecular dynamics simulations},
  author={Vander Meersche, Yann and Cretin, Gabriel and Gheeraert, Aria and Gelly, Jean-Christophe and Galochkina, Tatiana},
  journal={Nucleic acids research},
  volume={52},
  number={D1},
  pages={D384--D392},
  year={2024},
  publisher={Oxford University Press}
}

@article{djinovic2015missing,
  title={Missing strings of residues in protein crystal structures},
  author={Djinovic-Carugo, Kristina and Carugo, Oliviero},
  journal={Intrinsically disordered proteins},
  volume={3},
  number={1},
  pages={e1095697},
  year={2015},
  publisher={Taylor \& Francis}
}


%Intro stuff

@article{planas2021computational,
  title={Computational design of enzymes for biotechnological applications},
  author={Planas-Iglesias, Joan and Marques, S{\'e}rgio M and Pinto, Gaspar P and Musil, Milos and Stourac, Jan and Damborsky, Jiri and Bednar, David},
  journal={Biotechnology Advances},
  volume={47},
  pages={107696},
  year={2021},
  publisher={Elsevier}
}

@article{katsimpouras2021enzymes,
  title={Enzymes in biotechnology: Critical platform technologies for bioprocess development},
  author={Katsimpouras, Constantinos and Stephanopoulos, Gregory},
  journal={Current opinion in biotechnology},
  volume={69},
  pages={91--102},
  year={2021},
  publisher={Elsevier}
}

@article{ebrahimi2023engineering,
  title={Engineering protein-based therapeutics through structural and chemical design},
  author={Ebrahimi, Sasha B and Samanta, Devleena},
  journal={Nature Communications},
  volume={14},
  number={1},
  pages={2411},
  year={2023},
  publisher={Nature Publishing Group UK London}
}

@article{bennett2024atomically,
  title={Atomically accurate de novo design of single-domain antibodies},
  author={Bennett, Nathaniel R and Watson, Joseph L and Ragotte, Robert J and Borst, Andrew J and See, D{\'e}jena{\'e} L and Weidle, Connor and Biswas, Riti and Shrock, Ellen L and Leung, Philip JY and Huang, Buwei and others},
  journal={bioRxiv},
  year={2024},
  publisher={Cold Spring Harbor Laboratory Preprints}
}

@article{koenig2021structure,
  title={Structure-guided multivalent nanobodies block SARS-CoV-2 infection and suppress mutational escape},
  author={Koenig, Paul-Albert and Das, Hrishikesh and Liu, Hejun and K{\"u}mmerer, Beate M and Gohr, Florian N and Jenster, Lea-Marie and Schiffelers, Lisa DJ and Tesfamariam, Yonas M and Uchima, Miki and Wuerth, Jennifer D and others},
  journal={Science},
  volume={371},
  number={6530},
  pages={eabe6230},
  year={2021},
  publisher={American Association for the Advancement of Science}
}

@article{lovelock2022road,
  title={The road to fully programmable protein catalysis},
  author={Lovelock, Sarah L and Crawshaw, Rebecca and Basler, Sophie and Levy, Colin and Baker, David and Hilvert, Donald and Green, Anthony P},
  journal={Nature},
  volume={606},
  number={7912},
  pages={49--58},
  year={2022},
  publisher={Nature Publishing Group UK London}
}

@article{krishna2024generalized,
  title={Generalized biomolecular modeling and design with RoseTTAFold All-Atom},
  author={Krishna, Rohith and Wang, Jue and Ahern, Woody and Sturmfels, Pascal and Venkatesh, Preetham and Kalvet, Indrek and Lee, Gyu Rie and Morey-Burrows, Felix S and Anishchenko, Ivan and Humphreys, Ian R and others},
  journal={Science},
  volume={384},
  number={6693},
  pages={eadl2528},
  year={2024},
  publisher={American Association for the Advancement of Science}
}

@inproceedings{
wagner2024generating,
title={Generating Highly Designable Proteins with Geometric Algebra Flow Matching},
author={Simon Wagner and Leif Seute and Vsevolod Viliuga and Nicolas Wolf and Frauke Gr{\"a}ter and Jan Stuehmer},
booktitle={The Thirty-eighth Annual Conference on Neural Information Processing Systems},
year={2024}
}

@article{Adcock2006,
  title={Molecular Dynamics: Survey of Methods for Simulating the Activity of Proteins},
  author={Adcock, Stewart A. and McCammon, J. Andrew},
  journal={Chemical Reviews},
  volume={106},
  number={5},
  pages={1589--1615},
  year={2006},
  month={May},
  publisher={American Chemical Society},
  doi={10.1021/cr040426m},
}

@inproceedings{wang2024proteinconfdiff,
  title={Protein Conformation Generation via Force-Guided SE (3) Diffusion Models},
  author={Wang, Yan and Wang, Lihao and Shen, Yuning and Wang, Yiqun and Yuan, Huizhuo and Wu, Yue and Gu, Quanquan},
  booktitle={Forty-first International Conference on Machine Learning},
  year={2024}
}

@article{zambaldi2024novo,
  title={De novo design of high-affinity protein binders with AlphaProteo},
  author={Zambaldi, Vinicius and La, David and Chu, Alexander E and Patani, Harshnira and Danson, Amy E and Kwan, Tristan OC and Frerix, Thomas and Schneider, Rosalia G and Saxton, David and Thillaisundaram, Ashok and others},
  journal={arXiv preprint arXiv:2409.08022},
  year={2024}
}

@article{rahban2022thermal,
  title={Thermal stability enhancement: Fundamental concepts of protein engineering strategies to manipulate the flexible structure},
  author={Rahban, Mahdie and Zolghadri, Samaneh and Salehi, Najmeh and Ahmad, Faizan and Haertl{\'e}, Thomas and Rezaei-Ghaleh, Nasrollah and Sawyer, Lindsay and Saboury, Ali Akbar},
  journal={International journal of biological macromolecules},
  volume={214},
  pages={642--654},
  year={2022},
  publisher={Elsevier}
}

@article{scandurra1998protein,
  title={Protein thermostability in extremophiles},
  author={Scandurra, Roberto and Consalvi, Valerio and Chiaraluce, Roberta and Politi, Laura and Engel, Paul C},
  journal={Biochimie},
  volume={80},
  number={11},
  pages={933--941},
  year={1998},
  publisher={Elsevier}
}

@article{liao2018loop,
  title={Loop motion in triosephosphate isomerase is not a simple open and shut case},
  author={Liao, Qinghua and Kulkarni, Yashraj and Sengupta, Ushnish and Petrović, Dušan and Mulholland, Adrian J and van der Kamp, Marc W and Strodel, Birgit and Kamerlin, Shina Caroline Lynn},
  journal={Journal of the American Chemical Society},
  volume={140},
  number={46},
  pages={15889--15903},
  year={2018},
  publisher={ACS Publications}
}

@article{benkovic2008free,
  title={Free-energy landscape of enzyme catalysis},
  author={Benkovic, Stephen J and Hammes, Gordon G and Hammes-Schiffer, Sharon},
  journal={Biochemistry},
  volume={47},
  number={11},
  pages={3317--3321},
  year={2008},
  publisher={ACS Publications}
}

@article{miller1998stretching,
  title={Stretching exercises—flexibility in dihydrofolate reductase catalysis},
  author={Miller, Grover Paul and Benkovic, Stephen J},
  journal={Chemistry \& biology},
  volume={5},
  number={5},
  pages={R105--R113},
  year={1998},
  publisher={Elsevier}
}

@article{zinovjev2024activation,
  title={Activation and friction in enzymatic loop opening and closing dynamics},
  author={Zinovjev, Kirill and Gu{\'e}non, Paul and Ramos-Guzm{\'a}n, Carlos A and Ruiz-Pern{\'\i}a, J Javier and Laage, Damien and Tu{\~n}{\'o}n, I{\~n}aki},
  journal={Nature Communications},
  volume={15},
  number={1},
  pages={2490},
  year={2024},
  publisher={Nature Publishing Group UK London}
}

@article{fecker2018active,
  title={Active site flexibility as a hallmark for efficient PET degradation by I. sakaiensis PETase},
  author={Fecker, Tobias and Galaz-Davison, Pablo and Engelberger, Felipe and Narui, Yoshie and Sotomayor, Marcos and Parra, Loreto P and Ram{\'\i}rez-Sarmiento, C{\'e}sar A},
  journal={Biophysical journal},
  volume={114},
  number={6},
  pages={1302--1312},
  year={2018},
  publisher={Elsevier}
}

@article{chen2022biodegradation,
  title={Biodegradation of highly crystallized poly (ethylene terephthalate) through cell surface codisplay of bacterial PETase and hydrophobin},
  author={Chen, Zhuozhi and Duan, Rongdi and Xiao, Yunjie and Wei, Yi and Zhang, Hanxiao and Sun, Xinzhao and Wang, Shen and Cheng, Yingying and Wang, Xue and Tong, Shanwei and others},
  journal={Nature Communications},
  volume={13},
  number={1},
  pages={7138},
  year={2022},
  publisher={Nature Publishing Group UK London}
}

@article{richter2023structure,
  title={Structure and function of the metagenomic plastic-degrading polyester hydrolase PHL7 bound to its product},
  author={Richter, P Konstantin and Bl{\'a}zquez-S{\'a}nchez, Paula and Zhao, Ziyue and Engelberger, Felipe and Wiebeler, Christian and K{\"u}nze, Georg and Frank, Ronny and Krinke, Dana and Frezzotti, Emanuele and Lihanova, Yuliia and others},
  journal={Nature Communications},
  volume={14},
  number={1},
  pages={1905},
  year={2023},
  publisher={Nature Publishing Group UK London}
}


@article{teilum2009functional,
  title={Functional aspects of protein flexibility},
  author={Teilum, Kaare and Olsen, Johan G and Kragelund, Birthe B},
  journal={Cellular and Molecular Life Sciences},
  volume={66},
  pages={2231--2247},
  year={2009},
  publisher={Springer}
}

@article{eyal2005limit,
  title={The limit of accuracy of protein modeling: influence of crystal packing on protein structure},
  author={Eyal, Eran and Gerzon, Sergey and Potapov, Vladimir and Edelman, Marvin and Sobolev, Vladimir},
  journal={Journal of molecular biology},
  volume={351},
  number={2},
  pages={431--442},
  year={2005},
  publisher={Elsevier}
}

@article{wlodawer2017high,
  title={High-resolution cryo-EM maps and models: a crystallographer's perspective},
  author={Wlodawer, Alexander and Li, Mi and Dauter, Zbigniew},
  journal={Structure},
  volume={25},
  number={10},
  pages={1589--1597},
  year={2017},
  publisher={Elsevier}
}


@article{ruff2021alphafold,
  title={AlphaFold and implications for intrinsically disordered proteins},
  author={Ruff, Kiersten M and Pappu, Rohit V},
  journal={Journal of molecular biology},
  volume={433},
  number={20},
  pages={167208},
  year={2021},
  publisher={Elsevier}
}
@article{alderson2023systematic,
  title={Systematic identification of conditionally folded intrinsically disordered regions by AlphaFold2},
  author={Alderson, T Reid and Priti{\v{s}}anac, Iva and Kolari{\'c}, {\DJ}esika and Moses, Alan M and Forman-Kay, Julie D},
  journal={Proceedings of the National Academy of Sciences},
  volume={120},
  number={44},
  pages={e2304302120},
  year={2023},
  publisher={National Acad Sciences}
}
@article{akdel2022structural,
  title={A structural biology community assessment of AlphaFold2 applications},
  author={Akdel, Mehmet and Pires, Douglas EV and Pardo, Eduard Porta and J{\"a}nes, J{\"u}rgen and Zalevsky, Arthur O and M{\'e}sz{\'a}ros, B{\'a}lint and Bryant, Patrick and Good, Lydia L and Laskowski, Roman A and Pozzati, Gabriele and others},
  journal={Nature Structural \& Molecular Biology},
  volume={29},
  number={11},
  pages={1056--1067},
  year={2022},
  publisher={Nature Publishing Group US New York}
}
@article{tunyasuvunakool2021highly,
  title={Highly accurate protein structure prediction for the human proteome},
  author={Tunyasuvunakool, Kathryn and Adler, Jonas and Wu, Zachary and Green, Tim and Zielinski, Michal and {\v{Z}}{\'\i}dek, Augustin and Bridgland, Alex and Cowie, Andrew and Meyer, Clemens and Laydon, Agata and others},
  journal={Nature},
  volume={596},
  number={7873},
  pages={590--596},
  year={2021},
  publisher={Nature Publishing Group UK London}
}
@article{varadi2022alphafold,
  title={AlphaFold Protein Structure Database: massively expanding the structural coverage of protein-sequence space with high-accuracy models},
  author={Varadi, Mihaly and Anyango, Stephen and Deshpande, Mandar and Nair, Sreenath and Natassia, Cindy and Yordanova, Galabina and Yuan, David and Stroe, Oana and Wood, Gemma and Laydon, Agata and others},
  journal={Nucleic acids research},
  volume={50},
  number={D1},
  pages={D439--D444},
  year={2022},
  publisher={Oxford University Press}
}

@article{wayment-steele2024predicting,
  author    = {Hannah K. Wayment-Steele and Adedolapo Ojoawo and Renee Otten and Julia M. Apitz and Warintra Pitsawong and Marc H{\"o}mberger and Sergey Ovchinnikov and Lucy Colwell and Dorothee Kern},
  title = {Predicting multiple conformations via sequence clustering and AlphaFold2},
  journal = {Nature},
  volume = {625},
  pages = {832--839},
  year = {2024},
}

@article {Lewis2024-bio-emu,
	author = {Lewis, Sarah and Hempel, Tim and Jim{\'e}nez-Luna, Jos{\'e} and Gastegger, Michael and Xie, Yu and Foong, Andrew Y. K. and Satorras, Victor Garc{\'\i}a and Abdin, Osama and Veeling, Bastiaan S. and Zaporozhets, Iryna and Chen, Yaoyi and Yang, Soojung and Schneuing, Arne and Nigam, Jigyasa and Barbero, Federico and Stimper, Vincent and Campbell, Andrew and Yim, Jason and Lienen, Marten and Shi, Yu and Zheng, Shuxin and Schulz, Hannes and Munir, Usman and Clementi, Cecilia and No{\'e}, Frank},
	title = {Scalable emulation of protein equilibrium ensembles with generative deep learning},
	year = {2024},
	publisher = {Cold Spring Harbor Laboratory},
	journal = {bioRxiv}
}

@article{jing2024alphafoldmeetsflowmatching,
      title={AlphaFold Meets Flow Matching for Generating Protein Ensembles}, 
      author={Bowen Jing and Bonnie Berger and Tommi Jaakkola},
      year={2024},
      eprint={2402.04845},
      archivePrefix={arXiv},
      primaryClass={q-bio.BM},
      journal={arXiv preprint arXiv:2402.04845},
}


@article{hess_p-lincs_2008,
	title = {P-{LINCS}: A Parallel Linear Constraint Solver for Molecular Simulation},
	volume = {4},
	issn = {1549-9618, 1549-9626},
	shorttitle = {P-{LINCS}},
	pages = {116--122},
	number = {1},
	journal = {Journal of Chemical Theory and Computation},
	shortjournal = {J. Chem. Theory Comput.},
	author = {Hess, Berk},
        year = {2008},
}

@article{tip3p_1983,
    author = {Jorgensen, William L. and Chandrasekhar, Jayaraman and Madura, Jeffry D. and Impey, Roger W. and Klein, Michael L.},
    title = {Comparison of simple potential functions for simulating liquid water},
    journal = {The Journal of Chemical Physics},
    volume = {79},
    number = {2},
    pages = {926-935},
    year = {1983},
    month = {07},
}

@article{gromacs,
title = {GROMACS: High performance molecular simulations through multi-level parallelism from laptops to supercomputers},
journal = {SoftwareX},
volume = {1-2},
pages = {19-25},
year = {2015},
issn = {2352-7110},
author = {Mark James Abraham and Teemu Murtola and Roland Schulz and Szilárd Páll and Jeremy C. Smith and Berk Hess and Erik Lindahl},
}

@article{morcos2011direct,
  title={Direct-coupling analysis of residue coevolution captures native contacts across many protein families},
  author={Morcos, Faruck and Pagnani, Andrea and Lunt, Bryan and Bertolino, Arianna and Marks, Debora S and Sander, Chris and Zecchina, Riccardo and Onuchic, Jos{\'e} N and Hwa, Terence and Weigt, Martin},
  journal={Proceedings of the National Academy of Sciences},
  volume={108},
  number={49},
  pages={E1293--E1301},
  year={2011},
  publisher={National Acad Sciences}
}

@article{xu2019distance,
  title={Distance-based protein folding powered by deep learning},
  author={Xu, Jinbo},
  journal={Proceedings of the National Academy of Sciences},
  volume={116},
  number={34},
  pages={16856--16865},
  year={2019},
  publisher={National Acad Sciences}
}

@article{rives2021biological,
  title={Biological structure and function emerge from scaling unsupervised learning to 250 million protein sequences},
  author    = {Alexander Rives and Joshua Meier and Tom Sercu and Siddharth Goyal and Zeming Lin and Jerry Liu and Demi Guo and Myle Ott and C. Lawrence Zitnick and Jason Ma and Rob Fergus},
  journal={Proceedings of the National Academy of Sciences},
  volume={118},
  number={15},
  pages={e2016239118},
  year={2021},
  publisher={National Acad Sciences}
}


@inproceedings{albergo2022building,
  title={Building Normalizing Flows with Stochastic Interpolants},
  author={Albergo, M. S. and Vanden-Eijnden, E.},
  booktitle={The Eleventh International Conference on Learning Representations},
  year={2022}
}

@inproceedings{
huguet2024foldflow2,
title={Sequence-Augmented {SE}(3)-Flow Matching For Conditional Protein Generation},
author={Guillaume Huguet and James Vuckovic and Kilian FATRAS and Eric Thibodeau-Laufer and Pablo Lemos and Riashat Islam and Cheng-Hao Liu and Jarrid Rector-Brooks and Tara Akhound-Sadegh and Michael M. Bronstein and Alexander Tong and Joey Bose},
booktitle={The Thirty-eighth Annual Conference on Neural Information Processing Systems},
year={2024},
}


@article{noe_boltzmann2019,
author = {Frank Noé  and Simon Olsson  and Jonas Köhler  and Hao Wu },
title = {Boltzmann generators: Sampling equilibrium states of many-body systems with deep learning},
journal = {Science},
volume = {365},
number = {6457},
pages = {eaaw1147},
year = {2019},
}

@article{lin2024genie2,
      title={Out of Many, One: Designing and Scaffolding Proteins at the Scale of the Structural Universe with Genie 2}, 
      author={Yeqing Lin and Minji Lee and Zhao Zhang and Mohammed AlQuraishi},
      year={2024},
      eprint={2405.15489},
      journal={arXiv preprint arXiv:2405.15489},
}

@article{pacesa2024bindcraft,
  title={BindCraft: one-shot design of functional protein binders},
	author = {Pacesa, Martin and Nickel, Lennart and Schmidt, Joseph and Pyatova, Ekaterina and Schellhaas, Christian and Kissling, Lucas and Alcaraz-Serna, Ana and Cho, Yehlin and Ghamary, Kourosh H. and Vinu{\'e}, Laura and Yachnin, Brahm J. and Wollacott, Andrew M. and Buckley, Stephen and Georgeon, Sandrine and Goverde, Casper A. and Hatzopoulos, Georgios N. and G{\"o}nczy, Pierre and Muller, Yannick D. and Schwank, Gerald and Ovchinnikov, Sergey and Correia, Bruno E.},
  journal={bioRxiv},
  pages={2024--09},
  year={2024},
  publisher={Cold Spring Harbor Laboratory}
}

@article{guo2024deep,
  title={Deep learning guided design of dynamic proteins},
  author={Guo, Amy B and Akpinaroglu, Deniz and Kelly, Mark JS and Kortemme, Tanja},
  journal={bioRxiv},
  year={2024}
}