@article{jing2024alphafoldmeetsflowmatching,
      title={AlphaFold Meets Flow Matching for Generating Protein Ensembles}, 
      author={Bowen Jing and Bonnie Berger and Tommi Jaakkola},
      year={2024},
      eprint={2402.04845},
      archivePrefix={arXiv},
      primaryClass={q-bio.BM},
      journal={arXiv preprint arXiv:2402.04845},
}

@ARTICLE{jumper2021highly,
    title    = "Highly accurate protein structure prediction with {AlphaFold}",
    author   = "Jumper, John and Evans, Richard and Pritzel, Alexander and Green,
                Tim and Figurnov, Michael and Ronneberger, Olaf and
                Tunyasuvunakool, Kathryn and Bates, Russ and {\v Z}{\'\i}dek,
                Augustin and Potapenko, Anna and Bridgland, Alex and Meyer,
                Clemens and Kohl, Simon A A and Ballard, Andrew J and Cowie,
                Andrew and Romera-Paredes, Bernardino and Nikolov, Stanislav and
                Jain, Rishub and Adler, Jonas and Back, Trevor and Petersen, Stig
                and Reiman, David and Clancy, Ellen and Zielinski, Michal and
                Steinegger, Martin and Pacholska, Michalina and Berghammer, Tamas
                and Bodenstein, Sebastian and Silver, David and Vinyals, Oriol
                and Senior, Andrew W and Kavukcuoglu, Koray and Kohli, Pushmeet
                and Hassabis, Demis",
    journal  = "Nature",
    volume   =  596,
    number   =  7873,
    pages    = "583--589",
    month    =  aug,
    year     =  2021,
    language = "en",
}

@inproceedings{klein2023equivariant,
 author = {Klein, Leon and Kr\"{a}mer, Andreas and Noe, Frank},
 booktitle = {Advances in Neural Information Processing Systems},
 editor = {A. Oh and T. Naumann and A. Globerson and K. Saenko and M. Hardt and S. Levine},
 pages = {59886--59910},
 publisher = {Curran Associates, Inc.},
 title = {Equivariant flow matching},
 volume = {36},
 year = {2023}
}

@article{noe_boltzmann2019,
author = {Frank Noé  and Simon Olsson  and Jonas Köhler  and Hao Wu },
title = {Boltzmann generators: Sampling equilibrium states of many-body systems with deep learning},
journal = {Science},
volume = {365},
number = {6457},
pages = {eaaw1147},
year = {2019},
}

@inproceedings{wang2024proteinconfdiff,
  title={Protein Conformation Generation via Force-Guided SE (3) Diffusion Models},
  author={Wang, Yan and Wang, Lihao and Shen, Yuning and Wang, Yiqun and Yuan, Huizhuo and Wu, Yue and Gu, Quanquan},
  booktitle={Forty-first International Conference on Machine Learning},
  year={2024}
}

