@article{rosenthal1973class,
  title={A class of games possessing pure-strategy Nash equilibria},
  author={Rosenthal, Robert W},
  journal={International Journal of Game Theory},
  volume={2},
  number={1},
  pages={65--67},
  year={1973},
  publisher={Springer}
}

@article{monderer1996potential,
  title={Potential games},
  author={Monderer, Dov and Shapley, Lloyd S},
  journal={Games and economic behavior},
  volume={14},
  number={1},
  pages={124--143},
  year={1996},
  publisher={Elsevier}
}
@book{chuan1992principles,
  title={Principles and techniques in combinatorics},
  author={Chuan-Chong, Chen and Khee-Meng, Koh},
  volume={2},
  year={1992},
  publisher={World Scientific}
}
@incollection{durr2007nash,
  title={Nash equilibria in Voronoi games on graphs},
  author={D{\"u}rr, Christoph and Thang, Nguyen Kim},
  booktitle={Algorithms--ESA 2007},
  pages={17--28},
  year={2007},
  publisher={Springer}
}
@techreport{shapley1952value,
  title={A value for n-person games},
  author={Shapley, Lloyd S},
  year={1952},
  institution={DTIC Document}
}
@article{Ben-Porat16,
  author    = {Omer Ben{-}Porat and
               Moshe Tennenholtz},
  title     = {Multi-Unit Facility Location Games},
  journal   = {CoRR},
  volume    = {abs/1602.03655},
  year      = {2016},
  url       = {http://arxiv.org/abs/1602.03655},
  timestamp = {Tue, 01 Mar 2016 17:47:25 +0100},
  biburl    = {http://dblp.uni-trier.de/rec/bib/journals/corr/Ben-PoratT16},
  bibsource = {dblp computer science bibliography, http://dblp.org}
}
@article{ahn2004competitive,
  title={Competitive facility location: the Voronoi game},
  author={Ahn, Hee-Kap and Cheng, Siu-Wing and Cheong, Otfried and Golin, Mordecai and Van Oostrum, Rene},
  journal={Theoretical Computer Science},
  volume={310},
  number={1},
  pages={457--467},
  year={2004},
  publisher={Elsevier}
}
@inproceedings{ProcTenn09,
  author    = {Procaccia, A. and Tennenholtz, M.},
  title     = {Approximate Mechanism Design without Money},
  booktitle = {EC-09},
  year      = {2009}}

@article{brenner2011location,
  title={Location (Hotelling) games and applications},
  author={Brenner, Steffen},
  journal={Wiley Encyclopedia of Operations Research and Management Science},
  year={2011},
  publisher={Wiley Online Library}
}	
@inproceedings{feldman2016variations,
  title={Variations on the Hotelling-Downs Model},
  author={Feldman, Michal and Fiat, Amos and Obraztsova, Svetlana},
  booktitle={Thirtieth AAAI Conference on Artificial Intelligence},
  year={2016}
}
@book{neter1996applied,
  title={Applied linear statistical models},
  author={Neter, John and Kutner, Michael H and Nachtsheim, Christopher J and Wasserman, William},
  volume={4},
  year={1996},
  publisher={Irwin Chicago}
}

@inproceedings{ashlagi2013equilibria,
  title={Equilibria of Online Scheduling Algorithms.},
  author={Ashlagi, Itai and Lucier, Brendan and Tennenholtz, Moshe},
  booktitle={AAAI},
  year={2013}
}
@inproceedings{ashlagi2010competing,
  title={Competing Schedulers.},
  author={Ashlagi, Itai and Tennenholtz, Moshe and Zohar, Aviv},
  booktitle={AAAI},
  year={2010}
}
@inproceedings{koutsoupias1999worst,
  title={Worst-case equilibria},
  author={Koutsoupias, Elias and Papadimitriou, Christos},
  booktitle={Annual Symposium on Theoretical Aspects of Computer Science},
  pages={404--413},
  year={1999},
  organization={Springer}
}
@book{nisan2007algorithmic,
  title={Algorithmic game theory},
  author={Nisan, Noam and Roughgarden, Tim and Tardos, Eva and Vazirani, Vijay V},
  volume={1},
  year={2007},
  publisher={Cambridge University Press Cambridge}
}
@inproceedings{bennett2007netflix,
  title={The netflix prize},
  author={Bennett, James and Lanning, Stan},
  booktitle={Proceedings of KDD cup and workshop},
  volume={2007},
  pages={35},
  year={2007}
}
@article{koren2009matrix,
  title={Matrix factorization techniques for recommender systems},
  author={Koren, Yehuda and Bell, Robert and Volinsky, Chris and others},
  journal={Computer},
  volume={42},
  number={8},
  pages={30--37},
  year={2009},
  publisher={Institute of Electrical and Electronics Engineers, Inc., 3 Park Avenue, 17 th Fl New York NY 10016-5997 United States}
}

@book{kaufman1987clustering,
  title={Clustering by means of medoids},
  author={Kaufman, Leonard and Rousseeuw, Peter},
  year={1987},
  publisher={North-Holland}
}
@article{ellison1993learning,
  title={Learning, local interaction, and coordination},
  author={Ellison, Glenn},
  journal={Econometrica: Journal of the Econometric Society},
  pages={1047--1071},
  year={1993},
  publisher={JSTOR}
}
@inproceedings{immorlica2011dueling,
  title={Dueling algorithms},
  author={Immorlica, Nicole and Kalai, Adam Tauman and Lucier, Brendan and Moitra, Ankur and Postlewaite, Andrew and Tennenholtz, Moshe},
  booktitle={Proceedings of the forty-third annual ACM symposium on Theory of computing},
  pages={215--224},
  year={2011},
  organization={ACM}
}
@inproceedings{vetta2002nash,
  title={Nash equilibria in competitive societies, with applications to facility location, traffic routing and auctions},
  author={Vetta, Adrian},
  booktitle={Foundations of Computer Science, 2002. Proceedings. The 43rd Annual IEEE Symposium on},
  pages={416--425},
  year={2002},
  organization={IEEE}
}
@inproceedings{roughgarden2009intrinsic,
  title={Intrinsic robustness of the price of anarchy},
  author={Roughgarden, Tim},
  booktitle={Proceedings of the forty-first annual ACM symposium on Theory of computing},
  pages={513--522},
  year={2009},
  organization={ACM}
}
@inproceedings{charikar1999constant,
  title={A constant-factor approximation algorithm for the k-median problem},
  author={Charikar, Moses and Guha, Sudipto and Tardos, {\'E}va and Shmoys, David B},
  booktitle={Proceedings of the thirty-first annual ACM symposium on Theory of computing},
  pages={1--10},
  year={1999},
  organization={ACM}
}
@inproceedings{izsak2014search,
  title={The search duel: a response to a strong ranker},
  author={Izsak, Peter and Raiber, Fiana and Kurland, Oren and Tennenholtz, Moshe},
  booktitle={Proceedings of the 37th international ACM SIGIR conference on Research \& development in information retrieval},
  pages={919--922},
  year={2014},
  organization={ACM}
}
@article{nemhauser1978analysis,
  title={An analysis of approximations for maximizing submodular set functions—I},
  author={Nemhauser, George L and Wolsey, Laurence A and Fisher, Marshall L},
  journal={Mathematical Programming},
  volume={14},
  number={1},
  pages={265--294},
  year={1978},
  publisher={Springer}
}
@article{revelle1986maximum,
  title={The maximum capture or “sphere of influence” location problem: Hotelling revisited on a network},
  author={ReVelle, Charles},
  journal={Journal of Regional Science},
  volume={26},
  number={2},
  pages={343--358},
  year={1986},
  publisher={Wiley Online Library}
}
@article{revelle1970central,
  title={Central facilities location},
  author={ReVelle, Charles S and Swain, Ralph W},
  journal={Geographical analysis},
  volume={2},
  number={1},
  pages={30--42},
  year={1970},
  publisher={Wiley Online Library}
}
@article{fekete2005one,
  title={The one-round Voronoi game replayed},
  author={Fekete, S{\'a}ndor P and Meijer, Henk},
  journal={Computational Geometry},
  volume={30},
  number={2},
  pages={81--94},
  year={2005},
  publisher={Elsevier}
}
@article{cheong2004one,
  title={The one-round Voronoi game},
  author={Cheong, Otfried and Har-Peled, Sariel and Linial, Nathan and Matousek, Jiri},
  journal={Discrete \& Computational Geometry},
  volume={31},
  number={1},
  pages={125--138},
  year={2004},
  publisher={Springer}
}
@inproceedings{dekel2008incentive,
  title={Incentive compatible regression learning},
  author={Dekel, Ofer and Fischer, Felix and Procaccia, Ariel D},
  booktitle={Proceedings of the nineteenth annual ACM-SIAM symposium on Discrete algorithms},
  pages={884--893},
  year={2008},
  organization={Society for Industrial and Applied Mathematics}
}

@article{hakimi1964optimum,
  title={Optimum locations of switching centers and the absolute centers and medians of a graph},
  author={Hakimi, S Louis},
  journal={Operations research},
  volume={12},
  number={3},
  pages={450--459},
  year={1964},
  publisher={INFORMS}
}
@book{agresti2010analysis,
  title={Analysis of ordinal categorical data},
  author={Agresti, Alan},
  volume={656},
  year={2010},
  publisher={John Wiley \& Sons}
}
@book{harrell2015regression,
  title={Regression modeling strategies: with applications to linear models, logistic and ordinal regression, and survival analysis},
  author={Harrell, Frank},
  year={2015},
  publisher={Springer}
}
@book{shalev2014understanding,
  title={Understanding machine learning: From theory to algorithms},
  author={Shalev-Shwartz, Shai and Ben-David, Shai},
  year={2014},
  publisher={Cambridge University Press}
}
@article{valiant1984theory,
  title={A theory of the learnable},
  author={Valiant, Leslie G},
  journal={Communications of the ACM},
  volume={27},
  number={11},
  pages={1134--1142},
  year={1984},
  publisher={ACM}
}
@book{mitzenmacher2005probability,
  title={Probability and computing: Randomized algorithms and probabilistic analysis},
  author={Mitzenmacher, Michael and Upfal, Eli},
  year={2005},
  publisher={Cambridge University Press}
}
@incollection{stanley1986enumerative,
  title={What Is Enumerative Combinatorics?},
  author={Stanley, Richard P},
  booktitle={Enumerative Combinatorics},
  pages={1--63},
  year={1986},
  publisher={Springer}
}
@book{zaslavsky1975facing,
  title={Facing up to Arrangements: Face-Count Formulas for Partitions of Space by Hyperplanes: Face-count Formulas for Partitions of Space by Hyperplanes},
  author={Zaslavsky, Thomas},
  volume={154},
  year={1975},
  publisher={American Mathematical Soc.}
}
@article{vapnik1971uniform,
  title={On the Uniform Convergence of Relative Frequencies of Events to Their Probabilities},
  author={Vapnik,Vladimir and Chervonenkis,Alexey },
  journal={Theory of Probability and its Applications},
  volume={16},
  number={2},
  pages={264},
  year={1971},
  publisher={Society for Industrial and Applied Mathematics}
}
@article{fisher1936use,
  title={The use of multiple measurements in taxonomic problems},
  author={Fisher, Ronald A},
  journal={Annals of eugenics},
  volume={7},
  number={2},
  pages={179--188},
  year={1936},
  publisher={Wiley Online Library}
}
@article{harrison1978hedonic,
  title={Hedonic housing prices and the demand for clean air},
  author={Harrison, David and Rubinfeld, Daniel L},
  journal={Journal of environmental economics and management},
  volume={5},
  number={1},
  pages={81--102},
  year={1978},
  publisher={Elsevier}
}
@article{ottaviani2006strategy,
  title={The strategy of professional forecasting},
  author={Ottaviani, Marco and S{\o}rensen, Peter Norman},
  journal={Journal of Financial Economics},
  volume={81},
  number={2},
  pages={441--466},
  year={2006},
  publisher={Elsevier}
}
@inproceedings{cole2014sample,
  title={The sample complexity of revenue maximization},
  author={Cole, Richard and Roughgarden, Tim},
  booktitle={Proceedings of the 46th Annual ACM Symposium on Theory of Computing},
  pages={243--252},
  year={2014},
  organization={ACM}
}
@article{banik2016discrete,
  title={Discrete Voronoi games and ϵ-nets, in two and three dimensions},
  author={Banik, Aritra and De Carufel, Jean-Lou and Maheshwari, Anil and Smid, Michiel},
  journal={Computational Geometry},
  volume={55},
  pages={41--58},
  year={2016},
  publisher={Elsevier}
}

@article{gonczarowski2016efficient,
  title={Efficient Empirical Revenue Maximization in Single-Parameter Auction Environments},
  author={Gonczarowski, Yannai A and Nisan, Noam},
  journal={arXiv preprint arXiv:1610.09976},
  year={2016}
}
@misc{gurobi,
   author = {Gurobi Optimization, Inc.},
   title = {Gurobi Optimizer Reference Manual},
   year = {2016},
}
@article{pedregosa2011scikit,
  title={Scikit-learn: Machine learning in Python},
  author={Pedregosa, Fabian and Varoquaux, Ga{\"e}l and Gramfort, Alexandre and Michel, Vincent and Thirion, Bertrand and Grisel, Olivier and Blondel, Mathieu and Prettenhofer, Peter and Weiss, Ron and Dubourg, Vincent and others},
  journal={Journal of Machine Learning Research},
  volume={12},
  number={Oct},
  pages={2825--2830},
  year={2011}
}
@book{venables2013modern,
  title={Modern applied statistics with S-PLUS},
  author={Venables, William N and Ripley, Brian D},
  year={2013},
  publisher={Springer Science \& Business Media}
}
@book{vidyasagar2013learning,
  title={Learning and generalisation: with applications to neural networks},
  author={Vidyasagar, Mathukumalli},
  year={2013},
  publisher={Springer Science \& Business Media}
}
@article{kearns1994efficient,
  title={Efficient distribution-free learning of probabilistic concepts},
  author={Kearns, Michael J and Schapire, Robert E},
  journal={Journal of Computer and System Sciences},
  volume={48},
  number={3},
  pages={464--497},
  year={1994},
  publisher={Elsevier}
}
@book{garey2002computers,
  title={Computers and intractability},
  author={Garey, Michael R and Johnson, David S},
  volume={29},
  year={2002},
  publisher={wh freeman New York}
}
@article{amaldi1995complexity,
  title={The complexity and approximability of finding maximum feasible subsystems of linear relations},
  author={Amaldi, Edoardo and Kann, Viggo},
  journal={Theoretical computer science},
  volume={147},
  number={1-2},
  pages={181--210},
  year={1995},
  publisher={Elsevier}
}
@inproceedings{hartford2016deep,
  title={Deep learning for predicting human strategic behavior},
  author={Hartford, Jason S and Wright, James R and Leyton-Brown, Kevin},
  booktitle={Advances in Neural Information Processing Systems},
  pages={2424--2432},
  year={2016}
}
@article{sauer1972density,
  title={On the density of families of sets},
  author={Sauer, Norbert},
  journal={Journal of Combinatorial Theory, Series A},
  volume={13},
  number={1},
  pages={145--147},
  year={1972},
  publisher={Elsevier}
}
@article{blumer1989learnability,
  title={Learnability and the {V}apnik-{C}hervonenkis dimension},
  author={Blumer, Anselm and Ehrenfeucht, Andrzej and Haussler, David and Warmuth, Manfred K},
  journal={Journal of the ACM (JACM)},
  volume={36},
  number={4},
  pages={929--965},
  year={1989},
  publisher={ACM}
}
@article{roberson2006colonel,
  title={The colonel blotto game},
  author={Roberson, Brian},
  journal={Economic Theory},
  volume={29},
  number={1},
  pages={1--24},
  year={2006},
  publisher={Springer}
}@article{meir2012algorithms,
  title={Algorithms for strategyproof classification},
  author={Meir, Reshef and Procaccia, Ariel D and Rosenschein, Jeffrey S},
  journal={Artificial Intelligence},
  volume={186},
  pages={123--156},
  year={2012},
  publisher={Elsevier}
}
@article{dekel2010incentive,
  title={Incentive compatible regression learning},
  author={Dekel, Ofer and Fischer, Felix and Procaccia, Ariel D},
  journal={Journal of Computer and System Sciences},
  volume={76},
  number={8},
  pages={759--777},
  year={2010},
  publisher={Elsevier}
}
@incollection{huber2011robust,
  title={Robust statistics},
  author={Huber, Peter J},
  booktitle={International Encyclopedia of Statistical Science},
  pages={1248--1251},
  year={2011},
  publisher={Springer}
}
@inproceedings{pechyony2010theory,
  title={On the theory of learnining with privileged information},
  author={Pechyony, Dmitry and Vapnik, Vladimir},
  booktitle={Advances in neural information processing systems},
  pages={1894--1902},
  year={2010}
}
@article{vapnik2009new,
  title={A new learning paradigm: Learning using privileged information},
  author={Vapnik, Vladimir and Vashist, Akshay},
  journal={Neural networks},
  volume={22},
  number={5},
  pages={544--557},
  year={2009},
  publisher={Elsevier}
}
@article{vapnik2008learning,
  title={Learning using hidden information: Master class learning},
  author={Vapnik, Vladimir and Vashist, Akshay and Pavlovitch, Natalya},
  journal={NATO Science for Peace and Security Series, D: Information and Communication Security},
  volume={19},
  pages={3--14},
  year={2008}
}
@book{anthony2009neural,
  title={Neural network learning: Theoretical foundations},
  author={Anthony, Martin and Bartlett, Peter L},
  year={2009},
  publisher={cambridge university press}
}
@incollection{vapnik2015uniform,
  title={On the uniform convergence of relative frequencies of events to their probabilities},
  author={Vapnik, Vladimir N and Chervonenkis, A Ya},
  booktitle={Measures of complexity},
  pages={11--30},
  year={2015},
  publisher={Springer}
}
@inproceedings{porat2017best,
  title={Best Response Regression},
  author={Ben-Porat, Omer and Tennenholtz, Moshe},
  booktitle={Advances in Neural Information Processing Systems},
  pages={1498--1507},
  year={2017}
}
@article{osborne2003sampling,
  title={Sampling equilibrium, with an application to strategic voting},
  author={Osborne, Martin J and Rubinstein, Ariel},
  journal={Games and Economic Behavior},
  volume={45},
  number={2},
  pages={434--441},
  year={2003},
  publisher={Elsevier}
}
@inproceedings{blum2017collaborative,
  title={Collaborative PAC Learning},
  author={Blum, Avrim and Haghtalab, Nika and Procaccia, Ariel D and Qiao, Mingda},
  booktitle={Advances in Neural Information Processing Systems},
  pages={2389--2398},
  year={2017}
}
@article{babichenko2016empirical,
  title={Empirical distribution of equilibrium play and its testing application},
  author={Babichenko, Yakov and Barman, Siddharth and Peretz, Ron},
  journal={Mathematics of Operations Research},
  volume={42},
  number={1},
  pages={15--29},
  year={2016},
  publisher={INFORMS}
}
@article{simon1956rational,
  title={Rational choice and the structure of the environment.},
  author={Simon, Herbert A},
  journal={Psychological Review},
  volume={63},
  number={2},
  pages={129},
  year={1956},
  publisher={American Psychological Association}
}
@article{erev2010choice,
  title={A choice prediction competition: Choices from experience and from description},
  author={Erev, Ido and Ert, Eyal and Roth, Alvin E and Haruvy, Ernan and Herzog, Stefan M and Hau, Robin and Hertwig, Ralph and Stewart, Terrence and West, Robert and Lebiere, Christian},
  journal={Journal of Behavioral Decision Making},
  volume={23},
  number={1},
  pages={15--47},
  year={2010},
  publisher={Wiley Online Library}
}
@article{barron2003small,
  title={Small feedback-based decisions and their limited correspondence to description-based decisions},
  author={Barron, Greg and Erev, Ido},
  journal={Journal of Behavioral Decision Making},
  volume={16},
  number={3},
  pages={215--233},
  year={2003},
  publisher={Wiley Online Library}
}
@article{kahneman1979prospect,
  title={Prospect theory: An analysis of decision under risk},
  author={Kahneman, Daniel and Tversky, Amos},
  journal={Econometrica: Journal of the Econometric Society},
  pages={263--291},
  year={1979},
  publisher={JSTOR}
}
@techreport{erev2015anomalies,
  title={From Anomalies to Forecasts: A Choice Prediction Competition for Decisions under Risk and Ambiguity},
  author={Erev, Ido and Ert, Eyal and Plonsky, Ori},
  year={2015},
  institution={Mimeo, 1--56}
}
@article{Hotelling,
	author={H. Hotelling},
	title={Stability in Competition},
	note={In the Economic Journal 39(153): 41--57, 1929},
	year={1929}
}
@article{althofer1994sparse,
  title={On sparse approximations to randomized strategies and convex combinations},
  author={Alth{\"o}fer, Ingo},
  journal={Linear Algebra and its Applications},
  volume={199},
  pages={339--355},
  year={1994},
  publisher={Elsevier}
}
@inproceedings{lipton2003playing,
  title={Playing large games using simple strategies},
  author={Lipton, Richard J and Markakis, Evangelos and Mehta, Aranyak},
  booktitle={Proceedings of the 4th ACM conference on Electronic commerce},
  pages={36--41},
  year={2003},
  organization={ACM}
}
@inproceedings{nisan1999algorithmic,
  title={Algorithmic mechanism design},
  author={Nisan, Noam and Ronen, Amir},
  booktitle={Proceedings of the thirty-first annual ACM Symposium on Theory of Computing (STOC)},
  pages={129--140},
  year={1999},
  organization={ACM}
}
@inproceedings{MansourSW18,
  author    = {Yishay Mansour and
               Aleksandrs Slivkins and
               Zhiwei Steven Wu},
  title     = {Competing Bandits: Learning Under Competition},
  booktitle = {9th Innovations in Theoretical Computer Science Conference, {ITCS}
               2018, January 11-14, 2018, Cambridge, MA, {USA}},
  pages     = {48:1--48:27},
  year      = {2018},
}
@article{myerson1981optimal,
  title={Optimal auction design},
  author={Myerson, Roger B},
  journal={Mathematics of operations research},
  volume={6},
  number={1},
  pages={58--73},
  year={1981},
  publisher={INFORMS}
}
@inproceedings{GonczarowskiN17,
  author    = {Yannai A. Gonczarowski and
               Noam Nisan},
  title     = {Efficient empirical revenue maximization in single-parameter auction
               environments},
  booktitle = {Proceedings of the 49th Annual {ACM} {SIGACT} Symposium on Theory
               of Computing, {STOC} 2017, Montreal, QC, Canada, June 19-23, 2017},
  pages     = {856--868},
  year      = {2017},
  url       = {http://doi.acm.org/10.1145/3055399.3055427},
  doi       = {10.1145/3055399.3055427},
  timestamp = {Sat, 17 Jun 2017 18:46:57 +0200},
  biburl    = {https://dblp.org/rec/bib/conf/stoc/GonczarowskiN17},
  bibsource = {dblp computer science bibliography, https://dblp.org}
}
@inproceedings{morgenstern2015pseudo,
  title={On the pseudo-dimension of nearly optimal auctions},
  author={Morgenstern, Jamie H and Roughgarden, Tim},
  booktitle={Advances in Neural Information Processing Systems},
  pages={136--144},
  year={2015}
}

@article{wolpert1997no,
  title={No free lunch theorems for optimization},
  author={Wolpert, David H and Macready, William G},
  journal={IEEE transactions on evolutionary computation},
  volume={1},
  number={1},
  pages={67--82},
  year={1997},
  publisher={IEEE}
}
@article{barto1995learning,
  title={Learning to act using real-time dynamic programming},
  author={Barto, Andrew G and Bradtke, Steven J and Singh, Satinder P},
  journal={Artificial Intelligence},
  volume={72},
  number={1-2},
  pages={81--138},
  year={1995},
  publisher={Elsevier}
}
@book{CesaBianchi,
  title =  "Prediction, learning, and games",
  author =   {Nicol`o Cesa-Bianchi and G´abor Lugosi},
   publisher={Cambridge Univ Press},
  year =     "2006" }
  
@article{Kremer2014,
  author    = {Ilan Kremer and Yishay Mansour  and Motty Perry},
  title     = {Implementing the wisdom of the crowd},
  journal   = {Journal of Political Economy},
  volume    = {122},
    year      = {2014},
  pages     = {988-1012}}  
@article{hadar1969rules,
  title={Rules for ordering uncertain prospects},
  author={Hadar, Josef and Russell, William R},
  journal={The American economic review},
  volume={59},
  number={1},
  pages={25--34},
  year={1969},
  publisher={JSTOR}
}
@inproceedings{LeeCohen2019,
  author    = {Lee Cohen and
               Yishay Mansour},
  title     = {Optimal Algorithm for Bayesian Incentive-Compatible},
  booktitle = {ACM Conf. on Economics and Computation (EC)},
  year      = {2019}}  
}
@article{Slivkins2017xrds,
 author = {Slivkins, Aleksandrs},
 title = {Incentivizing Exploration via Information Asymmetry},
 journal = {XRDS},
 issue_date = {Fall 2017},
 volume = {24},
 number = {1},
 month = sep,
 year = {2017},
 issn = {1528-4972},
 pages = {38--41},
 numpages = {4},
 url = {http://doi.acm.org/10.1145/3123744},
 doi = {10.1145/3123744},
 acmid = {3123744},
 publisher = {ACM},
 address = {New York, NY, USA},
} 
@article{bubeck2012regret,
  title={Regret analysis of stochastic and nonstochastic multi-armed bandit problems},
  author={Bubeck, S{\'e}bastien and Cesa-Bianchi, Nicolo and others},
  journal={Foundations and Trends{\textregistered} in Machine Learning},
  volume={5},
  number={1},
  pages={1--122},
  year={2012},
  publisher={Now Publishers, Inc.}
}
@inproceedings{besbes2014stochastic,
  title={Stochastic multi-armed-bandit problem with non-stationary rewards},
  author={Besbes, Omar and Gur, Yonatan and Zeevi, Assaf},
  booktitle={Advances in Neural Information Processing Systems (NIPS)},
  pages={199--207},
  year={2014}
}
@inproceedings{Mansour2016Slivkins,
 author = {Mansour, Yishay and Slivkins, Aleksandrs and Syrgkanis, Vasilis and Wu, Zhiwei Steven},
 title = {Bayesian Exploration: Incentivizing Exploration in Bayesian Games},
 booktitle = {Proceedings of the 2016 ACM Conference on Economics and Computation},
 series = {EC '16},
 year = {2016},
 location = {Maastricht, The Netherlands},
 pages = {661--661},
 numpages = {1},
 acmid = {2940755},
 publisher = {ACM},
 address = {New York, NY, USA},
 keywords = {exploration and exploitation, incentive-compatibility, learning, recommendation systems},
} 
@inproceedings{Bahar2016,
 author = {Bahar, Gal and Smorodinsky, Rann and Tennenholtz, Moshe},
 title = {Economic Recommendation Systems: One Page Abstract},
 booktitle = {Proceedings of the 2016 ACM Conference on Economics and Computation},
 series = {EC '16},
 year = {2016},
 isbn = {978-1-4503-3936-0},
 location = {Maastricht, The Netherlands},
 pages = {757--757},
 numpages = {1},
 doi = {10.1145/2940716.2940719},
 acmid = {2940719},
 publisher = {ACM},
 address = {New York, NY, USA},
 keywords = {explore and exploit, incentive compatibility, social learning},
} 
@inproceedings{Frazier2014Kleinberg,
 author = {Frazier, Peter and Kempe, David and Kleinberg, Jon and Kleinberg, Robert},
 title = {Incentivizing Exploration},
 booktitle = {Proceedings of the Fifteenth ACM Conference on Economics and Computation},
 series = {EC '14},
 year = {2014},
 isbn = {978-1-4503-2565-3},
 location = {Palo Alto, California, USA},
 pages = {5--22},
 numpages = {18},
 url = {http://doi.acm.org/10.1145/2600057.2602897},
 doi = {10.1145/2600057.2602897},
 acmid = {2602897},
 publisher = {ACM},
 address = {New York, NY, USA},
 keywords = {crowdsourcing, exploration, incentives, multi-armed bandit problems},
} 
@misc{immorlica2019bayesian,
    title={Bayesian Exploration with Heterogeneous Agents},
    author={Nicole Immorlica and Jieming Mao and Aleksandrs Slivkins and Zhiwei Steven Wu},
    year={2019},
    eprint={1902.07119},
    archivePrefix={arXiv},
    primaryClass={cs.GT}
}



@InProceedings{chen18a,
  title = 	 {Incentivizing Exploration by Heterogeneous Users},
  author = 	 {Chen, Bangrui and Frazier, Peter and Kempe, David},
  booktitle = 	 {Proceedings of the 31st  Conference On Learning Theory},
  pages = 	 {798--818},
  year = 	 {2018},
  editor = 	 {Bubeck, S\'ebastien and Perchet, Vianney and Rigollet, Philippe},
  volume = 	 {75},
  series = 	 {Proceedings of Machine Learning Research},
  address = 	 {},
  month = 	 {06--09 Jul},
  publisher = 	 {PMLR},
  pdf = 	 {http://proceedings.mlr.press/v75/chen18a/chen18a.pdf},
  url = 	 {http://proceedings.mlr.press/v75/chen18a.html},
}
@inproceedings{bahar2019recommendation,
    title={Social Learning and the Innkeeper Challenge},
    author={Gal Bahar and Rann Smorodinsky and Moshe Tennenholtz},
    booktitle = {ACM Conf. on Economics and Computation (EC)},
    year      = {2019}}  
}
@article{Bubeck2012,
  title={Regret analysis of stochastic and nonstochastic multi-armed bandit problems},
  author={Bubeck, S{\'e}bastien and Cesa-Bianchi, Nicolo and others},
  journal={Foundations and Trends{\textregistered} in Machine Learning},
  volume={5},
  number={1},
  pages={1--122},
  year={2012},
  publisher={Now Publishers, Inc.}
}
@incollection{Levine2017,
title = {Rotting Bandits},
author = {Levine, Nir and Crammer, Koby and Mannor, Shie},
booktitle = {Advances in Neural Information Processing Systems 30},
editor = {I. Guyon and U. V. Luxburg and S. Bengio and H. Wallach and R. Fergus and S. Vishwanathan and R. Garnett},
pages = {3074--3083},
year = {2017},
publisher = {Curran Associates, Inc.},
url = {http://papers.nips.cc/paper/6900-rotting-bandits.pdf}
}
@inproceedings{charapodimata,
author = {Chen, Yiling and Podimata, Chara and Procaccia, Ariel D. and Shah, Nisarg},
title = {Strategyproof Linear Regression in High Dimensions},
booktitle = {Proceedings of the 2018 ACM Conference on Economics and Computation},
series = {EC '18},
year = {2018},
isbn = {978-1-4503-5829-3},
location = {Ithaca, NY, USA},
pages = {9--26},
numpages = {18},
url = {http://doi.acm.org/10.1145/3219166.3219175},
doi = {10.1145/3219166.3219175},
acmid = {3219175},
publisher = {ACM},
address = {New York, NY, USA},
} 
@article{DEKEL2010759,
title = "Incentive compatible regression learning",
journal = "Journal of Computer and System Sciences",
volume = "76",
number = "8",
pages = "759 - 777",
year = "2010",
issn = "0022-0000",
doi = "https://doi.org/10.1016/j.jcss.2010.03.003",
url = "http://www.sciencedirect.com/science/article/pii/S0022000010000309",
author = "Ofer Dekel and Felix Fischer and Ariel D. Procaccia",
}
@article{MEIR2012123,
title = "Algorithms for strategyproof classification",
journal = "Artificial Intelligence",
volume = "186",
pages = "123 - 156",
year = "2012",
issn = "0004-3702",
doi = "https://doi.org/10.1016/j.artint.2012.03.008",
url = "http://www.sciencedirect.com/science/article/pii/S000437021200029X",
author = "Reshef Meir and Ariel D. Procaccia and Jeffrey S. Rosenschein",
keywords = "Mechanism design, Classification, Game theory, Approximation",
}
@inproceedings{Hardt2016,
author = {Hardt, Moritz and Megiddo, Nimrod and Papadimitriou, Christos and Wootters, Mary},
title = {Strategic Classification},
booktitle = {Proceedings of the 2016 ACM Conference on Innovations in Theoretical Computer Science},
series = {ITCS '16},
year = {2016},
isbn = {978-1-4503-4057-1},
location = {Cambridge, Massachusetts, USA},
pages = {111--122},
numpages = {12},
url = {http://doi.acm.org/10.1145/2840728.2840730},
doi = {10.1145/2840728.2840730},
acmid = {2840730},
publisher = {ACM},
address = {New York, NY, USA},
keywords = {classification, game theory, learning theory},
} 
@inproceedings{BenPoratT18,
  author    = {Omer Ben{-}Porat and
               Moshe Tennenholtz},
  title     = {A Game-Theoretic Approach to Recommendation Systems with Strategic
               Content Providers},
  booktitle = {Advances in Neural Information Processing Systems 31: Annual Conference
               on Neural Information Processing Systems 2018, NeurIPS 2018, 3-8 December
               2018, Montr{\'{e}}al, Canada.},
  pages     = {1118--1128},
  year      = {2018},
    timestamp = {Sun, 16 Dec 2018 17:30:05 +0100},
  biburl    = {https://dblp.org/rec/bib/conf/nips/Ben-PoratT18},
  bibsource = {dblp computer science bibliography, https://dblp.org}
}
@article{BenPoratFromRecSys,
  author    = {Omer Ben{-}Porat and
               Gregory Goren and
               Itay Rosenberg and
               Moshe Tennenholtz},
  title     = {From Recommendation Systems to Facility Location Games},
  journal   = {CoRR},
  volume    = {abs/1809.02931},
  year      = {2018},
  url       = {http://arxiv.org/abs/1809.02931},
  archivePrefix = {arXiv},
  eprint    = {1809.02931},
  timestamp = {Fri, 05 Oct 2018 01:00:00 +0200},
  biburl    = {https://dblp.org/rec/bib/journals/corr/abs-1809-02931},
  bibsource = {dblp computer science bibliography, https://dblp.org}
}
@article{kamenica2011bayesian,
  title={Bayesian persuasion},
  author={Kamenica, Emir and Gentzkow, Matthew},
  journal={American Economic Review},
  volume={101},
  number={6},
  pages={2590--2615},
  year={2011}
}
@incollection{MatthewKearnsMorgensternRothNIPS2016,
title = {Fairness in Learning: Classic and Contextual Bandits},
author = {Joseph, Matthew and Kearns, Michael and Morgenstern, Jamie H and Roth, Aaron},
booktitle = {Advances in Neural Information Processing Systems 29},
editor = {D. D. Lee and M. Sugiyama and U. V. Luxburg and I. Guyon and R. Garnett},
pages = {325--333},
year = {2016},
publisher = {Curran Associates, Inc.},
}
@article{Kannan_2017,
   title={Fairness Incentives for Myopic Agents},
   ISBN={9781450345279},
   url={http://dx.doi.org/10.1145/3033274.3085154},
   DOI={10.1145/3033274.3085154},
   journal={Proceedings of the 2017 ACM Conference on Economics and Computation  - EC  ’17},
   publisher={ACM Press},
   author={Kannan, Sampath and Kearns, Michael and Morgenstern, Jamie and Pai, Mallesh and Roth, Aaron and Vohra, Rakesh and Wu, Zhiwei Steven},
   year={2017}
}
@misc{liu2017calibrated,
    title={Calibrated Fairness in Bandits},
    author={Yang Liu and Goran Radanovic and Christos Dimitrakakis and Debmalya Mandal and David C. Parkes},
    year={2017},
    eprint={1707.01875},
    archivePrefix={arXiv},
    primaryClass={cs.LG}
}
@inproceedings{dwork2012fairness,
  title={Fairness through awareness},
  author={Dwork, Cynthia and Hardt, Moritz and Pitassi, Toniann and Reingold, Omer and Zemel, Richard},
  booktitle={Proceedings of the 3rd Innovations in Theoretical Computer Science conference (ITCS)},
  pages={214--226},
  year={2012},
  organization={ACM}
}
@inproceedings{hardt2016equality,
  title={Equality of opportunity in supervised learning},
  author={Hardt, Moritz and Price, Eric and Srebro, Nati and others},
  booktitle={Advances in Neural Information Processing Systems (NIPS)},
  pages={3315--3323},
  year={2016}
}
@inproceedings{liu2018delayed,
  title={Delayed Impact of Fair Machine Learning},
  author={Liu, Lydia and Dean, Sarah and Rolf, Esther and Simchowitz, Max and Hardt, Moritz},
  booktitle={International Conference on Machine Learning},
  pages={3156--3164},
  year={2018}
}
@article{garcia2015comprehensive,
  title={A comprehensive survey on safe reinforcement learning},
  author={Garc{\i}a, Javier and Fern{\'a}ndez, Fernando},
  journal={Journal of Machine Learning Research},
  volume={16},
  number={1},
  pages={1437--1480},
  year={2015}
}
@inproceedings{abbasi2011improved,
  title={Improved algorithms for linear stochastic bandits},
  author={Abbasi-Yadkori, Yasin and P{\'a}l, D{\'a}vid and Szepesv{\'a}ri, Csaba},
  booktitle={Advances in Neural Information Processing Systems},
  pages={2312--2320},
  year={2011}
}
@inproceedings{karnin2013almost,
  title={Almost optimal exploration in multi-armed bandits},
  author={Karnin, Zohar and Koren, Tomer and Somekh, Oren},
  booktitle={International Conference on Machine Learning},
  pages={1238--1246},
  year={2013}
}
@inproceedings{agrawal2012analysis,
  title={Analysis of Thompson sampling for the multi-armed bandit problem},
  author={Agrawal, Shipra and Goyal, Navin},
  booktitle={Proceedings of the 25th Annual Conference on Learning Theory (COLT),},
  pages={1--39},
  year={2012}
}
@inproceedings{chu2011contextual,
  title={Contextual bandits with linear payoff functions},
  author={Chu, Wei and Li, Lihong and Reyzin, Lev and Schapire, Robert},
  booktitle={Proceedings of the Fourteenth International Conference on Artificial Intelligence and Statistics},
  pages={208--214},
  year={2011}
}
@article{slivkins2014contextual,
  title={Contextual bandits with similarity information},
  author={Slivkins, Aleksandrs},
  journal={The Journal of Machine Learning Research},
  volume={15},
  number={1},
  pages={2533--2568},
  year={2014},
  publisher={JMLR. org}
}
@inproceedings{auer1995gambling,
  title={Gambling in a rigged casino: The adversarial multi-armed bandit problem},
  author={Auer, Peter and Cesa-Bianchi, Nicolo and Freund, Yoav and Schapire, Robert E},
  booktitle={Proceedings of IEEE 36th Annual Foundations of Computer Science},
  pages={322--331},
  year={1995},
  organization={IEEE}
}
@inproceedings{Moldovan:2012,
 author = {Moldovan, Teodor Mihai and Abbeel, Pieter},
 title = {Safe Exploration in Markov Decision Processes},
 booktitle = {Proceedings of the 29th International Conference on Machine Learning},
 series = {ICML'12},
 year = {2012},
 isbn = {978-1-4503-1285-1},
 location = {Edinburgh, Scotland},
 pages = {1451--1458},
} 
@inproceedings{sui2015safe,
  title={Safe exploration for optimization with Gaussian processes},
  author={Sui, Yanan and Gotovos, Alkis and Burdick, Joel and Krause, Andreas},
  booktitle={International Conference on Machine Learning},
  pages={997--1005},
  year={2015}
}
%Many work with gaussian processes
@inproceedings{turchetta2016safe,
  title={Safe exploration in finite markov decision processes with gaussian processes},
  author={Turchetta, Matteo and Berkenkamp, Felix and Krause, Andreas},
  booktitle={Advances in Neural Information Processing Systems},
  pages={4312--4320},
  year={2016}
}
@misc{dalal2018safe,
    title={Safe Exploration in Continuous Action Spaces},
    author={Gal Dalal and Krishnamurthy Dvijotham and Matej Vecerik and Todd Hester and Cosmin Paduraru and Yuval Tassa},
    year={2018},
    eprint={1801.08757},
    archivePrefix={arXiv},
    primaryClass={cs.AI}
}
%NIPS paper, take references from here
@inproceedings{amani2019linear,
  title={Linear stochastic bandits under safety constraints},
  author={Amani, Sanae and Alizadeh, Mahnoosh and Thrampoulidis, Christos},
  booktitle={Advances in Neural Information Processing Systems},
  pages={9252--9262},
  year={2019}
}
@article{di2019practical,
  title={Practical Risk Measures in Reinforcement Learning},
  author={Di Castro, Dotan and Oren, Joel and Mannor, Shie},
  journal={arXiv preprint arXiv:1908.08379},
  year={2019}
}
@inproceedings{badanidiyuru2013bandits,
  title={Bandits with knapsacks},
  author={Badanidiyuru, Ashwinkumar and Kleinberg, Robert and Slivkins, Aleksandrs},
  booktitle={2013 IEEE 54th Annual Symposium on Foundations of Computer Science},
  pages={207--216},
  year={2013},
  organization={IEEE}
}
@inproceedings{agrawal2016linear,
  title={Linear contextual bandits with knapsacks},
  author={Agrawal, Shipra and Devanur, Nikhil},
  booktitle={Advances in Neural Information Processing Systems},
  pages={3450--3458},
  year={2016}
}
@inproceedings{wu2015algorithms,
  title={Algorithms with logarithmic or sublinear regret for constrained contextual bandits},
  author={Wu, Huasen and Srikant, Rayadurgam and Liu, Xin and Jiang, Chong},
  booktitle={Advances in Neural Information Processing Systems},
  pages={433--441},
  year={2015}
}
@inproceedings{badanidiyuru2014resourceful,
  title={Resourceful contextual bandits},
  author={Badanidiyuru, Ashwinkumar and Langford, John and Slivkins, Aleksandrs},
  booktitle={Conference on Learning Theory},
  pages={1109--1134},
  year={2014}
}
@inproceedings{kazerouni2017conservative, 
  title={Conservative contextual linear bandits},
  author={Kazerouni, Abbas and Ghavamzadeh, Mohammad and Abbasi, Yasin and Van Roy, Benjamin},
  booktitle={Advances in Neural Information Processing Systems},
  pages={3910--3919},
  year={2017}
}
@inproceedings{wu2016conservative, 
  title={Conservative bandits},
  author={Wu, Yifan and Shariff, Roshan and Lattimore, Tor and Szepesv{\'a}ri, Csaba},
  booktitle={International Conference on Machine Learning},
  pages={1254--1262},
  year={2016}
}

@InProceedings{usmanova2019safe,
  title = 	 {Safe Convex Learning under Uncertain Constraints},
  author = 	 {Usmanova, Ilnura and Krause, Andreas and Kamgarpour, Maryam},
  booktitle = 	 {Proceedings of Machine Learning Research},
  pages = 	 {2106--2114},
  year = 	 {2019},
  editor = 	 {Chaudhuri, Kamalika and Sugiyama, Masashi},
  volume = 	 {89},
  series = 	 {Proceedings of the 22nd International Conference on Artificial Intelligence and Statistics (AISTATS) 2019},
  address = 	 {},
  month = 	 {16--18 Apr},
  publisher = 	 {PMLR},
}

@inproceedings{KremerMP13,
  author    = {Ilan Kremer and
               Yishay Mansour and
               Motty Perry},
  title     = {Implementing the "Wisdom of the Crowd"},
  booktitle = {Proceedings of the fourteenth {ACM} Conference on Electronic Commerce,
               {EC} 2013, Philadelphia, PA, USA, June 16-20, 2013},
  pages     = {605--606},
  year      = {2013},
  biburl    = {https://dblp.org/rec/bib/conf/sigecom/KremerMP13},
  bibsource = {dblp computer science bibliography, https://dblp.org}

}

@inproceedings{BaharST19,
  author    = {Gal Bahar and
               Rann Smorodinsky and
               Moshe Tennenholtz},
  title     = {Social Learning and the Innkeeper's Challenge},
  booktitle = {Proceedings of the 2019 {ACM} Conference on Economics and Computation,
               {EC} 2019, Phoenix, AZ, USA, June 24-28, 2019},
  pages     = {153--170},
  year      = {2019},
}

@article{Fiduciary,
  author    = {Gal Bahar and
               Omer Ben{-}Porat and
               Kevin Leyton{-}Brown and
               Moshe Tennenholtz},
  title     = {Fiduciary Bandits},
  journal   = {CoRR},
  volume    = {abs/1905.07043},
  year      = {2019},
  url       = {http://arxiv.org/abs/1905.07043},
  archivePrefix = {arXiv},
  eprint    = {1905.07043},
  timestamp = {Tue, 28 May 2019 12:48:08 +0200},
  bibsource = {dblp computer science bibliography, https://dblp.org}
}

@article{sui2018stagewise, 
  title={Stagewise safe bayesian optimization with gaussian processes},
  author={Sui, Yanan and Zhuang, Vincent and Burdick, Joel W and Yue, Yisong},
  journal={arXiv preprint arXiv:1806.07555},
  year={2018}
}
@inproceedings{tossou2016algorithms,
  title={Algorithms for differentially private multi-armed bandits},
  author={Tossou, Aristide CY and Dimitrakakis, Christos},
  booktitle={Thirtieth AAAI Conference on Artificial Intelligence},
  year={2016}
}
@inproceedings{tossou2017achieving,
  title={Achieving privacy in the adversarial multi-armed bandit},
  author={Tossou, Aristide Charles Yedia and Dimitrakakis, Christos},
  booktitle={Thirty-First AAAI Conference on Artificial Intelligence},
  year={2017}
}
@article{bellman1957markovian,
  title={A Markovian decision process},
  author={Bellman, Richard},
  journal={Journal of mathematics and mechanics},
  pages={679--684},
  year={1957},
  publisher={JSTOR}
}
@article{howard1972risk,
  title={Risk-sensitive Markov decision processes},
  author={Howard, Ronald A and Matheson, James E},
  journal={Management science},
  volume={18},
  number={7},
  pages={356--369},
  year={1972},
  publisher={INFORMS}
}
@incollection{heger1994consideration,
  title={Consideration of risk in reinforcement learning},
  author={Heger, Matthias},
  booktitle={Machine Learning Proceedings 1994},
  pages={105--111},
  year={1994},
  publisher={Elsevier}
}
@article{borkar2002q,
  title={Q-learning for risk-sensitive control},
  author={Borkar, Vivek S},
  journal={Mathematics of operations research},
  volume={27},
  number={2},
  pages={294--311},
  year={2002},
  publisher={INFORMS}
}
@article{geibel2005risk,
  title={Risk-sensitive reinforcement learning applied to control under constraints},
  author={Geibel, Peter and Wysotzki, Fritz},
  journal={Journal of Artificial Intelligence Research},
  volume={24},
  pages={81--108},
  year={2005}
}
@inproceedings{cohen2019optimal,
  title={Optimal Algorithm for Bayesian Incentive-Compatible Exploration},
  author={Cohen, Lee and Mansour, Yishay},
  booktitle={Proceedings of the 2019 ACM Conference on Economics and Computation},
  pages={135--151},
  year={2019}
}
@article{roughgarden2010algorithmic,
  title={Algorithmic game theory},
  author={Roughgarden, Tim},
  journal={Communications of the ACM},
  volume={53},
  number={7},
  pages={78--86},
  year={2010},
  publisher={ACM New York, NY, USA}
}
@article{simchowitz2024exploration,
  title={Exploration and incentives in reinforcement learning},
  author={Simchowitz, Max and Slivkins, Aleksandrs},
  journal={Operations Research},
  volume={72},
  number={3},
  pages={983--998},
  year={2024},
  publisher={INFORMS}
}
@inproceedings{wachi2020safe,
  title={Safe reinforcement learning in constrained markov decision processes},
  author={Wachi, Akifumi and Sui, Yanan},
  booktitle={International Conference on Machine Learning},
  pages={9797--9806},
  year={2020},
  organization={PMLR}
}

@article{slivkins2019introduction,
  title={Introduction to multi-armed bandits},
  author={Slivkins, Aleksandrs},
  journal={Foundations and Trends{\textregistered} in Machine Learning},
  volume={12},
  number={1-2},
  pages={1--286},
  year={2019},
  publisher={Now Publishers, Inc.}
}
%---
@article{hu2023incentivizing,
  title={Incentivizing high-quality content in online recommender systems},
  author={Hu, Xinyan and Jagadeesan, Meena and Jordan, Michael I and Steinhardt, Jacob},
  journal={arXiv preprint arXiv:2306.07479},
  year={2023}
}
@inproceedings{ben2023learning,
  title={Learning with exposure constraints in recommendation systems},
  author={Ben-Porat, Omer and Torkan, Rotem},
  booktitle={Proceedings of the ACM Web Conference 2023},
  pages={3456--3466},
  year={2023}
}
@inproceedings{immorlica2024clickbait,
  title={Clickbait vs. quality: How engagement-based optimization shapes the content landscape in online platforms},
  author={Immorlica, Nicole and Jagadeesan, Meena and Lucier, Brendan},
  booktitle={Proceedings of the ACM on Web Conference 2024},
  pages={36--45},
  year={2024}
}
@inproceedings{braverman2019multi,
  title={Multi-armed bandit problems with strategic arms},
  author={Braverman, Mark and Mao, Jieming and Schneider, Jon and Weinberg, S Matthew},
  booktitle={Conference on Learning Theory},
  pages={383--416},
  year={2019},
  organization={PMLR}
}
@inproceedings{feng2020intrinsic,
  title={The intrinsic robustness of stochastic bandits to strategic manipulation},
  author={Feng, Zhe and Parkes, David and Xu, Haifeng},
  booktitle={International Conference on Machine Learning},
  pages={3092--3101},
  year={2020},
  organization={PMLR}
}
@inproceedings{mansour2015bayesian,
  title={Bayesian incentive-compatible bandit exploration},
  author={Mansour, Yishay and Slivkins, Aleksandrs and Syrgkanis, Vasilis},
  booktitle={Proceedings of the Sixteenth ACM Conference on Economics and Computation},
  pages={565--582},
  year={2015}
}
@article{mansour2020bayesian,
  title={Bayesian incentive-compatible bandit exploration},
  author={Mansour, Yishay and Slivkins, Aleksandrs and Syrgkanis, Vasilis},
  journal={Operations Research},
  volume={68},
  number={4},
  pages={1132--1161},
  year={2020},
  publisher={INFORMS}
}
@book{tadelis2013game,
  title={Game theory: an introduction},
  author={Tadelis, Steve},
  year={2013},
  publisher={Princeton university press}
}
@article{gergatsouli2024weitzman,
  title={Weitzman's rule for pandora's box with correlations},
  author={Gergatsouli, Evangelia and Tzamos, Christos},
  journal={Advances in Neural Information Processing Systems},
  volume={36},
  year={2024}
}
@book{weitzman1978optimal,
  title={Optimal search for the best alternative},
  author={Weitzman, Martin},
  volume={78},
  number={8},
  year={1978},
  publisher={Department of Energy}
}
@inproceedings{atsidakou2024contextual,
  title={Contextual pandora’s box},
  author={Atsidakou, Alexia and Caramanis, Constantine and Gergatsouli, Evangelia and Papadigenopoulos, Orestis and Tzamos, Christos},
  booktitle={Proceedings of the AAAI Conference on Artificial Intelligence},
  volume={38},
  number={10},
  pages={10944--10952},
  year={2024}
}
@inproceedings{boodaghians2020pandora,
  title={Pandora's box problem with order constraints},
  author={Boodaghians, Shant and Fusco, Federico and Lazos, Philip and Leonardi, Stefano},
  booktitle={Proceedings of the 21st ACM Conference on Economics and Computation},
  pages={439--458},
  year={2020}
}
@inproceedings{berger2023pandora,
  title={Pandora's Problem with Combinatorial Cost},
  author={Berger, Ben and Ezra, Tomer and Feldman, Michal and Fusco, Federico},
  booktitle={Proceedings of the 24th ACM Conference on Economics and Computation},
  pages={273--292},
  year={2023}
}