@inproceedings{Bahar2016,
 author = {Bahar, Gal and Smorodinsky, Rann and Tennenholtz, Moshe},
 title = {Economic Recommendation Systems: One Page Abstract},
 booktitle = {Proceedings of the 2016 ACM Conference on Economics and Computation},
 series = {EC '16},
 year = {2016},
 isbn = {978-1-4503-3936-0},
 location = {Maastricht, The Netherlands},
 pages = {757--757},
 numpages = {1},
 doi = {10.1145/2940716.2940719},
 acmid = {2940719},
 publisher = {ACM},
 address = {New York, NY, USA},
 keywords = {explore and exploit, incentive compatibility, social learning},
}

@inproceedings{BaharST19,
  author    = {Gal Bahar and
               Rann Smorodinsky and
               Moshe Tennenholtz},
  title     = {Social Learning and the Innkeeper's Challenge},
  booktitle = {Proceedings of the 2019 {ACM} Conference on Economics and Computation,
               {EC} 2019, Phoenix, AZ, USA, June 24-28, 2019},
  pages     = {153--170},
  year      = {2019},
}

@article{Fiduciary,
  author    = {Gal Bahar and
               Omer Ben{-}Porat and
               Kevin Leyton{-}Brown and
               Moshe Tennenholtz},
  title     = {Fiduciary Bandits},
  journal   = {CoRR},
  volume    = {abs/1905.07043},
  year      = {2019},
  url       = {http://arxiv.org/abs/1905.07043},
  archivePrefix = {arXiv},
  eprint    = {1905.07043},
  timestamp = {Tue, 28 May 2019 12:48:08 +0200},
  bibsource = {dblp computer science bibliography, https://dblp.org}
}

@inproceedings{KremerMP13,
  author    = {Ilan Kremer and
               Yishay Mansour and
               Motty Perry},
  title     = {Implementing the "Wisdom of the Crowd"},
  booktitle = {Proceedings of the fourteenth {ACM} Conference on Electronic Commerce,
               {EC} 2013, Philadelphia, PA, USA, June 16-20, 2013},
  pages     = {605--606},
  year      = {2013},
  biburl    = {https://dblp.org/rec/bib/conf/sigecom/KremerMP13},
  bibsource = {dblp computer science bibliography, https://dblp.org}

}

@inproceedings{Moldovan:2012,
 author = {Moldovan, Teodor Mihai and Abbeel, Pieter},
 title = {Safe Exploration in Markov Decision Processes},
 booktitle = {Proceedings of the 29th International Conference on Machine Learning},
 series = {ICML'12},
 year = {2012},
 isbn = {978-1-4503-1285-1},
 location = {Edinburgh, Scotland},
 pages = {1451--1458},
}

@inproceedings{amani2019linear,
  title={Linear stochastic bandits under safety constraints},
  author={Amani, Sanae and Alizadeh, Mahnoosh and Thrampoulidis, Christos},
  booktitle={Advances in Neural Information Processing Systems},
  pages={9252--9262},
  year={2019}
}

@inproceedings{badanidiyuru2013bandits,
  title={Bandits with knapsacks},
  author={Badanidiyuru, Ashwinkumar and Kleinberg, Robert and Slivkins, Aleksandrs},
  booktitle={2013 IEEE 54th Annual Symposium on Foundations of Computer Science},
  pages={207--216},
  year={2013},
  organization={IEEE}
}

@inproceedings{bahar2019recommendation,
    title={Social Learning and the Innkeeper Challenge},
    author={Gal Bahar and Rann Smorodinsky and Moshe Tennenholtz},
    booktitle = {ACM Conf. on Economics and Computation (EC)},
    year      = {2019}}  
}

@InProceedings{chen18a,
  title = 	 {Incentivizing Exploration by Heterogeneous Users},
  author = 	 {Chen, Bangrui and Frazier, Peter and Kempe, David},
  booktitle = 	 {Proceedings of the 31st  Conference On Learning Theory},
  pages = 	 {798--818},
  year = 	 {2018},
  editor = 	 {Bubeck, S\'ebastien and Perchet, Vianney and Rigollet, Philippe},
  volume = 	 {75},
  series = 	 {Proceedings of Machine Learning Research},
  address = 	 {},
  month = 	 {06--09 Jul},
  publisher = 	 {PMLR},
  pdf = 	 {http://proceedings.mlr.press/v75/chen18a/chen18a.pdf},
  url = 	 {http://proceedings.mlr.press/v75/chen18a.html},
}

@inproceedings{cohen2019optimal,
  title={Optimal Algorithm for Bayesian Incentive-Compatible Exploration},
  author={Cohen, Lee and Mansour, Yishay},
  booktitle={Proceedings of the 2019 ACM Conference on Economics and Computation},
  pages={135--151},
  year={2019}
}

@misc{immorlica2019bayesian,
    title={Bayesian Exploration with Heterogeneous Agents},
    author={Nicole Immorlica and Jieming Mao and Aleksandrs Slivkins and Zhiwei Steven Wu},
    year={2019},
    eprint={1902.07119},
    archivePrefix={arXiv},
    primaryClass={cs.GT}
}

@inproceedings{kazerouni2017conservative, 
  title={Conservative contextual linear bandits},
  author={Kazerouni, Abbas and Ghavamzadeh, Mohammad and Abbasi, Yasin and Van Roy, Benjamin},
  booktitle={Advances in Neural Information Processing Systems},
  pages={3910--3919},
  year={2017}
}

@inproceedings{mansour2015bayesian,
  title={Bayesian incentive-compatible bandit exploration},
  author={Mansour, Yishay and Slivkins, Aleksandrs and Syrgkanis, Vasilis},
  booktitle={Proceedings of the Sixteenth ACM Conference on Economics and Computation},
  pages={565--582},
  year={2015}
}

@article{mansour2020bayesian,
  title={Bayesian incentive-compatible bandit exploration},
  author={Mansour, Yishay and Slivkins, Aleksandrs and Syrgkanis, Vasilis},
  journal={Operations Research},
  volume={68},
  number={4},
  pages={1132--1161},
  year={2020},
  publisher={INFORMS}
}

@article{simchowitz2024exploration,
  title={Exploration and incentives in reinforcement learning},
  author={Simchowitz, Max and Slivkins, Aleksandrs},
  journal={Operations Research},
  volume={72},
  number={3},
  pages={983--998},
  year={2024},
  publisher={INFORMS}
}

@article{slivkins2019introduction,
  title={Introduction to multi-armed bandits},
  author={Slivkins, Aleksandrs},
  journal={Foundations and Trends{\textregistered} in Machine Learning},
  volume={12},
  number={1-2},
  pages={1--286},
  year={2019},
  publisher={Now Publishers, Inc.}
}

@inproceedings{wachi2020safe,
  title={Safe reinforcement learning in constrained markov decision processes},
  author={Wachi, Akifumi and Sui, Yanan},
  booktitle={International Conference on Machine Learning},
  pages={9797--9806},
  year={2020},
  organization={PMLR}
}

@inproceedings{wu2016conservative, 
  title={Conservative bandits},
  author={Wu, Yifan and Shariff, Roshan and Lattimore, Tor and Szepesv{\'a}ri, Csaba},
  booktitle={International Conference on Machine Learning},
  pages={1254--1262},
  year={2016}
}

