@inproceedings{bhagoji2019analyzing,
  title={Analyzing federated learning through an adversarial lens},
  author={Bhagoji, Arjun Nitin and Chakraborty, Supriyo and Mittal, Prateek and Calo, Seraphin},
  booktitle={International conference on machine learning},
  pages={634--643},
  year={2019},
  organization={PMLR}
}

@inproceedings{cao2019understanding,
  title={Understanding distributed poisoning attack in federated learning},
  author={Cao, Di and Chang, Shan and Lin, Zhijian and Liu, Guohua and Sun, Donghong},
  booktitle={2019 IEEE 25th international conference on parallel and distributed systems (ICPADS)},
  pages={233--239},
  year={2019},
  organization={IEEE}
}

@inproceedings{gentz2015detection,
  title={Detection of data injection attacks in decentralized learning},
  author={Gentz, Reinhard and Wai, Hoi-To and Scaglione, Anna and Leshem, Amir},
  booktitle={2015 49th Asilomar Conference on Signals, Systems and Computers},
  pages={350--354},
  year={2015},
  organization={IEEE}
}

@article{hard2018federated,
  title={Federated learning for mobile keyboard prediction},
  author={Hard, Andrew and Rao, Kanishka and Mathews, Rajiv and Ramaswamy, Swaroop and Beaufays, Fran{\c{c}}oise and Augenstein, Sean and Eichner, Hubert and Kiddon, Chlo{\'e} and Ramage, Daniel},
  journal={arXiv preprint arXiv:1811.03604},
  year={2018}
}

@inproceedings{mcmahan2017communication,
  title={Communication-efficient learning of deep networks from decentralized data},
  author={McMahan, Brendan and Moore, Eider and Ramage, Daniel and Hampson, Seth and y Arcas, Blaise Aguera},
  booktitle={Artificial intelligence and statistics},
  pages={1273--1282},
  year={2017},
  organization={PMLR}
}

@inproceedings{pham2024data,
  title={Data Poisoning Attacks in Gossip Learning},
  author={Pham, Alexandre and Potop-Butucaru, Maria and Tixeuil, S{\'e}bastien and Fdida, Serge},
  booktitle={International Conference on Advanced Information Networking and Applications},
  pages={213--224},
  year={2024},
  organization={Springer}
}

@article{shiranthika2023decentralized,
  title={Decentralized learning in healthcare: a review of emerging techniques},
  author={Shiranthika, Chamani and Saeedi, Parvaneh and Baji{\'c}, Ivan V},
  journal={IEEE Access},
  volume={11},
  pages={54188--54209},
  year={2023},
  publisher={IEEE}
}

@article{sun2024gan,
  title={A GAN-Based Data Poisoning Attack Against Federated Learning Systems and Its Countermeasure},
  author={Sun, Wei and Gao, Bo and Xiong, Ke and Wang, Yuwei and Fan, Pingyi and Letaief, Khaled Ben},
  journal={arXiv preprint arXiv:2405.11440},
  year={2024}
}

@inproceedings{tabacof2016exploring,
  title={Exploring the space of adversarial images},
  author={Tabacof, Pedro and Valle, Eduardo},
  booktitle={2016 international joint conference on neural networks (IJCNN)},
  pages={426--433},
  year={2016},
  organization={IEEE}
}

@inproceedings{tolpegin2020data,
  title={Data poisoning attacks against federated learning systems},
  author={Tolpegin, Vale and Truex, Stacey and Gursoy, Mehmet Emre and Liu, Ling},
  booktitle={Computer security--ESORICs 2020: 25th European symposium on research in computer security, ESORICs 2020, guildford, UK, September 14--18, 2020, proceedings, part i 25},
  pages={480--501},
  year={2020},
  organization={Springer}
}

@article{valerio2023coordination,
  title={Coordination-free decentralised federated learning on complex networks: Overcoming heterogeneity},
  author={Valerio, Lorenzo and Boldrini, Chiara and Passarella, Andrea and Kert{\'e}sz, J{\'a}nos and Karsai, M{\'a}rton and I{\~n}iguez, Gerardo},
  journal={arXiv preprint arXiv:2312.04504},
  year={2023}
}

@article{xia2023poisoning,
  title={Poisoning attacks in federated learning: A survey},
  author={Xia, Geming and Chen, Jian and Yu, Chaodong and Ma, Jun},
  journal={IEEE Access},
  volume={11},
  pages={10708--10722},
  year={2023},
  publisher={IEEE}
}

@article{zhang2020poisongan,
  title={PoisonGAN: Generative poisoning attacks against federated learning in edge computing systems},
  author={Zhang, Jiale and Chen, Bing and Cheng, Xiang and Binh, Huynh Thi Thanh and Yu, Shui},
  journal={IEEE Internet of Things Journal},
  volume={8},
  number={5},
  pages={3310--3322},
  year={2020},
  publisher={IEEE}
}

