%% This BibTeX bibliography file was created using BibDesk.
%% https://bibdesk.sourceforge.io/

%% Created for Chiara Boldrini at 2023-12-07 18:42:05 +0100

%% Saved with string encoding Unicode (UTF-8)

@article{palmieri2024robustness,
  title={Robustness of Decentralised Learning to Nodes and Data Disruption},
  author={Palmieri, Luigi and Boldrini, Chiara and Valerio, Lorenzo and Passarella, Andrea and Conti, Marco and Kert{\'e}sz, J{\'a}nos},
  journal={arXiv preprint arXiv:2405.02377},
  year={2024}
}

@article{valerio2023coordination,
  title={Coordination-free decentralised federated learning on complex networks: Overcoming heterogeneity},
  author={Valerio, Lorenzo and Boldrini, Chiara and Passarella, Andrea and Kert{\'e}sz, J{\'a}nos and Karsai, M{\'a}rton and I{\~n}iguez, Gerardo},
  journal={arXiv preprint arXiv:2312.04504},
  year={2023}
}

@article{sun2022decentralized,
  title={Decentralized federated averaging},
  author={Sun, Tao and Li, Dongsheng and Wang, Bao},
  journal={IEEE Transactions on Pattern Analysis and Machine Intelligence},
  volume={45},
  number={4},
  pages={4289--4301},
  year={2022},
  publisher={IEEE}
}

@article{savazzi2020federated,
  title={Federated learning with cooperating devices: A consensus approach for massive IoT networks},
  author={Savazzi, Stefano and Nicoli, Monica and Rampa, Vittorio},
  journal={IEEE Internet of Things Journal},
  volume={7},
  number={5},
  pages={4641--4654},
  year={2020},
  publisher={IEEE}
}

@book{schmidhuber1990making,
  title={Making the world differentiable: on using self supervised fully recurrent neural networks for dynamic reinforcement learning and planning in non-stationary environments},
  author={Schmidhuber, J{\"u}rgen},
  volume={126},
  year={1990},
  publisher={Inst. f{\"u}r Informatik}
}

@article{goodfellow2014generative,
  title={Generative adversarial nets},
  author={Goodfellow, Ian and Pouget-Abadie, Jean and Mirza, Mehdi and Xu, Bing and Warde-Farley, David and Ozair, Sherjil and Courville, Aaron and Bengio, Yoshua},
  journal={Advances in neural information processing systems},
  volume={27},
  year={2014}
}

@article{schmidhuber2020generative,
  title={Generative adversarial networks are special cases of artificial curiosity (1990) and also closely related to predictability minimization (1991)},
  author={Schmidhuber, J{\"u}rgen},
  journal={Neural Networks},
  volume={127},
  pages={58--66},
  year={2020},
  publisher={Elsevier}
}

@article{sikar2024misclassification,
  title={The Misclassification Likelihood Matrix: Some Classes Are More Likely To Be Misclassified Than Others},
  author={Sikar, Daniel and Garcez, Artur and Bloomfield, Robin and Weyde, Tillman and Peeroo, Kaleem and Singh, Naman and Hutchinson, Maeve and Laksono, Dany and Reljan-Delaney, Mirela},
  journal={arXiv preprint arXiv:2407.07818},
  year={2024}
}

@article{lecun1989backpropagation,
  title={Backpropagation applied to handwritten zip code recognition},
  author={LeCun, Yann and Boser, Bernhard and Denker, John S and Henderson, Donnie and Howard, Richard E and Hubbard, Wayne and Jackel, Lawrence D},
  journal={Neural computation},
  volume={1},
  number={4},
  pages={541--551},
  year={1989},
  publisher={MIT Press}
}

@article{lecun1998mnist,
  title={The MNIST database of handwritten digits},
  author={LeCun, Yann},
  journal={http://yann. lecun. com/exdb/mnist/},
  year={1998}
}

@article{tedeschini2022decentralized,
  title={Decentralized federated learning for healthcare networks: A case study on tumor segmentation},
  author={Tedeschini, Bernardo Camajori and Savazzi, Stefano and Stoklasa, Roman and Barbieri, Luca and Stathopoulos, Ioannis and Nicoli, Monica and Serio, Luigi},
  journal={IEEE access},
  volume={10},
  pages={8693--8708},
  year={2022},
  publisher={IEEE}
}

@article{shiranthika2023decentralized,
  title={Decentralized learning in healthcare: a review of emerging techniques},
  author={Shiranthika, Chamani and Saeedi, Parvaneh and Baji{\'c}, Ivan V},
  journal={IEEE Access},
  volume={11},
  pages={54188--54209},
  year={2023},
  publisher={IEEE}
}

@article{zeng2018nonconvex,
  title={On nonconvex decentralized gradient descent},
  author={Zeng, Jinshan and Yin, Wotao},
  journal={IEEE Transactions on signal processing},
  volume={66},
  number={11},
  pages={2834--2848},
  year={2018},
  publisher={IEEE}
}

@article{hard2018federated,
  title={Federated learning for mobile keyboard prediction},
  author={Hard, Andrew and Rao, Kanishka and Mathews, Rajiv and Ramaswamy, Swaroop and Beaufays, Fran{\c{c}}oise and Augenstein, Sean and Eichner, Hubert and Kiddon, Chlo{\'e} and Ramage, Daniel},
  journal={arXiv preprint arXiv:1811.03604},
  year={2018}
}

@inproceedings{mcmahan2017communication,
  title={Communication-efficient learning of deep networks from decentralized data},
  author={McMahan, Brendan and Moore, Eider and Ramage, Daniel and Hampson, Seth and y Arcas, Blaise Aguera},
  booktitle={Artificial intelligence and statistics},
  pages={1273--1282},
  year={2017},
  organization={PMLR}
}

@inproceedings{pham2024data,
  title={Data Poisoning Attacks in Gossip Learning},
  author={Pham, Alexandre and Potop-Butucaru, Maria and Tixeuil, S{\'e}bastien and Fdida, Serge},
  booktitle={International Conference on Advanced Information Networking and Applications},
  pages={213--224},
  year={2024},
  organization={Springer}
}

@inproceedings{cao2019understanding,
  title={Understanding distributed poisoning attack in federated learning},
  author={Cao, Di and Chang, Shan and Lin, Zhijian and Liu, Guohua and Sun, Donghong},
  booktitle={2019 IEEE 25th international conference on parallel and distributed systems (ICPADS)},
  pages={233--239},
  year={2019},
  organization={IEEE}
}

@inproceedings{bhagoji2019analyzing,
  title={Analyzing federated learning through an adversarial lens},
  author={Bhagoji, Arjun Nitin and Chakraborty, Supriyo and Mittal, Prateek and Calo, Seraphin},
  booktitle={International conference on machine learning},
  pages={634--643},
  year={2019},
  organization={PMLR}
}

@inproceedings{tabacof2016exploring,
  title={Exploring the space of adversarial images},
  author={Tabacof, Pedro and Valle, Eduardo},
  booktitle={2016 international joint conference on neural networks (IJCNN)},
  pages={426--433},
  year={2016},
  organization={IEEE}
}

@inproceedings{gentz2015detection,
  title={Detection of data injection attacks in decentralized learning},
  author={Gentz, Reinhard and Wai, Hoi-To and Scaglione, Anna and Leshem, Amir},
  booktitle={2015 49th Asilomar Conference on Signals, Systems and Computers},
  pages={350--354},
  year={2015},
  organization={IEEE}
}

@article{xia2023poisoning,
  title={Poisoning attacks in federated learning: A survey},
  author={Xia, Geming and Chen, Jian and Yu, Chaodong and Ma, Jun},
  journal={IEEE Access},
  volume={11},
  pages={10708--10722},
  year={2023},
  publisher={IEEE}
}

@article{sun2024gan,
  title={A GAN-Based Data Poisoning Attack Against Federated Learning Systems and Its Countermeasure},
  author={Sun, Wei and Gao, Bo and Xiong, Ke and Wang, Yuwei and Fan, Pingyi and Letaief, Khaled Ben},
  journal={arXiv preprint arXiv:2405.11440},
  year={2024}
}

@article{zhang2020poisongan,
  title={PoisonGAN: Generative poisoning attacks against federated learning in edge computing systems},
  author={Zhang, Jiale and Chen, Bing and Cheng, Xiang and Binh, Huynh Thi Thanh and Yu, Shui},
  journal={IEEE Internet of Things Journal},
  volume={8},
  number={5},
  pages={3310--3322},
  year={2020},
  publisher={IEEE}
}

@inproceedings{tolpegin2020data,
  title={Data poisoning attacks against federated learning systems},
  author={Tolpegin, Vale and Truex, Stacey and Gursoy, Mehmet Emre and Liu, Ling},
  booktitle={Computer security--ESORICs 2020: 25th European symposium on research in computer security, ESORICs 2020, guildford, UK, September 14--18, 2020, proceedings, part i 25},
  pages={480--501},
  year={2020},
  organization={Springer}
}

@misc{BKHMSILatentInterpolation,
  author = {BKHMSI},
  title = {MNIST-Latent-Interpolation: Count{down, up} with MNIST using Latent Interpolation},
  year = {2019},
  howpublished = {\url{https://github.com/BKHMSI/MNIST-Latent-Interpolation}},
  note = {Accessed: 2025-01-09}
}

@techreport{hagberg2008exploring,
  title={Exploring network structure, dynamics, and function using NetworkX},
  author={Hagberg, Aric and Swart, Pieter J and Schult, Daniel A},
  year={2008},
  institution={Los Alamos National Laboratory (LANL), Los Alamos, NM (United States)}
}

@article{barabasi1999emergence,
  title={Emergence of scaling in random networks},
  author={Barab{\'a}si, Albert-L{\'a}szl{\'o} and Albert, R{\'e}ka},
  journal={science},
  volume={286},
  number={5439},
  pages={509--512},
  year={1999},
  publisher={American Association for the Advancement of Science}
}

@article{mcallister2025decentralized,
  title={Decentralized Diffusion Models},
  author={McAllister, David and Tancik, Matthew and Song, Jiaming and Kanazawa, Angjoo},
  journal={arXiv preprint arXiv:2501.05450},
  year={2025}
}

@article{barabasi2013network,
  title={Network science},
  author={Barab{\'a}si, Albert-L{\'a}szl{\'o}},
  journal={Philosophical Transactions of the Royal Society A: Mathematical, Physical and Engineering Sciences},
  volume={371},
  number={1987},
  pages={20120375},
  year={2013},
  publisher={The Royal Society Publishing}
}