@InProceedings{10.1007/978-3-030-85613-7_26,
author="Kj{\ae}rup, Maria
and Skov, Mikael B.
and van Berkel, Niels",
editor="Ardito, Carmelo
and Lanzilotti, Rosa
and Malizia, Alessio
and Petrie, Helen
and Piccinno, Antonio
and Desolda, Giuseppe
and Inkpen, Kori",
title="E-Scooter Sustainability -- A Clash of Needs, Perspectives, and Experiences",
booktitle="Human-Computer Interaction -- INTERACT 2021",
year="2021",
publisher="Springer International Publishing",
address="Cham",
pages="365--383",
isbn="978-3-030-85613-7"
}

@inproceedings{10.1145/3025453.3025911,
author = {Wash, Rick and Rader, Emilee and Fennell, Chris},
title = {Can People Self-Report Security Accurately? Agreement Between Self-Report and Behavioral Measures},
year = {2017},
isbn = {9781450346559},
publisher = {Association for Computing Machinery},
address = {New York, NY, USA},
url = {https://doi.org/10.1145/3025453.3025911},
doi = {10.1145/3025453.3025911},
booktitle = {Proceedings of the 2017 CHI Conference on Human Factors in Computing Systems},
pages = {2228–2232},
numpages = {5},
keywords = {self-report, security, intentions},
location = {Denver, Colorado, USA},
series = {CHI '17}
}

@inproceedings{10.1145/3204493.3214307,
author = {Trefzger, Mathias and Blascheck, Tanja and Raschke, Michael and Hausmann, Sarah and Schlegel, Thomas},
title = {A Visual Comparison of Gaze Behavior from Pedestrians and Cyclists},
year = {2018},
isbn = {9781450357067},
publisher = {Association for Computing Machinery},
address = {New York, NY, USA},
url = {https://doi.org/10.1145/3204493.3214307},
doi = {10.1145/3204493.3214307},
booktitle = {Proceedings of the 2018 ACM Symposium on Eye Tracking Research \& Applications},
articleno = {104},
numpages = {5},
keywords = {visual analytics, eye tracking, pedestrians, cyclists, traffic situations, multi-model data, real-world environment},
location = {Warsaw, Poland},
series = {ETRA '18}
}

@inproceedings{10.1145/3313831.3376499,
author = {Tuncer, Sylvaine and Brown, Barry},
title = {E-Scooters on the Ground: Lessons for Redesigning Urban Micro-Mobility},
year = {2020},
isbn = {9781450367080},
publisher = {Association for Computing Machinery},
address = {New York, NY, USA},
url = {https://doi.org/10.1145/3313831.3376499},
doi = {10.1145/3313831.3376499},
booktitle = {Proceedings of the 2020 CHI Conference on Human Factors in Computing Systems},
pages = {1–14},
numpages = {14},
keywords = {co-ordination in mobile interactions, electric scooters, micro-mobility, vehicle design, user experience, intermodal mobility},
location = {Honolulu, HI, USA},
series = {CHI '20}
}

@inproceedings{10.1145/3544548.3581045,
author = {Brown, Barry and Broth, Mathias and Vinkhuyzen, Erik},
title = {The Halting Problem: Video Analysis of Self-Driving Cars in Traffic},
year = {2023},
isbn = {9781450394215},
publisher = {Association for Computing Machinery},
address = {New York, NY, USA},
url = {https://doi.org/10.1145/3544548.3581045},
doi = {10.1145/3544548.3581045},
booktitle = {Proceedings of the 2023 CHI Conference on Human Factors in Computing Systems},
articleno = {12},
numpages = {14},
location = {Hamburg, Germany},
series = {CHI '23}
}

@inproceedings{10.1145/3544548.3581049,
author = {Al-Taie, Ammar and Abdrabou, Yasmeen and Macdonald, Shaun Alexander and Pollick, Frank and Brewster, Stephen Anthony},
title = {Keep It Real: Investigating Driver-Cyclist Interaction in Real-World Traffic},
year = {2023},
isbn = {9781450394215},
publisher = {Association for Computing Machinery},
address = {New York, NY, USA},
doi = {10.1145/3544548.3581049},
booktitle = {Proceedings of the 2023 CHI Conference on Human Factors in Computing Systems},
articleno = {769},
numpages = {15},
keywords = {Observations, Autonomous Vehicle-Cyclist Interaction, Vulnerable Road Users, Eye-Tracking, Field Study, Naturalistic Study, Cyclists},
location = {Hamburg, Germany},
series = {CHI '23}
}

@inproceedings{10.1145/3568444.3568451,
author = {Wintersberger, Philipp and Shahu, Ambika and Reisinger, Johanna and Alizadeh, Fatemeh and Michahelles, Florian},
title = {Self-Balancing Bicycles: Qualitative Assessment and Gaze Behavior Evaluation},
year = {2022},
isbn = {9781450398206},
publisher = {Association for Computing Machinery},
address = {New York, NY, USA},
url = {https://doi.org/10.1145/3568444.3568451},
doi = {10.1145/3568444.3568451},
booktitle = {Proceedings of the 21st International Conference on Mobile and Ubiquitous Multimedia},
pages = {189–199},
numpages = {11},
keywords = {Cyclist safety, automated driving, eye tracking, gaze behavior, thematic analysis, user acceptance, user study},
series = {MUM '22}
}

@inproceedings{10.1145/3607822.3614532,
author = {Matviienko, Andrii and Leh\'{e}, Manuel and Heller, Florian and Pfleging, Bastian and M\"{u}hlh\"{a}user, Max},
title = {QuantiBike: Quantifying Perceived Cyclists' Safety via Head Movements in Virtual Reality and Outdoors},
year = {2023},
isbn = {9798400702815},
publisher = {Association for Computing Machinery},
address = {New York, NY, USA},
url = {https://doi.org/10.1145/3607822.3614532},
doi = {10.1145/3607822.3614532},
booktitle = {Proceedings of the 2023 ACM Symposium on Spatial User Interaction},
articleno = {27},
numpages = {12},
keywords = {cycling, cycling safety, head movements, virtual reality},
series = {SUI '23}
}

@ARTICLE{6595621,
  author={Dozza, Marco and Fernandez, Andre},
  journal={IEEE Transactions on Intelligent Transportation Systems}, 
  title={Understanding Bicycle Dynamics and Cyclist Behavior From Naturalistic Field Data (November 2012)}, 
  year={2014},
  volume={15},
  number={1},
  pages={376-384},
  doi={10.1109/TITS.2013.2279687}
}

@INPROCEEDINGS{7795977,
  author={Jahangiri, Arash and Elhenawy, Mohammed and Rakha, Hesham and Dingus, Thomas A.},
  booktitle={2016 IEEE 19th International Conference on Intelligent Transportation Systems (ITSC)}, 
  title={Investigating cyclist violations at signal-controlled intersections using naturalistic cycling data}, 
  year={2016},
  volume={},
  number={},
  pages={2619-2624},
  keywords={Bicycles;Predictive models;Classification algorithms;Artificial neural networks;Data models;Mathematical model;Vehicle crash testing},
  doi={10.1109/ITSC.2016.7795977}}

@ArtifactSoftware{AusTrials,
    title = {Electric Scooter Trials in Australia by state 2022},
    author = {{ Jane Aguila}},
    organization = { Mearth Electric Scooters},
    year = {2022},
    url = {https://www.mearth.com.au/blogs/news/electric-scooter-trials-in-australia-by-state-2022},
}

@article{COBB2021172,
title = {Bicyclists' behavioral and physiological responses to varying roadway conditions and bicycle infrastructure},
journal = {Transportation Research Part F: Traffic Psychology and Behaviour},
volume = {80},
pages = {172-188},
year = {2021},
issn = {1369-8478},
doi = {https://doi.org/10.1016/j.trf.2021.04.004},
url = {https://www.sciencedirect.com/science/article/pii/S1369847821000851},
author = {Douglas P. Cobb and Hisham Jashami and David S. Hurwitz},
keywords = {Bicycle simulator, Galvanic skin response, GSR, Comfort, Physiological response, Stress},
}

@ArtifactSoftware{CountryOverview,
    title = {Country overview: E-scooter regulations in Europe},
    author = {{ European Consumer Centres Network}},
    organization = {European Customer Centre Germany},
    year = {2023},
    url = {https://www.evz.de/en/reisen-verkehr/e-mobilitaet/zweiraeder/e-scooter-regulations-in-europe.html},
}

@article{GIOLDASIS2021106427,
title = {Risk-taking Behaviors of E-scooter Users: A Survey in Paris},
journal = {Accident Analysis and Prevention},
volume = {163},
pages = {106427},
year = {2021},
issn = {0001-4575},
doi = {https://doi.org/10.1016/j.aap.2021.106427},
url = {https://www.sciencedirect.com/science/article/pii/S0001457521004589},
author = {Christos Gioldasis and Zoi Christoforou and Regine Seidowsky},
keywords = {Human factors, Distraction, Alcohol, Survey, E-scooters, Paris}
}

@article{GOSSLING2020102230,
title = {Integrating E-scooters in Urban Transportation: Problems, Policies, and the Prospect of System Change},
journal = {Transportation Research Part D: Transport and Environment},
volume = {79},
pages = {102230},
year = {2020},
issn = {1361-9209},
doi = {https://doi.org/10.1016/j.trd.2020.102230},
url = {https://www.sciencedirect.com/science/article/pii/S1361920919312829},
author = {Stefan Gossling},
keywords = {E-scooters, Micromobility, Transport planning, Transport policy, Urban planning},
}

@article{KAYA2021106380,
title = {Hey, watch where you're going! An on-road study of driver scanning failures towards pedestrians and cyclists},
journal = {Accident Analysis and Prevention},
volume = {162},
pages = {106380},
year = {2021},
issn = {0001-4575},
doi = {https://doi.org/10.1016/j.aap.2021.106380},
author = {Nazli Kaya and Joelle Girgis and Braden Hansma and Birsen Donmez},
keywords = {Vulnerable road users, Driver attention, Visual scanning, Urban intersections, Glance, Instrumented vehicle}
}

@article{KOVACSOVA2018270,
title = {Cyclists' eye movements and crossing judgments at uncontrolled intersections: An eye-tracking study using animated video clips},
journal = {Accident Analysis and Prevention},
volume = {120},
pages = {270-280},
year = {2018},
issn = {0001-4575},
doi = {https://doi.org/10.1016/j.aap.2018.08.024},
author = {N. Kovácsová and C.D.D. Cabrall and S.J. Antonisse and T. {de Haan} and R. {van Namen} and J.L. Nooren and R. Schreurs and M.P. Hagenzieker and J.C.F. {de Winter}},
keywords = {Eye movements, Hazard anticipation, Crossing judgment, Bicycle-car interaction, Cycling safety},
}

@article{LAA2020102874,
title = {Survey of E-scooter Users in Vienna: Who They Are and How They Ride},
journal = {Journal of Transport Geography},
volume = {89},
pages = {102874},
year = {2020},
issn = {0966-6923},
doi = {https://doi.org/10.1016/j.jtrangeo.2020.102874},
url = {https://www.sciencedirect.com/science/article/pii/S0966692320309510},
author = {Barbara Laa and Ulrich Leth},
keywords = {Micromobility, Urban transportation, Public space, Cycling, Travel behaviour, Street space allocation},
}

@article{MANTUANO2017408,
title = {Cyclist gaze behavior in urban space: An eye-tracking experiment on the bicycle network of Bologna},
journal = {Case Studies on Transport Policy},
volume = {5},
number = {2},
pages = {408-416},
year = {2017},
issn = {2213-624X},
doi = {https://doi.org/10.1016/j.cstp.2016.06.001},
author = {Alessandra Mantuano and Silvia Bernardi and Federico Rupi},
keywords = {Eye-tracking, Cyclist, Gaze-behavior},
}

@article{MORGENSTERN2020104740,
title = {Do drivers reduce their speed when texting on highways? A replication study using European naturalistic driving data},
journal = {Safety Science},
volume = {128},
pages = {104740},
year = {2020},
issn = {0925-7535},
doi = {https://doi.org/10.1016/j.ssci.2020.104740},
url = {https://www.sciencedirect.com/science/article/pii/S0925753520301375},
author = {Tina Morgenstern and Lea Schott and Josef F. Krems},
keywords = {Naturalistic driving, Distraction, Texting, Self-regulatory behavior, Speed adaptation},
}

@article{NIKIFORIADIS2021102790,
title = {Analysis of attitudes and engagement of shared e-scooter users},
journal = {Transportation Research Part D: Transport and Environment},
volume = {94},
pages = {102790},
year = {2021},
issn = {1361-9209},
doi = {https://doi.org/10.1016/j.trd.2021.102790},
url = {https://www.sciencedirect.com/science/article/pii/S1361920921000948},
author = {Andreas Nikiforiadis and Evangelos Paschalidis and Nikiforos Stamatiadis and Alexandra Raptopoulou and Athanasia Kostareli and Socrates Basbas},
keywords = {E-scooter, Micromobility, Sustainable urban mobility, User profile},
}

@article{PETZOLDT2017477,
title = {Traffic conflicts and their contextual factors when riding conventional vs. electric bicycles},
journal = {Transportation Research Part F: Traffic Psychology and Behaviour},
volume = {46},
pages = {477-490},
year = {2017},
note = {Special Issue on Special Road safety as reflected by empirical non-crash data},
issn = {1369-8478},
doi = {https://doi.org/10.1016/j.trf.2016.06.010},
url = {https://www.sciencedirect.com/science/article/pii/S1369847816300924},
author = {Tibor Petzoldt and Katja Schleinitz and Sarah Heilmann and Tina Gehlert},
keywords = {Cycling, E-bikes, Naturalistic cycling, Ageing, Intersection, Road safety},
}

@article{PhysiologicalCyclist,
author = {Werner, Christian and Resch, Bernd and Loidl, Martin},
year = {2019},
month = {06},
pages = {265},
title = {Evaluating Urban Bicycle Infrastructures through Intersubjectivity of Stress Sensations Derived from Physiological Measurements},
volume = {8},
journal = {ISPRS International Journal of Geo-Information},
doi = {10.3390/ijgi8060265}
}

@article{TUNCER2020102702,
title = {Notes on the Practices and Appearances of E-scooter Users in Public Space},
journal = {Journal of Transport Geography},
volume = {85},
pages = {102702},
year = {2020},
issn = {0966-6923},
doi = {https://doi.org/10.1016/j.jtrangeo.2020.102702},
url = {https://www.sciencedirect.com/science/article/pii/S0966692319309408},
author = {Sylvaine Tuncer and Eric Laurier and Barry Brown and Christian Licoppe},
keywords = {Electric scooters, Ethnomethodology, Public space, Video analysis, Interactions, Accountability}
}

@misc{VICtrial, title={E-scooter trial extended over summer}, url={https://www.vicroads.vic.gov.au/safety-and-road-rules/e-scooters-in-victoria}, journal={vic roads}, year={2023}, month={June} , Author={VicRoads}, note = {Accessed: 2023-09-14}}

@article{VONSTULPNAGEL2020222,
title = {Gaze behavior during urban cycling: Effects of subjective risk perception and vista space properties},
journal = {Transportation Research Part F: Traffic Psychology and Behaviour},
volume = {75},
pages = {222-238},
year = {2020},
issn = {1369-8478},
doi = {https://doi.org/10.1016/j.trf.2020.10.007},
url = {https://www.sciencedirect.com/science/article/pii/S1369847820305556},
author = {Rul {von Stalpnagel}},
keywords = {Mobile eye tracking, Real-world cycling, Isovist analysis, Gaze behavior, Sight vectors, Subjective risk perception, Gaze angles}}

@article{WEISS2024100047,
title = {Scooting into place: how comfort on different Infrastructure Types influences Shared e-scooter trip making},
journal = {Journal of Cycling and Micromobility Research},
pages = {100047},
year = {2024},
issn = {2950-1059},
doi = {https://doi.org/10.1016/j.jcmr.2024.100047},
url = {https://www.sciencedirect.com/science/article/pii/S295010592400038X},
author = {Adam Weiss and Sam Pollock and Lina Kattan},
keywords = {Shared E-Scooters, micromobility, level of comfort, multivariate ordered probit choice model},
}

@article{WHITE2023182,
title = {What factors contribute to e-scooter crashes: A first look using a naturalistic riding approach},
journal = {Journal of Safety Research},
volume = {85},
pages = {182-191},
year = {2023},
issn = {0022-4375},
doi = {https://doi.org/10.1016/j.jsr.2023.02.002},
url = {https://www.sciencedirect.com/science/article/pii/S0022437523000178},
author = {Elizabeth White and Feng Guo and Shu Han and Mike Mollenhauer and Andrea Broaddus and Ted Sweeney and Sarah Robinson and Adam Novotny and Ralph Buehler},
keywords = {Safety, Last-mile transportation, Mobility as a service, Crash severity, Crash risk},
}

@ArtifactSoftware{WeRideAustraliaReport,
    title = {We Ride Australia The Australian  Cycling and E-Scooter Economy in 2022 },
    author = {{We Ride Australia}},
    organization = {We Ride Australia},
    year = {2023},
    url = {https://www.weride.org.au/wp-content/uploads/2023/11/The_Australian_Cycling_and_e-scooter_Economy_in_2022_WeRide_and_EY_2023_Report_Final_web.pdf},
}

@article{YANG2020105608,
title = {Safety of micro-mobility: Analysis of E-Scooter crashes by mining news reports},
journal = {Accident Analysis and Prevention},
volume = {143},
pages = {105608},
year = {2020},
issn = {0001-4575},
doi = {https://doi.org/10.1016/j.aap.2020.105608},
url = {https://www.sciencedirect.com/science/article/pii/S0001457520301135},
author = {Hong Yang and Qingyu Ma and Zhenyu Wang and Qing Cai and Kun Xie and Di Yang},
keywords = {Electric scooters, E-Scooter crashes, Crash analysis, Micro-mobility, Crash data, Injury severity},
}

@article{anke2023micro,
  title={Micro-mobility and road safety: why do e-scooter riders use the sidewalk? Evidence from a German field study},
  author={Anke, Juliane and Ringhand, Madlen and Petzoldt, Tibor and Gehlert, Tina},
  journal={European Transport Research Review},
  volume={15},
  number={1},
  pages={29},
  year={2023},
  publisher={Springer}
}

@article{burt2023scooter,
  title={E-scooter attitudes and risk-taking behaviours: an international systematic literature review and survey responses in the West Midlands, United Kingdom},
  author={Burt, Nathalie and Ahmed, Zubair},
  journal={Frontiers in public health},
  volume={11},
  pages={1277378},
  year={2023},
  publisher={Frontiers}
}

@article{distefano2020physiological,
  title={Physiological and driving behaviour changes associated to different road intersections},
  author={Distefano, Natalia and Leonardi, Salvatore and Pulvirenti, Giulia and Romano, Richard and Merat, Natasha and Boer, Erwin and Woolridge, Ellie},
  journal={European Transport},
  volume={77},
  year={2020},
  publisher={Giordano Editore}
}

@article{doi:10.1080/15389588.2019.1643015,
author = {Pedro Huertas-Leyva, Marco Dozza and Niccola Baldanzini},
title = {E-bikers' braking behavior: Results from a naturalistic cycling study},
journal = {Traffic Injury Prevention},
volume = {20},
number = {sup3},
pages = {62--67},
year = {2019},
publisher = {Taylor \& Francis},
doi = {10.1080/15389588.2019.1643015},
note ={PMID: 31442089},
eprint ={https://doi.org/10.1080/15389588.2019.1643015}
}

@article{doi:10.1080/17450101.2021.1967097,
author = {Hebe Gibson and Angela Curl and Lee Thompson},
title = {Blurred Boundaries: E-scooter Riders' and Pedestrians' Experiences of Sharing Space},
journal = {Mobilities},
volume = {17},
number = {1},
pages = {69-84},
year  = {2022},
publisher = {Routledge},
doi = {10.1080/17450101.2021.1967097},
URL = {https://doi.org/10.1080/17450101.2021.1967097}
}

@article{dozza2022data,
  title={A data-driven framework for the safe integration of micro-mobility into the transport system: Comparing bicycles and e-scooters in field trials},
  author={Dozza, Marco and Violin, Alessio and Rasch, Alexander},
  journal={Journal of safety research},
  volume={81},
  pages={67--77},
  year={2022},
  publisher={Elsevier}
}

@article{hong2022evaluation,
  title={An Evaluation of Road User Interactions with E-Scooters},
  author={Hong, Yubin and Klauer, Charlie and Vilela, Jean Paul Talledo and Miles, Melissa},
  year={2022},
  publisher={Safe-D National UTC}
}

@article{james2023comparison,
  title={Comparison of injuries associated with electric scooters, motorbikes, and bicycles in France, 2019-2022},
  author={James, Arthur and Harrois, Anatole and Abback, Paer-Selim and Moyer, Jean Denis and Jeantrelle, Caroline and Hanouz, Jean-Luc and Boutonnet, Mathieu and Geeraerts, Thomas and Godier, Anne and Pottecher, Julien and others},
  journal={JAMA network open},
  volume={6},
  number={6},
  pages={e2320960--e2320960},
  year={2023},
  publisher={American Medical Association}
}

@Article{su11205591,
AUTHOR = {James, Owain and Swiderski, J I and Hicks, John and Teoman, Denis and Buehler, Ralph},
TITLE = {Pedestrians and E-Scooters: An Initial Look at E-Scooter Parking and Perceptions by Riders and Non-Riders},
JOURNAL = {Sustainability},
VOLUME = {11},
YEAR = {2019},
NUMBER = {20},
ARTICLE-NUMBER = {5591},
URL = {https://www.mdpi.com/2071-1050/11/20/5591},
ISSN = {2071-1050},
DOI = {10.3390/su11205591}
}

@Article{su142114303,
AUTHOR = {della Mura, Matteo and Failla, Serena and Gori, Nicolò and Micucci, Alfonso and Paganelli, Filippo},
TITLE = {E-Scooter Presence in Urban Areas: Are Consistent Rules, Paying Attention and Smooth Infrastructure Enough for Safety?},
JOURNAL = {Sustainability},
VOLUME = {14},
YEAR = {2022},
NUMBER = {21},
ARTICLE-NUMBER = {14303},
URL = {https://www.mdpi.com/2071-1050/14/21/14303},
ISSN = {2071-1050},
DOI = {10.3390/su142114303}
}

@article{visualAttenstionTobii,
author = {Pashkevich, Anton and Burghardt, Tomasz and Pulawska-Obiedowska, Sabina and Sucha, Matus},
year = {2022},
month = {01},
pages = {},
title = {Visual Attention and Speeds of Pedestrians, Cyclists, and Electric Scooter Riders When Using Shared Road -- A Field Eye Tracker Experiment},
volume = {10},
journal = {Case Studies on Transport Policy},
doi = {10.1016/j.cstp.2022.01.015}
}

