@article{acerbi2002coherence,
  title={On the coherence of expected shortfall},
  author={Acerbi, Carlo and Tasche, Dirk},
  journal={Journal of Banking \& Finance},
  volume={26},
  number={7},
  pages={1487--1503},
  year={2002},
  publisher={Elsevier}
}

@article{baesens2003benchmarking,
  title={Benchmarking state-of-the-art classification algorithms for credit scoring},
  author={Baesens, Bart and Van Gestel, Tony and Viaene, Stijn and Stepanova, Maria and Suykens, Johan and Vanthienen, Jan},
  journal={Journal of the Operational Research Society},
  volume={54},
  number={6},
  pages={627--635},
  year={2003},
  publisher={Taylor \& Francis}
}

@article{blochlinger2006economic,
  title={Economic benefit of powerful credit scoring},
  author={Bl{\"o}chlinger, Andreas and Leippold, Markus},
  journal={Journal of Banking \& Finance},
  volume={30},
  number={3},
  pages={851--873},
  year={2006},
  publisher={Elsevier}
}

@article{carey2001parameterizing,
  title={Parameterizing credit risk models with rating data},
  author={Carey, Mark and Hrycay, Mark},
  journal={Journal of Banking \& Finance},
  volume={25},
  number={1},
  pages={197--270},
  year={2001},
  publisher={Elsevier}
}

@inproceedings{cheng2020contagious,
  title={Contagious chain risk rating for networked-guarantee loans},
  author={Cheng, Dawei and Niu, Zhibin and Zhang, Yiyi},
  booktitle={Proceedings of the 26th ACM International Conference on Knowledge Discovery \& Data Mining},
  pages={2715--2723},
  year={2020}
}

@article{cheng2022financial,
	title        = {Financial time series forecasting with multi-modality graph neural network},
	author       = {Cheng, Dawei and Yang, Fangzhou and Xiang, Sheng and Liu, Jin},
	year         = 2022,
	journal      = {Pattern Recognition},
	publisher    = {Elsevier},
	volume       = 121,
	pages        = 108218
}

@article{cheng2022regulating,
	title        = {Regulating systemic crises: Stemming the contagion risk in networked-loans through deep graph learning},
	author       = {Cheng, Dawei and Niu, Zhibin and Li, Jie and Jiang, Changjun},
	year         = 2022,
	journal      = {IEEE Transactions on Knowledge and Data Engineering},
	publisher    = {Ieee}
}

@inproceedings{cheng2023critical,
  title={Critical firms prediction for stemming contagion risk in networked-loans through graph-based deep reinforcement learning},
  author={Cheng, Dawei and Niu, Zhibin and Zhang, Jianfu and Zhang, Yiyi and Jiang, Changjun},
  booktitle={Proceedings of the AAAI Conference on Artificial Intelligence},
  volume={37},
  number={12},
  pages={14205--14213},
  year={2023}
}

@article{duffie1997overview,
  title={An overview of value at risk},
  author={Duffie, Darrell and Pan, Jun},
  journal={Journal of derivatives},
  volume={4},
  number={3},
  pages={7--49},
  year={1997}
}

@article{hilscher2017credit,
  title={Credit ratings and credit risk: Is one measure enough?},
  author={Hilscher, Jens and Wilson, Mungo},
  journal={Management science},
  volume={63},
  number={10},
  pages={3414--3437},
  year={2017},
  publisher={INFORMS}
}

@inproceedings{ijcai2024p817,
  title     = {{RisQNet}: Rescuing {SME}s from financial shocks with a novel networked-loan risk assessment},
  author    = {Lu, Zhaoyuan and Li, Taijun and Zhang, Jingzhen and Liu, Moyang and Li, Xiang and Cui, Linyi and Chen, Junqi and Niu, Zhibin},
  booktitle = {Proceedings of the 33rd International Joint Conference on Artificial Intelligence},
  editor    = {Kate Larson},
  pages     = {7385--7393},
  year      = {2024},
  month     = {8}
}

@article{lazar2019model,
  title={Model risk of expected shortfall},
  author={Lazar, Emese and Zhang, Ning},
  journal={Journal of Banking \& Finance},
  volume={105},
  pages={74--93},
  year={2019},
  publisher={Elsevier}
}

@inproceedings{lin2022causal,
  title={A causal inference look at unsupervised video anomaly detection},
  author={Lin, Xiangru and Chen, Yuyang and Li, Guanbin and Yu, Yizhou},
  booktitle={Proceedings of the AAAI Conference on Artificial Intelligence},
  volume={36},
  number={2},
  pages={1620--1629},
  year={2022}
}

@article{linsmeier2000value,
  title={Value at risk},
  author={Linsmeier, Thomas J and Pearson, Neil D},
  journal={Financial analysts journal},
  volume={56},
  number={2},
  pages={47--67},
  year={2000},
  publisher={Taylor \& Francis}
}

@article{pertaia2022new,
  title={A new approach to credit ratings},
  author={Pertaia, Giorgi and Prokhorov, Artem and Uryasev, Stan},
  journal={Journal of Banking \& Finance},
  volume={140},
  pages={106097},
  year={2022},
  publisher={Elsevier}
}

@article{prevost2000derivatives,
  title={Derivatives usage and financial risk management in large and small economies: A comparative analysis},
  author={Prevost, Andrew K and Rose, Lawrence C and Miller, Gary},
  journal={Journal of Business Finance \& Accounting},
  volume={27},
  number={5-6},
  pages={733--759},
  year={2000},
  publisher={Wiley Online Library}
}

@article{santomero1997financial,
  title={Financial risk management by insurers: An analysis of the process},
  author={Santomero, Anthony M and Babbel, David F},
  journal={Journal of risk and insurance},
  pages={231--270},
  year={1997},
  publisher={JSTOR}
}

@article{somin2020network,
  title={Network dynamics of a financial ecosystem},
  author={Somin, Shahar and Altshuler, Yaniv and Gordon, Goren and Pentland, Alex’Sandy’ and Shmueli, Erez},
  journal={Scientific Reports},
  volume={10},
  number={1},
  pages={4587},
  year={2020},
  publisher={Nature Publishing Group UK London}
}

@article{tasche2002expected,
  title={Expected shortfall and beyond},
  author={Tasche, Dirk},
  journal={Journal of Banking \& Finance},
  volume={26},
  number={7},
  pages={1519--1533},
  year={2002},
  publisher={Elsevier}
}

