@article{gai2010contagion,
	title        = {Contagion in financial networks},
	author       = {Gai, Prasanna and Kapadia, Sujit},
	year         = 2010,
	journal      = {Proceedings of the Royal Society A: Mathematical, Physical and Engineering Sciences},
	publisher    = {The Royal Society Publishing},
	volume       = 466,
	number       = 2120,
	pages        = {2401--2423}
}
@article{elliott2014financial,
	title        = {Financial networks and contagion},
	author       = {Elliott, Matthew and Golub, Benjamin and Jackson, Matthew O},
	year         = 2014,
	journal      = {American Economic Review},
	publisher    = {American Economic Association 2014 Broadway, Suite 305, Nashville, TN 37203},
	volume       = 104,
	number       = 10,
	pages        = {3115--3153}
}
@article{eisenberg2001systemic,
	title        = {Systemic risk in financial systems},
	author       = {Eisenberg, Larry and Noe, Thomas H},
	year         = 2001,
	journal      = {Management Science},
	publisher    = {Informs},
	volume       = 47,
	number       = 2,
	pages        = {236--249}
}
@article{billio2012econometric,
	title        = {Econometric measures of connectedness and systemic risk in the finance and insurance sectors},
	author       = {Billio, Monica and Getmansky, Mila and Lo, Andrew W and Pelizzon, Loriana},
	year         = 2012,
	journal      = {Journal of Financial Economics},
	publisher    = {Elsevier},
	volume       = 104,
	number       = 3,
	pages        = {535--559}
}
@article{gepp2015predicting,
	title        = {Predicting financial distress: A comparison of survival analysis and decision tree techniques},
	author       = {Gepp, Adrian and Kumar, Kuldeep},
	year         = 2015,
	journal      = {Procedia Computer Science},
	publisher    = {Elsevier},
	volume       = 54,
	pages        = {396--404}
}
@article{malekipirbazari2015risk,
	title        = {Risk assessment in social lending via random forests},
	author       = {Malekipirbazari, Milad and Aksakalli, Vural},
	year         = 2015,
	journal      = {Expert Systems with Applications},
	publisher    = {Elsevier},
	volume       = 42,
	number       = 10,
	pages        = {4621--4631}
}
@article{danenas2015selection,
	title        = {Selection of support vector machines based classifiers for credit risk domain},
	author       = {Danenas, Paulius and Garsva, Gintautas},
	year         = 2015,
	journal      = {Expert Systems with Applications},
	publisher    = {Elsevier},
	volume       = 42,
	number       = 6,
	pages        = {3194--3204}
}
@article{chang2016establishing,
	title        = {Establishing decision tree-based short-term default credit risk assessment models},
	author       = {Chang, Yung-Chia and Chang, Kuei-Hu and Chu, Heng-Hsuan and Tong, Lee-Ing},
	year         = 2016,
	journal      = {Communications in Statistics-Theory and Methods},
	publisher    = {Taylor \& Francis},
	volume       = 45,
	number       = 23,
	pages        = {6803--6815}
}
@article{jiang2018stationary,
	title        = {Stationary {Mahalanobis} kernel {SVM} for credit risk evaluation},
	author       = {Jiang, Hao and Ching, Wai-Ki and Yiu, Ka Fai Cedric and Qiu, Yushan},
	year         = 2018,
	journal      = {Applied Soft Computing},
	publisher    = {Elsevier},
	volume       = 71,
	pages        = {407--417}
}
@article{arora2020bolasso,
	title        = {A Bolasso based consistent feature selection enabled random forest classification algorithm: An application to credit risk assessment},
	author       = {Arora, Nisha and Kaur, Pankaj Deep},
	year         = 2020,
	journal      = {Applied Soft Computing},
	publisher    = {Elsevier},
	volume       = 86,
	pages        = 105936
}
@article{fischer2018deep,
	title        = {Deep learning with long short-term memory networks for financial market predictions},
	author       = {Fischer, Thomas and Krauss, Christopher},
	year         = 2018,
	journal      = {European Journal of Operational Research},
	publisher    = {Elsevier},
	volume       = 270,
	number       = 2,
	pages        = {654--669}
}
@article{hosaka2019bankruptcy,
	title        = {Bankruptcy prediction using imaged financial ratios and convolutional neural networks},
	author       = {Hosaka, Tadaaki},
	year         = 2019,
	journal      = {Expert Systems with Applications},
	publisher    = {Elsevier},
	volume       = 117,
	pages        = {287--299}
}
@inproceedings{wang2019semi,
	title        = {A semi-supervised graph attentive network for financial fraud detection},
	author       = {Wang, Daixin and Lin, Jianbin and Cui, Peng and Jia, Quanhui and Wang, Zhen and Fang, Yanming and Yu, Quan and Zhou, Jun and Yang, Shuang and Qi, Yuan},
	year         = 2019,
	booktitle    = {2019 IEEE International Conference on Data Mining (ICDM)},
	pages        = {598--607},
	organization = {IEEE}
}
@article{li2020multimodal,
	title        = {A multimodal event-driven {LSTM} model for stock prediction using online news},
	author       = {Li, Qing and Tan, Jinghua and Wang, Jun and Chen, Hsinchun},
	year         = 2020,
	journal      = {IEEE Transactions on Knowledge and Data Engineering},
	publisher    = {IEEE},
	volume       = 33,
	number       = 10,
	pages        = {3323--3337}
}
@inproceedings{xu2021towards,
	title        = {Towards consumer loan fraud detection: Graph neural networks with role-constrained conditional random field},
	author       = {Xu, Bingbing and Shen, Huawei and Sun, Bingjie and An, Rong and Cao, Qi and Cheng, Xueqi},
	year         = 2021,
	booktitle    = {Proceedings of the AAAI Conference on Artificial Intelligence},
	volume       = 35,
	number       = 5,
	pages        = {4537--4545}
}
@article{ouyang2021systemic,
	title        = {Systemic financial risk early warning of financial market in China using {Attention-LSTM} model},
	author       = {Ouyang, Zi-sheng and Lai, Yongzeng and others},
	year         = 2021,
	journal      = {The North American Journal of Economics and Finance},
	publisher    = {Elsevier},
	volume       = 56,
	pages        = 101383
}
@article{cheng2022regulating,
	title        = {Regulating systemic crises: Stemming the contagion risk in networked-loans through deep graph learning},
	author       = {Cheng, Dawei and Niu, Zhibin and Li, Jie and Jiang, Changjun},
	year         = 2022,
	journal      = {IEEE Transactions on Knowledge and Data Engineering},
	publisher    = {Ieee}
}
@article{cheng2022financial,
	title        = {Financial time series forecasting with multi-modality graph neural network},
	author       = {Cheng, Dawei and Yang, Fangzhou and Xiang, Sheng and Liu, Jin},
	year         = 2022,
	journal      = {Pattern Recognition},
	publisher    = {Elsevier},
	volume       = 121,
	pages        = 108218
}
@article{prevost2000derivatives,
  title={Derivatives usage and financial risk management in large and small economies: A comparative analysis},
  author={Prevost, Andrew K and Rose, Lawrence C and Miller, Gary},
  journal={Journal of Business Finance \& Accounting},
  volume={27},
  number={5-6},
  pages={733--759},
  year={2000},
  publisher={Wiley Online Library}
}

@article{santomero1997financial,
  title={Financial risk management by insurers: An analysis of the process},
  author={Santomero, Anthony M and Babbel, David F},
  journal={Journal of risk and insurance},
  pages={231--270},
  year={1997},
  publisher={JSTOR}
}

@article{duffie1997overview,
  title={An overview of value at risk},
  author={Duffie, Darrell and Pan, Jun},
  journal={Journal of derivatives},
  volume={4},
  number={3},
  pages={7--49},
  year={1997}
}

@article{linsmeier2000value,
  title={Value at risk},
  author={Linsmeier, Thomas J and Pearson, Neil D},
  journal={Financial analysts journal},
  volume={56},
  number={2},
  pages={47--67},
  year={2000},
  publisher={Taylor \& Francis}
}

@article{tasche2002expected,
  title={Expected shortfall and beyond},
  author={Tasche, Dirk},
  journal={Journal of Banking \& Finance},
  volume={26},
  number={7},
  pages={1519--1533},
  year={2002},
  publisher={Elsevier}
}

@article{acerbi2002coherence,
  title={On the coherence of expected shortfall},
  author={Acerbi, Carlo and Tasche, Dirk},
  journal={Journal of Banking \& Finance},
  volume={26},
  number={7},
  pages={1487--1503},
  year={2002},
  publisher={Elsevier}
}

@article{lazar2019model,
  title={Model risk of expected shortfall},
  author={Lazar, Emese and Zhang, Ning},
  journal={Journal of Banking \& Finance},
  volume={105},
  pages={74--93},
  year={2019},
  publisher={Elsevier}
}

@article{hilscher2017credit,
  title={Credit ratings and credit risk: Is one measure enough?},
  author={Hilscher, Jens and Wilson, Mungo},
  journal={Management science},
  volume={63},
  number={10},
  pages={3414--3437},
  year={2017},
  publisher={INFORMS}
}

@article{pertaia2022new,
  title={A new approach to credit ratings},
  author={Pertaia, Giorgi and Prokhorov, Artem and Uryasev, Stan},
  journal={Journal of Banking \& Finance},
  volume={140},
  pages={106097},
  year={2022},
  publisher={Elsevier}
}

@article{carey2001parameterizing,
  title={Parameterizing credit risk models with rating data},
  author={Carey, Mark and Hrycay, Mark},
  journal={Journal of Banking \& Finance},
  volume={25},
  number={1},
  pages={197--270},
  year={2001},
  publisher={Elsevier}
}

@article{blochlinger2006economic,
  title={Economic benefit of powerful credit scoring},
  author={Bl{\"o}chlinger, Andreas and Leippold, Markus},
  journal={Journal of Banking \& Finance},
  volume={30},
  number={3},
  pages={851--873},
  year={2006},
  publisher={Elsevier}
}

@article{chang2018application,
  title={Application of eXtreme gradient boosting trees in the construction of credit risk assessment models for financial institutions},
  author={Chang, Yung-Chia and Chang, Kuei-Hu and Wu, Guan-Jhih},
  journal={Applied Soft Computing},
  volume={73},
  pages={914--920},
  year={2018},
  publisher={Elsevier}
}

@article{pena2021fuzzy,
  title={Fuzzy convolutional deep-learning model to estimate the operational risk capital using multi-source risk events},
  author={Pena, Alejandro and Patino, Alejandro and Chiclana, Francisco and Caraffini, Fabio and Gongora, Mario and Gonzalez-Ruiz, Juan David and Duque-Grisales, Eduardo},
  journal={Applied Soft Computing},
  volume={107},
  pages={107381},
  year={2021},
  publisher={Elsevier}
}

@article{chen2024early,
  title={An early warning system for financial crises: a temporal convolutional network approach},
  author={Chen, Shun and Huang, Yi and Ge, Lei},
  journal={Technological and Economic Development of Economy},
  volume={30},
  number={3},
  pages={688--711},
  year={2024}
}

@article{aprea2024systemic,
  title={Systemic risk measurement: A quantile long short-term memory network approach},
  author={Aprea, Imma Lory and Scognamiglio, Salvatore and Zanetti, Paolo},
  journal={Applied Soft Computing},
  volume={152},
  pages={111224},
  year={2024},
  publisher={Elsevier}
}

@inproceedings{cheng2023critical,
  title={Critical firms prediction for stemming contagion risk in networked-loans through graph-based deep reinforcement learning},
  author={Cheng, Dawei and Niu, Zhibin and Zhang, Jianfu and Zhang, Yiyi and Jiang, Changjun},
  booktitle={Proceedings of the AAAI Conference on Artificial Intelligence},
  volume={37},
  number={12},
  pages={14205--14213},
  year={2023}
}

@inproceedings{cheng2020contagious,
  title={Contagious chain risk rating for networked-guarantee loans},
  author={Cheng, Dawei and Niu, Zhibin and Zhang, Yiyi},
  booktitle={Proceedings of the 26th ACM International Conference on Knowledge Discovery \& Data Mining},
  pages={2715--2723},
  year={2020}
}

@article{chan1988unconditional,
  title={An unconditional asset-pricing test and the role of firm size as an instrumental variable for risk},
  author={Chan, KC and Chen, Nai-Fu},
  journal={The Journal of Finance},
  volume={43},
  number={2},
  pages={309--325},
  year={1988},
  publisher={Wiley Online Library}
}

@article{barra2016risk,
  title={Risk and regulation: A difference-in-differences analysis for Italian local banks},
  author={Barra, Cristian and Destefanis, Sergio and Lavadera, Giuseppe Lubrano},
  journal={Finance Research Letters},
  volume={17},
  pages={25--32},
  year={2016},
  publisher={Elsevier}
}

@article{jin2023spatio,
	title={Spatio-Temporal Graph Neural Networks for Predictive Learning in Urban Computing: A Survey},
	author={Jin, Guangyin and Liang, Yuxuan and Fang, Yuchen and Huang, Jincai and Zhang, Junbo and Zheng, Yu},
	journal={arXiv preprint arXiv:2303.14483},
	year={2023}
}

@article{vaswani2017attention,
  title={Attention is all you need},
  author={Vaswani, Ashish and Shazeer, Noam and Parmar, Niki and Uszkoreit, Jakob and Jones, Llion and Gomez, Aidan N and Kaiser, {\L}ukasz and Polosukhin, Illia},
  journal={Advances in neural information processing systems},
  volume={30},
  year={2017}
}

@article{harary1960some,
  title={Some properties of line digraphs},
  author={Harary, Frank and Norman, Robert Z},
  journal={Rendiconti del circolo matematico di palermo},
  volume={9},
  pages={161--168},
  year={1960},
  publisher={Springer}
}

@incollection{akaike1998information,
  title={Information theory and an extension of the maximum likelihood principle},
  author={Akaike, Hirotogu},
  booktitle={Selected papers of hirotugu akaike},
  pages={199--213},
  year={1998},
  publisher={Springer}
}

@article{dahlhaus2003causality,
  title={Causality and graphical models in time series analysis},
  author={Dahlhaus, Rainer and Eichler, Michael},
  journal={Oxford Statistical Science Series},
  pages={115--137},
  year={2003},
  publisher={OXFORD UNIV PRESS}
}

@article{eichler2005graphical,
  title={A graphical approach for evaluating effective connectivity in neural systems},
  author={Eichler, Michael},
  journal={Philosophical Transactions of the Royal Society B: Biological Sciences},
  volume={360},
  number={1457},
  pages={953--967},
  year={2005},
  publisher={The Royal Society London}
}

@inproceedings{xie2022cocos,
  title={Cocos: Enhancing semi-supervised learning on graphs with unlabeled data via contrastive context sharing},
  author={Xie, Siyue and Lau, Wing Cheong and others},
  booktitle={Proceedings of the AAAI Conference on Artificial Intelligence},
  volume={36},
  number={4},
  pages={4272--4280},
  year={2022}
}

@article{feng2020graph,
  title={Graph random neural networks for semi-supervised learning on graphs},
  author={Feng, Wenzheng and Zhang, Jie and Dong, Yuxiao and Han, Yu and Luan, Huanbo and Xu, Qian and Yang, Qiang and Kharlamov, Evgeny and Tang, Jie},
  journal={Advances in neural information processing systems},
  volume={33},
  pages={22092--22103},
  year={2020}
}

@inproceedings{wu2019simplifying,
  title={Simplifying graph convolutional networks},
  author={Wu, Felix and Souza, Amauri and Zhang, Tianyi and Fifty, Christopher and Yu, Tao and Weinberger, Kilian},
  booktitle={International conference on machine learning},
  pages={6861--6871},
  year={2019},
  organization={PMLR}
}

@inproceedings{pareja2020evolvegcn,
  title={Evolvegcn: Evolving graph convolutional networks for dynamic graphs},
  author={Pareja, Aldo and Domeniconi, Giacomo and Chen, Jie and Ma, Tengfei and Suzumura, Toyotaro and Kanezashi, Hiroki and Kaler, Tim and Schardl, Tao and Leiserson, Charles},
  booktitle={Proceedings of the AAAI Conference on Artificial Intelligence},
  volume={34},
  number={04},
  pages={5363--5370},
  year={2020}
}

@inproceedings{zheng2019addgraph,
  title={Addgraph: Anomaly detection in dynamic graph using attention-based temporal {GCN}},
  author={Zheng, Li and Li, Zhenpeng and Li, Jian and Li, Zhao and Gao, Jun},
  booktitle={Proceedings of the 28th International Joint Conference on Artificial Intelligence},
  pages={4419--4425},
  year={2019}
}

@article{liu2021anomaly,
  title={Anomaly detection in dynamic graphs via transformer},
  author={Liu, Yixin and Pan, Shirui and Wang, Yu Guang and Xiong, Fei and Wang, Liang and Chen, Qingfeng and Lee, Vincent CS},
  journal={IEEE Transactions on Knowledge and Data Engineering},
  volume={35},
  number={12},
  pages={12081--12094},
  year={2021},
  publisher={IEEE}
}

@inproceedings{cai2021structural,
  title={Structural temporal graph neural networks for anomaly detection in dynamic graphs},
  author={Cai, Lei and Chen, Zhengzhang and Luo, Chen and Gui, Jiaping and Ni, Jingchao and Li, Ding and Chen, Haifeng},
  booktitle={Proceedings of the 30th ACM International Conference on Information \& Knowledge Management},
  pages={3747--3756},
  year={2021}
}

@inproceedings{zhou2021informer,
  title={Informer: Beyond efficient transformer for long sequence time-series forecasting},
  author={Zhou, Haoyi and Zhang, Shanghang and Peng, Jieqi and Zhang, Shuai and Li, Jianxin and Xiong, Hui and Zhang, Wancai},
  booktitle={Proceedings of the AAAI Conference on Artificial Intelligence},
  volume={35},
  number={12},
  pages={11106--11115},
  year={2021}
}

@article{japkowicz2002class,
  title={The class imbalance problem: A systematic study},
  author={Japkowicz, Nathalie and Stephen, Shaju},
  journal={Intelligent data analysis},
  volume={6},
  number={5},
  pages={429--449},
  year={2002},
  publisher={IOS Press}
}

@article{barandela2003strategies,
  title={Strategies for learning in class imbalance problems},
  author={Barandela, Ricardo and S{\'a}nchez, Jos{\'e} Salvador and Garc{\i}a, Vicente and Rangel, Edgar},
  journal={Pattern Recognition},
  volume={36},
  number={3},
  pages={849--851},
  year={2003},
  publisher={Elsevier}
}

@article{mashrur2020machine,
  title={Machine learning for financial risk management: a survey},
  author={Mashrur, Akib and Luo, Wei and Zaidi, Nayyar A and Robles-Kelly, Antonio},
  journal={Ieee Access},
  volume={8},
  pages={203203--203223},
  year={2020},
  publisher={IEEE}
}

@article{ozbayoglu2020deep,
  title={Deep learning for financial applications: A survey},
  author={Ozbayoglu, Ahmet Murat and Gudelek, Mehmet Ugur and Sezer, Omer Berat},
  journal={Applied soft computing},
  volume={93},
  pages={106384},
  year={2020},
  publisher={Elsevier}
}

@inproceedings{bi2022company,
  title={Company-as-tribe: Company financial risk assessment on tribe-style graph with hierarchical graph neural networks},
  author={Bi, Wendong and Xu, Bingbing and Sun, Xiaoqian and Wang, Zidong and Shen, Huawei and Cheng, Xueqi},
  booktitle={Proceedings of the 28th ACM SIGKDD Conference on Knowledge Discovery and Data Mining},
  pages={2712--2720},
  year={2022}
}

@inproceedings{kong2023uncertainty,
  title={Uncertainty quantification in deep learning},
  author={Kong, Lingkai and Kamarthi, Harshavardhan and Chen, Peng and Prakash, B Aditya and Zhang, Chao},
  booktitle={Proceedings of the 29th ACM SIGKDD Conference on Knowledge Discovery and Data Mining},
  pages={5809--5810},
  year={2023}
}

@article{dolezal2022uncertainty,
  title={Uncertainty-informed deep learning models enable high-confidence predictions for digital histopathology},
  author={Dolezal, James M and Srisuwananukorn, Andrew and Karpeyev, Dmitry and Ramesh, Siddhi and Kochanny, Sara and Cody, Brittany and Mansfield, Aaron S and Rakshit, Sagar and Bansal, Radhika and Bois, Melanie C and others},
  journal={Nature communications},
  volume={13},
  number={1},
  pages={6572},
  year={2022},
  publisher={Nature Publishing Group UK London}
}

@article{su2024roformer,
  title={Roformer: Enhanced transformer with rotary position embedding},
  author={Su, Jianlin and Ahmed, Murtadha and Lu, Yu and Pan, Shengfeng and Bo, Wen and Liu, Yunfeng},
  journal={Neurocomputing},
  volume={568},
  pages={127063},
  year={2024},
  publisher={Elsevier}
}

@inproceedings{you2022roland,
  title={ROLAND: graph learning framework for dynamic graphs},
  author={You, Jiaxuan and Du, Tianyu and Leskovec, Jure},
  booktitle={Proceedings of the 28th ACM SIGKDD Conference on Knowledge Discovery and Data Mining},
  pages={2358--2366},
  year={2022}
}

@article{scholes2000crisis,
  title={Crisis and risk management},
  author={Scholes, Myron S},
  journal={American Economic Review},
  volume={90},
  number={2},
  pages={17--21},
  year={2000},
  publisher={American Economic Association}
}

@article{ali2020shared,
  title={Shared analyst coverage: Unifying momentum spillover effects},
  author={Ali, Usman and Hirshleifer, David},
  journal={Journal of Financial Economics},
  volume={136},
  number={3},
  pages={649--675},
  year={2020},
  publisher={Elsevier}
}

@article{scarselli2008graph,
  title={The graph neural network model},
  author={Scarselli, Franco and Gori, Marco and Tsoi, Ah Chung and Hagenbuchner, Markus and Monfardini, Gabriele},
  journal={IEEE Transactions on Neural Networks},
  volume={20},
  number={1},
  pages={61--80},
  year={2008},
  publisher={IEEE}
}

@article{feng2019temporal,
  title={Temporal relational ranking for stock prediction},
  author={Feng, Fuli and He, Xiangnan and Wang, Xiang and Luo, Cheng and Liu, Yiqun and Chua, Tat-Seng},
  journal={ACM Transactions on Information Systems},
  volume={37},
  number={2},
  pages={1--30},
  year={2019},
  publisher={ACM New York, NY, USA}
}

@inproceedings{ijcai2024p817,
  title     = {{RisQNet}: Rescuing {SME}s from financial shocks with a novel networked-loan risk assessment},
  author    = {Lu, Zhaoyuan and Li, Taijun and Zhang, Jingzhen and Liu, Moyang and Li, Xiang and Cui, Linyi and Chen, Junqi and Niu, Zhibin},
  booktitle = {Proceedings of the 33rd International Joint Conference on Artificial Intelligence},
  editor    = {Kate Larson},
  pages     = {7385--7393},
  year      = {2024},
  month     = {8}
}


@article{hanley2019dynamic,
  title={Dynamic interpretation of emerging risks in the financial sector},
  author={Hanley, Kathleen Weiss and Hoberg, Gerard},
  journal={The Review of Financial Studies},
  volume={32},
  number={12},
  pages={4543--4603},
  year={2019},
  publisher={Oxford University Press}
}


@inproceedings{kumar2016edge,
  title={Edge weight prediction in weighted signed networks},
  author={Kumar, Srijan and Spezzano, Francesca and Subrahmanian, VS and Faloutsos, Christos},
  booktitle={2016 IEEE 16th International Conference on Data Mining},
  pages={221--230},
  year={2016},
  organization={IEEE}
}


@inproceedings{kumar2018rev2,
  title={Rev2: Fraudulent user prediction in rating platforms},
  author={Kumar, Srijan and Hooi, Bryan and Makhija, Disha and Kumar, Mohit and Faloutsos, Christos and Subrahmanian, VS},
  booktitle={Proceedings of the Eleventh ACM International Conference on Web Search and Data Mining},
  pages={333--341},
  year={2018}
}

@inproceedings{grover2016node2vec,
  title={node2vec: Scalable feature learning for networks},
  author={Grover, Aditya and Leskovec, Jure},
  booktitle={Proceedings of the 22nd ACM International Conference on Knowledge Discovery and Data Mining},
  pages={855--864},
  year={2016}
}

@article{kipf2016semi,
  title={Semi-supervised classification with graph convolutional networks},
  author={Kipf, Thomas N and Welling, Max},
  journal={arXiv preprint arXiv:1609.02907},
  year={2016}
}

@inproceedings{velivckovic2018graph,
  title={Graph attention networks},
  author={Veli{\v{c}}kovi{\'c}, Petar and Cucurull, Guillem and Casanova, Arantxa and Romero, Adriana and Li{\`o}, Pietro and Bengio, Yoshua},
  booktitle={International Conference on Learning Representations},
  year={2018}
}


@article{nie2022time,
  title={A time series is worth 64 words: Long-term forecasting with transformers},
  author={Nie, Yuqi and Nguyen, Nam H and Sinthong, Phanwadee and Kalagnanam, Jayant},
  journal={arXiv preprint arXiv:2211.14730},
  year={2022}
}

@inproceedings{lin2022causal,
  title={A causal inference look at unsupervised video anomaly detection},
  author={Lin, Xiangru and Chen, Yuyang and Li, Guanbin and Yu, Yizhou},
  booktitle={Proceedings of the AAAI Conference on Artificial Intelligence},
  volume={36},
  number={2},
  pages={1620--1629},
  year={2022}
}

@article{baesens2003benchmarking,
  title={Benchmarking state-of-the-art classification algorithms for credit scoring},
  author={Baesens, Bart and Van Gestel, Tony and Viaene, Stijn and Stepanova, Maria and Suykens, Johan and Vanthienen, Jan},
  journal={Journal of the Operational Research Society},
  volume={54},
  number={6},
  pages={627--635},
  year={2003},
  publisher={Taylor \& Francis}
}

@article{somin2020network,
  title={Network dynamics of a financial ecosystem},
  author={Somin, Shahar and Altshuler, Yaniv and Gordon, Goren and Pentland, Alex’Sandy’ and Shmueli, Erez},
  journal={Scientific Reports},
  volume={10},
  number={1},
  pages={4587},
  year={2020},
  publisher={Nature Publishing Group UK London}
}