
% Journals

% First the Full Name is given, then the abbreviation used in the AMS Math
% Reviews, with an indication if it could not be found there.
% Note the 2nd overwrites the 1st, so swap them if you want the full name.

 %{AMS}
 @String{AMSTrans = "American Mathematical Society Translations" }
 @String{AMSTrans = "Amer. Math. Soc. Transl." }
 @String{BullAMS = "Bulletin of the American Mathematical Society" }
 @String{BullAMS = "Bull. Amer. Math. Soc." }
 @String{ProcAMS = "Proceedings of the American Mathematical Society" }
 @String{ProcAMS = "Proc. Amer. Math. Soc." }
 @String{TransAMS = "Transactions of the American Mathematical Society" }
 @String{TransAMS = "Trans. Amer. Math. Soc." }

 %ACM
 @String{CACM = "Communications of the {ACM}" }
 @String{CACM = "Commun. {ACM}" }
 @String{CompServ = "Comput. Surveys" }
 @String{JACM = "J. ACM" }
 @String{ACMMathSoft = "{ACM} Transactions on Mathematical Software" }
 @String{ACMMathSoft = "{ACM} Trans. Math. Software" }
 @String{SIGNUM = "{ACM} {SIGNUM} Newsletter" }
 @String{SIGNUM = "{ACM} {SIGNUM} Newslett." }

 @String{AmerSocio = "American Journal of Sociology" }
 @String{AmerStatAssoc = "Journal of the American Statistical Association" }
 @String{AmerStatAssoc = "J. Amer. Statist. Assoc." }
 @String{ApplMathComp = "Applied Mathematics and Computation" }
 @String{ApplMathComp = "Appl. Math. Comput." }
 @String{AmerMathMonthly = "American Mathematical Monthly" }
 @String{AmerMathMonthly = "Amer. Math. Monthly" }
 @String{BIT = "{BIT}" }
 @String{BritStatPsych = "British Journal of Mathematical and Statistical
          Psychology" }
 @String{BritStatPsych = "Brit. J. Math. Statist. Psych." }
 @String{CanMathBull = "Canadian Mathematical Bulletin" }
 @String{CanMathBull = "Canad. Math. Bull." }
 @String{CompApplMath = "Journal of Computational and Applied Mathematics" }
 @String{CompApplMath = "J. Comput. Appl. Math." }
 @String{CompPhys = "Journal of Computational Physics" }
 @String{CompPhys = "J. Comput. Phys." }
 @String{CompStruct = "Computers and Structures" }
 @String{CompStruct = "Comput. \& Structures" }
 @String{CompJour = "The Computer Journal" }
 @String{CompJour = "Comput. J." }
 @String{CompSysSci = "Journal of Computer and System Sciences" }
 @String{CompSysSci = "J. Comput. System Sci." }
 @String{Computing = "Computing" }
 @String{ContempMath = "Contemporary Mathematics" }
 @String{ContempMath = "Contemp. Math." }
 @String{Crelle = "Crelle's Journal" }
 @String{GiornaleMath = "Giornale di Mathematiche" }
 @String{GiornaleMath = "Giorn. Mat." } % didn't find in AMS MR., ibid.

 %IEEE
 @String{Computer = "{IEEE} Computer" }
 @String{IEEETransComp = "{IEEE} Transactions on Computers" }
 @String{IEEETransComp = "{IEEE} Trans. Comput." }
 @String{IEEETransAC = "{IEEE} Transactions on Automatic Control" }
 @String{IEEETransAC = "{IEEE} Trans. Automat. Control" }
 @String{IEEESpec = "{IEEE} Spectrum" } % didn't find in AMS MR
 @String{ProcIEEE = "Proceedings of the {IEEE}" }
 @String{ProcIEEE = "Proc. {IEEE}" } % didn't find in AMS MR
 @String{IEEETransAeroElec = "{IEEE} Transactions on Aerospace and Electronic
     Systems" }
 @String{IEEETransAeroElec = "{IEEE} Trans. Aerospace Electron. Systems" }

 @String{IMANumerAna = "{IMA} Journal of Numerical Analysis" }
 @String{IMANumerAna = "{IMA} J. Numer. Anal." }
 @String{InfProcLet = "Information Processing Letters" }
 @String{InfProcLet = "Inform. Process. Lett." }
 @String{InstMathApp = "Journal of the Institute of Mathematics and
     its Applications" }
 @String{InstMathApp = "J. Inst. Math. Appl." }
 @String{IntControl = "International Journal of Control" }
 @String{IntControl = "Internat. J. Control" }
 @String{IntNumerEng = "International Journal for Numerical Methods in
     Engineering" }
 @String{IntNumerEng = "Internat. J. Numer. Methods Engrg." }
 @String{IntSuper = "International Journal of Supercomputing Applications" }
 @String{IntSuper = "Internat. J. Supercomputing Applic." } % didn't find
%% in AMS MR
 @String{Kibernetika = "Kibernetika" }
 @String{JResNatBurStand = "Journal of Research of the National Bureau
     of Standards" }
 @String{JResNatBurStand = "J. Res. Nat. Bur. Standards" }
 @String{LinAlgApp = "Linear Algebra and its Applications" }
 @String{LinAlgApp = "Linear Algebra Appl." }
 @String{MathAnaAppl = "Journal of Mathematical Analysis and Applications" }
 @String{MathAnaAppl = "J. Math. Anal. Appl." }
 @String{MathAnnalen = "Mathematische Annalen" }
 @String{MathAnnalen = "Math. Ann." }
 @String{MathPhys = "Journal of Mathematical Physics" }
 @String{MathPhys = "J. Math. Phys." }
 @String{MathComp = "Mathematics of Computation" }
 @String{MathComp = "Math. Comp." }
 @String{MathScand = "Mathematica Scandinavica" }
 @String{MathScand = "Math. Scand." }
 @String{TablesAidsComp = "Mathematical Tables and Other Aids to Computation" }
 @String{TablesAidsComp = "Math. Tables Aids Comput." }
 @String{NumerMath = "Numerische Mathematik" }
 @String{NumerMath = "Numer. Math." }
 @String{PacificMath = "Pacific Journal of Mathematics" }
 @String{PacificMath = "Pacific J. Math." }
 @String{ParDistComp = "Journal of Parallel and Distributed Computing" }
 @String{ParDistComp = "J. Parallel and Distrib. Comput." } % didn't find
%% in AMS MR
 @String{ParComputing = "Parallel Computing" }
 @String{ParComputing = "Parallel Comput." }
 @String{PhilMag = "Philosophical Magazine" }
 @String{PhilMag = "Philos. Mag." }
 @String{ProcNAS = "Proceedings of the National Academy of Sciences
                    of the USA" }
 @String{ProcNAS = "Proc. Nat. Acad. Sci. U. S. A." }
 @String{Psychometrika = "Psychometrika" }
 @String{QuartMath = "Quarterly Journal of Mathematics, Oxford, Series (2)" }
 @String{QuartMath = "Quart. J. Math. Oxford Ser. (2)" }
 @String{QuartApplMath = "Quarterly of Applied Mathematics" }
 @String{QuartApplMath = "Quart. Appl. Math." }
 @String{RevueInstStat = "Review of the International Statisical Institute" }
 @String{RevueInstStat = "Rev. Inst. Internat. Statist." }

 %SIAM
 @String{JSIAM = "Journal of the Society for Industrial and Applied
     Mathematics" }
 @String{JSIAM = "J. Soc. Indust. Appl. Math." }
 @String{JSIAMB = "Journal of the Society for Industrial and Applied
     Mathematics, Series B, Numerical Analysis" }
 @String{JSIAMB = "J. Soc. Indust. Appl. Math. Ser. B Numer. Anal." }
 @String{SIAMAlgMeth = "{SIAM} Journal on Algebraic and Discrete Methods" }
 @String{SIAMAlgMeth = "{SIAM} J. Algebraic Discrete Methods" }
 @String{SIAMAppMath = "{SIAM} Journal on Applied Mathematics" }
 @String{SIAMAppMath = "{SIAM} J. Appl. Math." }
 @String{SIAMComp = "{SIAM} Journal on Computing" }
 @String{SIAMComp = "{SIAM} J. Comput." }
 @String{SIAMMatrix = "{SIAM} Journal on Matrix Analysis and Applications" }
 @String{SIAMMatrix = "{SIAM} J. Matrix Anal. Appl." }
 @String{SIAMNumAnal = "{SIAM} Journal on Numerical Analysis" }
 @String{SIAMNumAnal = "{SIAM} J. Numer. Anal." }
 @String{SIAMReview = "{SIAM} Review" }
 @String{SIAMReview = "{SIAM} Rev." }
 @String{SIAMSciStat = "{SIAM} Journal on Scientific and Statistical
     Computing" }
 @String{SIAMSciStat = "{SIAM} J. Sci. Statist. Comput." }

 @String{SoftPracExp = "Software Practice and Experience" }
 @String{SoftPracExp = "Software Prac. Experience" } % didn't find in AMS MR
 @String{StatScience = "Statistical Science" }
 @String{StatScience = "Statist. Sci." }
 @String{Techno = "Technometrics" }
 @String{USSRCompMathPhys = "{USSR} Computational Mathematics and Mathematical
     Physics" }
 @String{USSRCompMathPhys = "{U. S. S. R.} Comput. Math. and Math. Phys." }
 @String{VLSICompSys = "Journal of {VLSI} and Computer Systems" }
 @String{VLSICompSys = "J. {VLSI} Comput. Syst." }
 @String{ZAngewMathMech = "Zeitschrift fur Angewandte Mathematik und
     Mechanik" }
 @String{ZAngewMathMech = "Z. Angew. Math. Mech." }
 @String{ZAngewMathPhys = "Zeitschrift fur Angewandte Mathematik und Physik" }
 @String{ZAngewMathPhys = "Z. Angew. Math. Phys." }

% Publishers % ================================================= |

 @String{Academic = "Academic Press" }
 @String{ACMPress = "{ACM} Press" }
 @String{AdamHilger = "Adam Hilger" }
 @String{AddisonWesley = "Addison-Wesley" }
 @String{AllynBacon = "Allyn and Bacon" }
 @String{AMS = "American Mathematical Society" }
 @String{Birkhauser = "Birkha{\"u}ser" }
 @String{CambridgePress = "Cambridge University Press" }
 @String{Chelsea = "Chelsea" }
 @String{ClaredonPress = "Claredon Press" }
 @String{DoverPub = "Dover Publications" }
 @String{Eyolles = "Eyolles" }
 @String{HoltRinehartWinston = "Holt, Rinehart and Winston" }
 @String{Interscience = "Interscience" }
 @String{JohnsHopkinsPress = "The Johns Hopkins University Press" }
 @String{JohnWileySons = "John Wiley and Sons" }
 @String{Macmillan = "Macmillan" }
 @String{MathWorks = "The Math Works Inc." }
 @String{McGrawHill = "McGraw-Hill" }
 @String{NatBurStd = "National Bureau of Standards" }
 @String{NorthHolland = "North-Holland" }
 @String{OxfordPress = "Oxford University Press" }  %address Oxford or London?
 @String{PergamonPress = "Pergamon Press" }
 @String{PlenumPress = "Plenum Press" }
 @String{PrenticeHall = "Prentice-Hall" }
 @String{SIAMPub = "{SIAM} Publications" }
 @String{Springer = "Springer-Verlag" }
 @String{TexasPress = "University of Texas Press" }
 @String{VanNostrand = "Van Nostrand" }
 @String{WHFreeman = "W. H. Freeman and Co." }

%Entries

@article{rohman1965pre,
  title={Pre-writing the stage of discovery in the writing process},
  author={Rohman, D Gordon},
  journal={College composition and communication},
  volume={16},
  number={2},
  pages={106--112},
  year={1965},
  publisher={JSTOR}
}

@article{baroudy2008procedural,
  title={A Procedural Approach to Process Theory of Writing: Prewriting Techniques},
  author={Baroudy, Ismail},
  journal={The International Journal of Language Society and Culture},
  volume={24},
  number={4},
  pages={45--52},
  year={2008},
  publisher={Citeseer}
}

@article{lu2018inkplanner,
  title={Inkplanner: Supporting prewriting via intelligent visual diagramming},
  author={Lu, Zhicong and Fan, Mingming and Wang, Yun and Zhao, Jian and Annett, Michelle and Wigdor, Daniel},
  journal={IEEE transactions on visualization and computer graphics},
  volume={25},
  number={1},
  pages={277--287},
  year={2018},
  publisher={IEEE}
}

@inproceedings{sadauskas2015mining,
  title={Mining memories: Designing a platform to support social media based writing},
  author={Sadauskas, John and Byrne, Daragh and Atkinson, Robert K},
  booktitle={Proceedings of the 33rd Annual ACM Conference on Human Factors in Computing Systems},
  pages={3691--3700},
  year={2015}
}

@inproceedings{chung2022talebrush,
  title={TaleBrush: sketching stories with generative pretrained language models},
  author={Chung, John Joon Young and Kim, Wooseok and Yoo, Kang Min and Lee, Hwaran and Adar, Eytan and Chang, Minsuk},
  booktitle={Proceedings of the 2022 CHI Conference on Human Factors in Computing Systems},
  pages={1--19},
  year={2022}
}

@inproceedings{wu2022promptchainer,
  title={Promptchainer: Chaining large language model prompts through visual programming},
  author={Wu, Tongshuang and Jiang, Ellen and Donsbach, Aaron and Gray, Jeff and Molina, Alejandra and Terry, Michael and Cai, Carrie J},
  booktitle={CHI Conference on Human Factors in Computing Systems Extended Abstracts},
  pages={1--10},
  year={2022}
}

@inproceedings{wu2022ai,
  title={Ai chains: Transparent and controllable human-ai interaction by chaining large language model prompts},
  author={Wu, Tongshuang and Terry, Michael and Cai, Carrie Jun},
  booktitle={Proceedings of the 2022 CHI Conference on Human Factors in Computing Systems},
  pages={1--22},
  year={2022}
}

@book{corbin2014basics,
  title={Basics of qualitative research: Techniques and procedures for developing grounded theory},
  author={Corbin, Juliet and Strauss, Anselm},
  year={2014},
  publisher={Sage publications}
}

@inproceedings{chilton2019visiblends,
  title={VisiBlends: A flexible workflow for visual blends},
  author={Chilton, Lydia B and Petridis, Savvas and Agrawala, Maneesh},
  booktitle={Proceedings of the 2019 CHI Conference on Human Factors in Computing Systems},
  pages={1--14},
  year={2019}
}

@book{de2017six,
  title={Six Thinking Hats: The multi-million bestselling guide to running better meetings and making faster decisions},
  author={De Bono, Edward},
  year={2017},
  publisher={Penguin uk}
}

@misc{bono1985six,
  title={Six thinking hats: An essential approach to business management},
  author={Bono, E de},
  year={1985},
  publisher={Boston}
}

@inproceedings{horvitz1999principles,
  title={Principles of mixed-initiative user interfaces},
  author={Horvitz, Eric},
  booktitle={Proceedings of the SIGCHI conference on Human Factors in Computing Systems},
  pages={159--166},
  year={1999}
}

@book{wallas1926art,
  title={The art of thought},
  author={Wallas, Graham},
  volume={10},
  year={1926},
  publisher={Harcourt, Brace}
}

@inproceedings{frich2019mapping,
  title={Mapping the landscape of creativity support tools in HCI},
  author={Frich, Jonas and MacDonald Vermeulen, Lindsay and Remy, Christian and Biskjaer, Michael Mose and Dalsgaard, Peter},
  booktitle={Proceedings of the 2019 CHI Conference on Human Factors in Computing Systems},
  pages={1--18},
  year={2019}
}

@incollection{shneidenmab2003supporting,
  title={Supporting creativity with advanced information-abundant user interfaces},
  author={Shneidenmab, Ben},
  booktitle={The Craft of Information Visualization},
  pages={372--377},
  year={2003},
  publisher={Elsevier}
}

@inproceedings{iqbal2018multitasking,
  title={Multitasking with play write, a mobile microproductivity writing tool},
  author={Iqbal, Shamsi T and Teevan, Jaime and Liebling, Dan and Thompson, Anne Loomis},
  booktitle={Proceedings of the 31st Annual ACM Symposium on User Interface Software and Technology},
  pages={411--422},
  year={2018}
}

@inproceedings{birnholtz2013write,
  title={Write here, write now! An experimental study of group maintenance in collaborative writing},
  author={Birnholtz, Jeremy and Steinhardt, Stephanie and Pavese, Antonella},
  booktitle={Proceedings of the SIGCHI Conference on Human Factors in Computing Systems},
  pages={961--970},
  year={2013}
}

@article{fransen2011mediating,
  title={Mediating team effectiveness in the context of collaborative learning: The importance of team and task awareness},
  author={Fransen, Jos and Kirschner, Paul A and Erkens, Gijsbert},
  journal={Computers in human Behavior},
  volume={27},
  number={3},
  pages={1103--1113},
  year={2011},
  publisher={Elsevier}
}

@article{gutwin2002descriptive,
  title={A descriptive framework of workspace awareness for real-time groupware},
  author={Gutwin, Carl and Greenberg, Saul},
  journal={Computer Supported Cooperative Work (CSCW)},
  volume={11},
  pages={411--446},
  year={2002},
  publisher={Springer}
}

@incollection{dow2011shepherding,
  title={Shepherding the crowd: managing and providing feedback to crowd workers},
  author={Dow, Steven and Kulkarni, Anand and Bunge, Brie and Nguyen, Truc and Klemmer, Scott and Hartmann, Bj{\"o}rn},
  booktitle={CHI'11 Extended Abstracts on Human Factors in Computing Systems},
  pages={1669--1674},
  year={2011}
}

@inproceedings{haug2021feeasy,
  title={Feeasy: An Interactive Crowd-Feedback System},
  author={Haug, Saskia and Maedche, Alexander},
  booktitle={Adjunct Proceedings of the 34th Annual ACM Symposium on User Interface Software and Technology},
  pages={41--43},
  year={2021}
}

@inproceedings{huang2018feedback,
  title={Feedback Orchestration: Structuring Feedback for Facilitating Reflection and Revision in Writing},
  author={Huang, Yi-Ching and Wang, Hao-Chuan and Hsu, Jane Yung-jen},
  booktitle={Companion of the 2018 ACM Conference on Computer Supported Cooperative Work and Social Computing},
  pages={257--260},
  year={2018}
}

@article{wang2021popblends,
  title={PopBlends: Strategies for Conceptual Blending with Large Language Models},
  author={Wang, Sitong and Petridis, Savvas and Kwon, Taeahn and Ma, Xiaojuan and Chilton, Lydia B},
  journal={arXiv preprint arXiv:2111.04920},
  year={2021}
}

@inproceedings{jeon2021fashionq,
  title={FashionQ: an ai-driven creativity support tool for facilitating ideation in fashion design},
  author={Jeon, Youngseung and Jin, Seungwan and Shih, Patrick C and Han, Kyungsik},
  booktitle={Proceedings of the 2021 CHI Conference on Human Factors in Computing Systems},
  pages={1--18},
  year={2021}
}

@article{fitts1954information,
  title={The information capacity of the human motor system in controlling the amplitude of movement.},
  author={Fitts, Paul M},
  journal={Journal of experimental psychology},
  volume={47},
  number={6},
  pages={381},
  year={1954},
  publisher={American Psychological Association}
}

@inproceedings{kurlander1992history,
  title={A history-based macro by example system},
  author={Kurlander, David and Feiner, Steven},
  booktitle={Proceedings of the 5th annual ACM symposium on User interface software and technology},
  pages={99--106},
  year={1992}
}

@inproceedings{latoza2014microtask,
  title={Microtask programming: Building software with a crowd},
  author={LaToza, Thomas D and Towne, W Ben and Adriano, Christian M and Van Der Hoek, Andr{\'e}},
  booktitle={Proceedings of the 27th annual ACM symposium on User interface software and technology},
  pages={43--54},
  year={2014}
}

@inproceedings{chen2017retool,
  title={ReTool: Interactive microtask and workflow design through demonstration},
  author={Chen, Chen and Meng, Xiaojun and Zhao, Shengdong and Fjeld, Morten},
  booktitle={Proceedings of the 2017 CHI Conference on Human Factors in Computing Systems},
  pages={3551--3556},
  year={2017}
}

@inproceedings{teevan2016supporting,
  title={Supporting collaborative writing with microtasks},
  author={Teevan, Jaime and Iqbal, Shamsi T and Von Veh, Curtis},
  booktitle={Proceedings of the 2016 CHI conference on human factors in computing systems},
  pages={2657--2668},
  year={2016}
}

@inproceedings{faste2012untapped,
  title={The untapped promise of digital mind maps},
  author={Faste, Haakon and Lin, Honray},
  booktitle={Proceedings of the SIGCHI conference on human factors in computing systems},
  pages={1017--1026},
  year={2012}
}

@inproceedings{dang2022beyond,
  title={Beyond Text Generation: Supporting Writers with Continuous Automatic Text Summaries},
  author={Dang, Hai and Benharrak, Karim and Lehmann, Florian and Buschek, Daniel},
  booktitle={Proceedings of the 35th Annual ACM Symposium on User Interface Software and Technology},
  pages={1--13},
  year={2022}
}

@inproceedings{wang2022interpretable,
  title={Interpretable Directed Diversity: Leveraging Model Explanations for Iterative Crowd Ideation},
  author={Wang, Yunlong and Venkatesh, Priyadarshini and Lim, Brian Y},
  booktitle={Proceedings of the 2022 CHI Conference on Human Factors in Computing Systems},
  pages={1--28},
  year={2022}
}

@inproceedings{wang2010idea,
  title={Idea expander: supporting group brainstorming with conversationally triggered visual thinking stimuli},
  author={Wang, Hao-Chuan and Cosley, Dan and Fussell, Susan R},
  booktitle={Proceedings of the 2010 ACM conference on Computer supported cooperative work},
  pages={103--106},
  year={2010}
}

@inproceedings{hope2022scaling,
  title={Scaling Creative Inspiration with Fine-Grained Functional Aspects of Ideas},
  author={Hope, Tom and Tamari, Ronen and Hershcovich, Daniel and Kang, Hyeonsu B and Chan, Joel and Kittur, Aniket and Shahaf, Dafna},
  booktitle={Proceedings of the 2022 CHI Conference on Human Factors in Computing Systems},
  pages={1--15},
  year={2022}
}

@inproceedings{clark2018creative,
  title={Creative writing with a machine in the loop: Case studies on slogans and stories},
  author={Clark, Elizabeth and Ross, Anne Spencer and Tan, Chenhao and Ji, Yangfeng and Smith, Noah A},
  booktitle={23rd International Conference on Intelligent User Interfaces},
  pages={329--340},
  year={2018}
}

@incollection{gero2019stylistic,
  title={How a Stylistic, Machine-Generated Thesaurus Impacts a Writer's Process},
  author={Gero, Katy Ilonka and Chilton, Lydia B},
  booktitle={Proceedings of the 2019 on Creativity and Cognition},
  pages={597--603},
  year={2019}
}

@article{leacock2010automated,
  title={Automated grammatical error detection for language learners},
  author={Leacock, Claudia and Chodorow, Martin and Gamon, Michael and Tetreault, Joel},
  journal={Synthesis lectures on human language technologies},
  volume={3},
  number={1},
  pages={1--134},
  year={2010},
  publisher={Morgan \& Claypool Publishers}
}

@inproceedings{uto2015academic,
  title={Academic writing support system using bayesian networks},
  author={Uto, Masaki and Ueno, Maomi},
  booktitle={2015 IEEE 15th International Conference on Advanced Learning Technologies},
  pages={385--387},
  year={2015},
  organization={IEEE}
}

@inproceedings{villalon2008glosser,
  title={Glosser: Enhanced feedback for student writing tasks},
  author={Villal{\'o}n, Jorge and Kearney, Paul and Calvo, Rafael A and Reimann, Peter},
  booktitle={2008 eighth IEEE international conference on advanced learning technologies},
  pages={454--458},
  year={2008},
  organization={IEEE}
}

@inproceedings{o2009visualizing,
  title={Visualizing paragraph closeness for academic writing support},
  author={O'Rourke, Stephen T and Calvo, Rafael A},
  booktitle={2009 Ninth IEEE International Conference on Advanced Learning Technologies},
  pages={688--692},
  year={2009},
  organization={IEEE}
}

@article{o2011visualizing,
  title={Visualizing Topic Flow in Students' Essays.},
  author={O'Rourke, Stephen T and Calvo, Rafael A and McNamara, Danielle S},
  journal={Journal of Educational Technology \& Society},
  volume={14},
  number={3},
  year={2011},
  publisher={JSTOR}
}

@inproceedings{bernstein2010soylent,
  title={Soylent: a word processor with a crowd inside},
  author={Bernstein, Michael S and Little, Greg and Miller, Robert C and Hartmann, Bj{\"o}rn and Ackerman, Mark S and Karger, David R and Crowell, David and Panovich, Katrina},
  booktitle={Proceedings of the 23nd annual ACM symposium on User interface software and technology},
  pages={313--322},
  year={2010}
}

@inproceedings{chung2022talebrush_EA,
  title={TaleBrush: visual sketching of story generation with pretrained language models},
  author={Chung, John Joon Young and Kim, Wooseok and Yoo, Kang Min and Lee, Hwaran and Adar, Eytan and Chang, Minsuk},
  booktitle={CHI Conference on Human Factors in Computing Systems Extended Abstracts},
  pages={1--4},
  year={2022}
}

@inproceedings{gero2019metaphoria,
  title={Metaphoria: An algorithmic companion for metaphor creation},
  author={Gero, Katy Ilonka and Chilton, Lydia B},
  booktitle={Proceedings of the 2019 CHI conference on human factors in computing systems},
  pages={1--12},
  year={2019}
}

@inproceedings{huang2020heteroglossia,
  title={Heteroglossia: In-situ story ideation with the crowd},
  author={Huang, Chieh-Yang and Huang, Shih-Hong and Huang, Ting-Hao Kenneth},
  booktitle={Proceedings of the 2020 CHI Conference on Human Factors in Computing Systems},
  pages={1--12},
  year={2020}
}

@inproceedings{buschek2018researchime,
  title={ResearchIME: A mobile keyboard application for studying free typing behaviour in the wild},
  author={Buschek, Daniel and Bisinger, Benjamin and Alt, Florian},
  booktitle={Proceedings of the 2018 CHI Conference on Human Factors in Computing Systems},
  pages={1--14},
  year={2018}
}

@inproceedings{oh2018lead,
  title={I lead, you help but only with enough details: Understanding user experience of co-creation with artificial intelligence},
  author={Oh, Changhoon and Song, Jungwoo and Choi, Jinhan and Kim, Seonghyeon and Lee, Sungwoo and Suh, Bongwon},
  booktitle={Proceedings of the 2018 CHI Conference on Human Factors in Computing Systems},
  pages={1--13},
  year={2018}
}

@inproceedings{birnholtz2012tracking,
  title={Tracking changes in collaborative writing: edits, visibility and group maintenance},
  author={Birnholtz, Jeremy and Ibara, Steven},
  booktitle={Proceedings of the ACM 2012 conference on Computer Supported Cooperative Work},
  pages={809--818},
  year={2012}
}

@inproceedings{smith2022real,
  title={Real ml: Recognizing, exploring, and articulating limitations of machine learning research},
  author={Smith, Jessie J and Amershi, Saleema and Barocas, Solon and Wallach, Hanna and Wortman Vaughan, Jennifer},
  booktitle={2022 ACM Conference on Fairness, Accountability, and Transparency},
  pages={587--597},
  year={2022}
}

@inproceedings{zeleznik2008lineogrammer,
  title={Lineogrammer: creating diagrams by drawing},
  author={Zeleznik, Robert C and Bragdon, Andrew and Liu, Chu-Chi and Forsberg, Andrew},
  booktitle={Proceedings of the 21st annual ACM symposium on User interface software and technology},
  pages={161--170},
  year={2008}
}

@inproceedings{kara2004hierarchical,
  title={Hierarchical parsing and recognition of hand-sketched diagrams},
  author={Kara, Levent Burak and Stahovich, Thomas F},
  booktitle={Proceedings of the 17th annual ACM symposium on User interface software and technology},
  pages={13--22},
  year={2004}
}

@inproceedings{li2020supporting,
  title={Supporting visual artists in programming through direct inspection and control of program execution},
  author={Li, Jingyi and Brandt, Joel and Mech, Radom{\'\i}r and Agrawala, Maneesh and Jacobs, Jennifer},
  booktitle={Proceedings of the 2020 CHI Conference on Human Factors in Computing Systems},
  pages={1--12},
  year={2020}
}

@inproceedings{bert,
  author    = {Jacob Devlin and
               Ming{-}Wei Chang and
               Kenton Lee and
               Kristina Toutanova},
  title     = {{BERT:} Pre-training of Deep Bidirectional Transformers for Language
               Understanding},
  booktitle = {Proceedings of the 2019 Conference of the North American Chapter of
               the Association for Computational Linguistics: Human Language Technologies,
               {NAACL-HLT} 2019, Minneapolis, MN, USA, June 2-7, 2019, Volume 1 (Long
               and Short Papers)},
  pages     = {4171--4186},
  publisher = {Association for Computational Linguistics},
  year      = {2019},
  url       = {https://doi.org/10.18653/v1/n19-1423},
  doi       = {10.18653/v1/n19-1423}
}

@article{radford2018improving,
  title={Improving language understanding by generative pre-training},
  author={Radford, Alec and Narasimhan, Karthik and Salimans, Tim and Sutskever, Ilya and others},
  year={2018},
  publisher={OpenAI}
}

@misc{openai2023gpt4,
      title={GPT-4 Technical Report}, 
      author={OpenAI},
      year={2023},
      eprint={2303.08774},
      archivePrefix={arXiv},
      primaryClass={cs.CL}
}

@article{jakesch2023co,
  title={Co-Writing with Opinionated Language Models Affects Users' Views},
  author={Jakesch, Maurice and Bhat, Advait and Buschek, Daniel and Zalmanson, Lior and Naaman, Mor},
  journal={arXiv preprint arXiv:2302.00560},
  year={2023}
}

@inproceedings{inspiration1,
author = {Bhat, Advait and Agashe, Saaket and Oberoi, Parth and Mohile, Niharika and Jangir, Ravi and Joshi, Anirudha},
title = {Interacting with Next-Phrase Suggestions: How Suggestion Systems Aid and Influence the Cognitive Processes of Writing},
year = {2023},
url = {https://doi.org/10.1145/3581641.3584060},
doi = {10.1145/3581641.3584060},
pages = {436–452},
numpages = {17},
location = {Sydney, NSW, Australia},
series = {IUI '23}
}

@inproceedings{lee2022coauthor,
  title={Coauthor: Designing a human-ai collaborative writing dataset for exploring language model capabilities},
  author={Lee, Mina and Liang, Percy and Yang, Qian},
  booktitle={Proceedings of the 2022 CHI Conference on Human Factors in Computing Systems},
  pages={1--19},
  year={2022}
}

@article{singh2022hide,
  title={Where to hide a stolen elephant: Leaps in creative writing with multimodal machine intelligence},
  author={Singh, Nikhil and Bernal, Guillermo and Savchenko, Daria and Glassman, Elena L},
  journal={ACM Transactions on Computer-Human Interaction},
  year={2022},
  publisher={ACM New York, NY}
}

@inproceedings{buschek2021impact,
  title={The impact of multiple parallel phrase suggestions on email input and composition behaviour of native and non-native english writers},
  author={Buschek, Daniel and Z{\"u}rn, Martin and Eiband, Malin},
  booktitle={Proceedings of the 2021 CHI Conference on Human Factors in Computing Systems},
  pages={1--13},
  year={2021}
}

@inproceedings{cui2020justcorrect,
  title={Justcorrect: Intelligent post hoc text correction techniques on smartphones},
  author={Cui, Wenzhe and Zhu, Suwen and Zhang, Mingrui Ray and Schwartz, H Andrew and Wobbrock, Jacob O and Bi, Xiaojun},
  booktitle={Proceedings of the 33rd Annual ACM Symposium on User Interface Software and Technology},
  pages={487--499},
  year={2020}
}

@inproceedings{zhang2019type,
  title={Type, then correct: intelligent text correction techniques for mobile text entry using neural networks},
  author={Zhang, Mingrui Ray and Wen, He and Wobbrock, Jacob O},
  booktitle={Proceedings of the 32nd Annual ACM Symposium on User Interface Software and Technology},
  pages={843--855},
  year={2019}
}

@inproceedings{yan2022flatmagic,
  title={FlatMagic: Improving flat colorization through AI-driven design for digital comic professionals},
  author={Yan, Chuan and Chung, John Joon Young and Kiheon, Yoon and Gingold, Yotam and Adar, Eytan and Hong, Sungsoo Ray},
  booktitle={Proceedings of the 2022 CHI Conference on Human Factors in Computing Systems},
  pages={1--17},
  year={2022}
}

@inproceedings{shi2020emog,
  title={Emog: Supporting the sketching of emotional expressions for storyboarding},
  author={Shi, Yang and Cao, Nan and Ma, Xiaojuan and Chen, Siji and Liu, Pei},
  booktitle={Proceedings of the 2020 CHI Conference on Human Factors in Computing Systems},
  pages={1--12},
  year={2020}
}

@inproceedings{wu2023styleme,
  title={StyleMe: Towards Intelligent Fashion Generation with Designer Style},
  author={Wu, Di and Yu, Zhiwang and Ma, Nan and Jiang, Jianan and Wang, Yuetian and Zhou, Guixiang and Deng, Hanhui and Li, Yi},
  booktitle={Proceedings of the 2023 CHI Conference on Human Factors in Computing Systems},
  pages={1--16},
  year={2023}
}

@inproceedings{gero2022sparks,
  title={Sparks: Inspiration for science writing using language models},
  author={Gero, Katy Ilonka and Liu, Vivian and Chilton, Lydia},
  booktitle={Designing interactive systems conference},
  pages={1002--1019},
  year={2022}
}

@inproceedings{cheng2015break,
  title={Break it down: A comparison of macro-and microtasks},
  author={Cheng, Justin and Teevan, Jaime and Iqbal, Shamsi T and Bernstein, Michael S},
  booktitle={Proceedings of the 33rd Annual ACM Conference on Human Factors in Computing Systems},
  pages={4061--4064},
  year={2015}
}

@article{kokkalis2013taskgenies,
  title={Taskgenies: Automatically providing action plans helps people complete tasks},
  author={Kokkalis, Nicolas and K{\"o}hn, Thomas and Huebner, Johannes and Lee, Moontae and Schulze, Florian and Klemmer, Scott R},
  journal={ACM Transactions on Computer-Human Interaction (TOCHI)},
  volume={20},
  number={5},
  pages={1--25},
  year={2013},
  publisher={ACM New York, NY, USA}
}

@article{zhang2023visar,
  title={VISAR: A Human-AI Argumentative Writing Assistant with Visual Programming and Rapid Draft Prototyping},
  author={Zhang, Zheng and Gao, Jie and Dhaliwal, Ranjodh Singh and Li, Toby Jia-Jun},
  journal={arXiv preprint arXiv:2304.07810},
  year={2023}
}

@article{barstow2017experimental,
  title={Experimental evidence for diagramming benefits in science writing},
  author={Barstow, Brendan and Fazio, Lisa and Schunn, Christian and Ashley, Kevin},
  journal={Instructional Science},
  volume={45},
  pages={537--556},
  year={2017},
  publisher={Springer}
}

@inproceedings{manalo2022use,
  title={The Use of Diagrams in Planning for Report Writing},
  author={Manalo, Emmanuel and Ohmes, Laura},
  booktitle={International Conference on Theory and Application of Diagrams},
  pages={268--276},
  year={2022},
  organization={Springer}
}

@article{lan2015computer,
  title={Computer-supported cooperative prewriting for enhancing young EFL learners’ writing performance},
  author={Lan, Yu-Ju and Sung, Yao-Ting and Cheng, Chia-Chun and Chang, Kuo-En},
  year={2015},
  publisher={University of Hawaii National Foreign Language Resource Center}
}

@article{twardy2004argument,
  title={Argument maps improve critical thinking},
  author={Twardy, Charles},
  journal={Teaching philosophy},
  volume={27},
  number={2},
  pages={95--116},
  year={2004}
}

@article{novak1990concept,
  title={Concept mapping: A useful tool for science education},
  author={Novak, Joseph D},
  journal={Journal of research in science teaching},
  volume={27},
  number={10},
  pages={937--949},
  year={1990},
  publisher={Wiley Online Library}
}

@book{buzan2002mind,
  title={How to mind map},
  author={Buzan, Tony and Buzan, Barry},
  year={2002},
  publisher={Thorsons London}
}

@article{davies2011concept,
  title={Concept mapping, mind mapping and argument mapping: what are the differences and do they matter?},
  author={Davies, Martin},
  journal={Higher education},
  volume={62},
  pages={279--301},
  year={2011},
  publisher={Springer}
}

@inproceedings{petridis2023anglekindling,
  title={Anglekindling: Supporting journalistic angle ideation with large language models},
  author={Petridis, Savvas and Diakopoulos, Nicholas and Crowston, Kevin and Hansen, Mark and Henderson, Keren and Jastrzebski, Stan and Nickerson, Jeffrey V and Chilton, Lydia B},
  booktitle={Proceedings of the 2023 CHI Conference on Human Factors in Computing Systems},
  pages={1--16},
  year={2023}
}

@inproceedings{yuan2022wordcraft,
  title={Wordcraft: story writing with large language models},
  author={Yuan, Ann and Coenen, Andy and Reif, Emily and Ippolito, Daphne},
  booktitle={27th International Conference on Intelligent User Interfaces},
  pages={841--852},
  year={2022}
}

@article{mogahed2013planning,
  title={Planning out pre-writing activities},
  author={Mogahed, Mogahed M},
  journal={International Journal of English and Literature},
  volume={4},
  number={3},
  pages={60--68},
  year={2013}
}

@article{flower1981cognitive,
  title={A cognitive process theory of writing},
  author={Flower, Linda and Hayes, John R},
  journal={College composition and communication},
  volume={32},
  number={4},
  pages={365--387},
  year={1981},
  publisher={JSTOR}
}

@article{barnett1989writing,
  title={Writing as a process},
  author={Barnett, Marva A},
  journal={The French Review},
  volume={63},
  number={1},
  pages={31--44},
  year={1989},
  publisher={JSTOR}
}

@article{kellogg1990effectiveness,
  title={Effectiveness of prewriting strategies as a function of task demands},
  author={Kellogg, Ronald T},
  journal={The American Journal of Psychology},
  pages={327--342},
  year={1990},
  publisher={JSTOR}
}

@article{al2018effect,
  title={The Effect of Using the ‘Six Thinking Hats’ and Fishbone Strategies for Developing Saudi EFL Learners’ Writing Competence},
  author={Al-Khataybeh, Majid Mohammad},
  journal={Asian EFL Journal Research Articles},
  volume={1},
  pages={27},
  year={2018}
}

@article{al2015effect,
  title={The effect of using the six thinking hats method on the development of EFL female eleventh grade students’ writing skill in Southern Al-Mazar directorate of education},
  author={Al-Khataybeh, M and Al-Tarawneh, NS},
  journal={International Journal of Arts and Humanities},
  volume={1},
  number={4},
  pages={24--37},
  year={2015}
}

@article{gregory2012real,
  title={Real thinking with virtual hats: A role-playing activity for pre-service teachers in Second Life},
  author={Gregory, Sue and Masters, Yvonne},
  journal={Australasian Journal of Educational Technology},
  volume={28},
  number={3},
  year={2012}
}

@article{lorenz2009using,
  title={Using multimedia graphic organizer software in the prewriting activities of primary school students: What are the benefits?},
  author={Lorenz, Barbara and Green, Tim and Brown, Abbie},
  journal={Computers in the Schools},
  volume={26},
  number={2},
  pages={115--129},
  year={2009},
  publisher={Taylor \& Francis}
}

@article{lo2017critical,
  title={A critical review of flipped classroom challenges in K-12 education: Possible solutions and recommendations for future research},
  author={Lo, Chung Kwan and Hew, Khe Foon},
  journal={Research and practice in technology enhanced learning},
  volume={12},
  number={1},
  pages={1--22},
  year={2017},
  publisher={SpringerOpen}
}

@article{dell2020four,
  title={Four kinds of design thinking: From ideating to making, engaging, and criticizing},
  author={Dell'Era, Claudio and Magistretti, Stefano and Cautela, Cabirio and Verganti, Roberto and Zurlo, Francesco},
  journal={Creativity and Innovation Management},
  volume={29},
  number={2},
  pages={324--344},
  year={2020},
  publisher={Wiley Online Library}
}

@book{runco2023creativity,
  title={Creativity: Research, development, and practice},
  author={Runco, Mark A},
  year={2023},
  publisher={Academic Press}
}

@inproceedings{shih2009groupmind,
  title={GroupMind: supporting idea generation through a collaborative mind-mapping tool},
  author={Shih, Patrick C and Nguyen, David H and Hirano, Sen H and Redmiles, David F and Hayes, Gillian R},
  booktitle={Proceedings of the 2009 ACM International Conference on Supporting Group Work},
  pages={139--148},
  year={2009}
}

@inproceedings{hymes1992unblocking,
  title={Unblocking brainstorming through the use of a simple group editor},
  author={Hymes, Charles McLaughlin and Olson, Gary M},
  booktitle={Proceedings of the 1992 ACM conference on Computer-supported cooperative work},
  pages={99--106},
  year={1992}
}

@inproceedings{gluck2007matching,
  title={Matching attentional draw with utility in interruption},
  author={Gluck, Jennifer and Bunt, Andrea and McGrenere, Joanna},
  booktitle={Proceedings of the SIGCHI Conference on Human Factors in Computing Systems},
  pages={41--50},
  year={2007}
}

@article{dow2010parallel,
  title={Parallel prototyping leads to better design results, more divergence, and increased self-efficacy},
  author={Dow, Steven P and Glassco, Alana and Kass, Jonathan and Schwarz, Melissa and Schwartz, Daniel L and Klemmer, Scott R},
  journal={ACM Transactions on Computer-Human Interaction (TOCHI)},
  volume={17},
  number={4},
  pages={1--24},
  year={2010},
  publisher={ACM New York, NY, USA}
}

@article{jiang2023graphologue,
  title={Graphologue: Exploring Large Language Model Responses with Interactive Diagrams},
  author={Jiang, Peiling and Rayan, Jude and Dow, Steven P and Xia, Haijun},
  journal={arXiv preprint arXiv:2305.11473},
  year={2023}
}

@article{runco2012standard,
  title={The standard definition of creativity},
  author={Runco, Mark A and Jaeger, Garrett J},
  journal={Creativity research journal},
  volume={24},
  number={1},
  pages={92--96},
  year={2012},
  publisher={Taylor \& Francis}
}

@article{ryan2007modern,
  title={Modern experimental design},
  author={Ryan, Thomas P and Morgan, JP},
  journal={Journal of Statistical Theory and Practice},
  volume={1},
  number={3-4},
  pages={501--506},
  year={2007},
  publisher={Taylor \& Francis}
}

@article{cherry2014quantifying,
  title={Quantifying the creativity support of digital tools through the creativity support index},
  author={Cherry, Erin and Latulipe, Celine},
  journal={ACM Transactions on Computer-Human Interaction (TOCHI)},
  volume={21},
  number={4},
  pages={1--25},
  year={2014},
  publisher={ACM New York, NY, USA}
}

@article{hart1986nasa,
  title={NASA task load index (TLX)},
  author={Hart, Sandra G},
  year={1986}
}

@article{chakrabarty2023art,
  title={Art or artifice? large language models and the false promise of creativity},
  author={Chakrabarty, Tuhin and Laban, Philippe and Agarwal, Divyansh and Muresan, Smaranda and Wu, Chien-Sheng},
  journal={arXiv preprint arXiv:2309.14556},
  year={2023}
}

@inproceedings{suh2023sensecape,
  title={Sensecape: Enabling multilevel exploration and sensemaking with large language models},
  author={Suh, Sangho and Min, Bryan and Palani, Srishti and Xia, Haijun},
  booktitle={Proceedings of the 36th Annual ACM Symposium on User Interface Software and Technology},
  pages={1--18},
  year={2023}
}

@inproceedings{shi2017ideawall,
  title={IdeaWall: Improving creative collaboration through combinatorial visual stimuli},
  author={Shi, Yang and Wang, Yang and Qi, Ye and Chen, John and Xu, Xiaoyao and Ma, Kwan-Liu},
  booktitle={Proceedings of the 2017 ACM Conference on Computer Supported Cooperative Work and Social Computing},
  pages={594--603},
  year={2017}
}

@inproceedings{chan2016improving,
  title={Improving crowd innovation with expert facilitation},
  author={Chan, Joel and Dang, Steven and Dow, Steven P},
  booktitle={Proceedings of the 19th ACM Conference on Computer-Supported Cooperative Work \& Social Computing},
  pages={1223--1235},
  year={2016}
}

@inproceedings{wang2011diversity,
  title={From diversity to creativity: Stimulating group brainstorming with cultural differences and conversationally-retrieved pictures},
  author={Wang, Hao-Chuan and Fussell, Susan R and Cosley, Dan},
  booktitle={Proceedings of the ACM 2011 conference on Computer supported cooperative work},
  pages={265--274},
  year={2011}
}

@inproceedings{wang2010idea,
  title={Idea expander: supporting group brainstorming with conversationally triggered visual thinking stimuli},
  author={Wang, Hao-Chuan and Cosley, Dan and Fussell, Susan R},
  booktitle={Proceedings of the 2010 ACM conference on Computer supported cooperative work},
  pages={103--106},
  year={2010}
}

@inproceedings{wang2010groups,
  title={Groups in groups: Conversational similarity in online multicultural multiparty brainstorming},
  author={Wang, Hao-Chuan and Fussell, Susan},
  booktitle={Proceedings of the 2010 ACM conference on Computer supported cooperative work},
  pages={351--360},
  year={2010}
}

@inproceedings{chan2016improving,
  title={Improving crowd innovation with expert facilitation},
  author={Chan, Joel and Dang, Steven and Dow, Steven P},
  booktitle={Proceedings of the 19th ACM Conference on Computer-Supported Cooperative Work \& Social Computing},
  pages={1223--1235},
  year={2016}
}

@article{wan2024felt,
  title={" It Felt Like Having a Second Mind": Investigating Human-AI Co-creativity in Prewriting with Large Language Models},
  author={Wan, Qian and Hu, Siying and Zhang, Yu and Wang, Piaohong and Wen, Bo and Lu, Zhicong},
  journal={Proceedings of the ACM on Human-Computer Interaction},
  volume={8},
  number={CSCW1},
  pages={1--26},
  year={2024},
  publisher={ACM New York, NY, USA}
}

@inproceedings{shaer2024ai,
  title={AI-Augmented Brainwriting: Investigating the use of LLMs in group ideation},
  author={Shaer, Orit and Cooper, Angelora and Mokryn, Osnat and Kun, Andrew L and Ben Shoshan, Hagit},
  booktitle={Proceedings of the CHI Conference on Human Factors in Computing Systems},
  pages={1--17},
  year={2024}
}

@inproceedings{arawjo2024chainforge,
  title={ChainForge: A Visual Toolkit for Prompt Engineering and LLM Hypothesis Testing},
  author={Arawjo, Ian and Swoopes, Chelse and Vaithilingam, Priyan and Wattenberg, Martin and Glassman, Elena L},
  booktitle={Proceedings of the CHI Conference on Human Factors in Computing Systems},
  pages={1--18},
  year={2024}
}

@inproceedings{arawjo2023chainforge,
  title={ChainForge: An open-source visual programming environment for prompt engineering},
  author={Arawjo, Ian and Vaithilingam, Priyan and Wattenberg, Martin and Glassman, Elena},
  booktitle={Adjunct Proceedings of the 36th Annual ACM Symposium on User Interface Software and Technology},
  pages={1--3},
  year={2023}
}

@article{peterson1998parallel,
  title={Parallel thinking: A technique for group interaction and problem solving},
  author={Peterson, Tim O and Lunsford, Dale A},
  journal={Journal of Management Education},
  volume={22},
  number={4},
  pages={537--554},
  year={1998},
  publisher={Sage Publications Sage CA: Thousand Oaks, CA}
}

@inproceedings{benharrak2024writer,
author = {Benharrak, Karim and Zindulka, Tim and Lehmann, Florian and Heuer, Hendrik and Buschek, Daniel},
title = {Writer-Defined AI Personas for On-Demand Feedback Generation},
year = {2024},
isbn = {9798400703300},
publisher = {Association for Computing Machinery},
address = {New York, NY, USA},
url = {https://doi.org/10.1145/3613904.3642406},
doi = {10.1145/3613904.3642406},
abstract = {Compelling writing is tailored to its audience. This is challenging, as writers may struggle to empathize with readers, get feedback in time, or gain access to the target group. We propose a concept that generates on-demand feedback, based on writer-defined AI personas of any target audience. We explore this concept with a prototype (using GPT-3.5) in two user studies (N=5 and N=11): Writers appreciated the concept and strategically used personas for getting different perspectives. The feedback was seen as helpful and inspired revisions of text and personas, although it was often verbose and unspecific. We discuss the impact of on-demand feedback, the limited representativity of contemporary AI systems, and further ideas for defining AI personas. This work contributes to the vision of supporting writers with AI by expanding the socio-technical perspective in AI tool design: To empower creators, we also need to keep in mind their relationship to an audience.},
booktitle = {Proceedings of the CHI Conference on Human Factors in Computing Systems},
articleno = {1049},
numpages = {18},
keywords = {Human-AI interaction, Large language models, Personas, Text feedback, Writing assistance},
location = {Honolulu, HI, USA},
series = {CHI '24}
}

@inproceedings{shaer2024ai,
author = {Shaer, Orit and Cooper, Angelora and Mokryn, Osnat and Kun, Andrew L and Ben Shoshan, Hagit},
title = {AI-Augmented Brainwriting: Investigating the use of LLMs in group ideation},
year = {2024},
isbn = {9798400703300},
publisher = {Association for Computing Machinery},
address = {New York, NY, USA},
url = {https://doi.org/10.1145/3613904.3642414},
doi = {10.1145/3613904.3642414},
abstract = {The growing availability of generative AI technologies such as large language models (LLMs) has significant implications for creative work. This paper explores twofold aspects of integrating LLMs into the creative process – the divergence stage of idea generation, and the convergence stage of evaluation and selection of ideas. We devised a collaborative group-AI Brainwriting ideation framework, which incorporated an LLM as an enhancement into the group ideation process, and evaluated the idea generation process and the resulted solution space. To assess the potential of using LLMs in the idea evaluation process, we design an evaluation engine and compared it to idea ratings assigned by three expert and six novice evaluators. Our findings suggest that integrating LLM in Brainwriting could enhance both the ideation process and its outcome. We also provide evidence that LLMs can support idea evaluation. We conclude by discussing implications for HCI education and practice.},
booktitle = {Proceedings of the CHI Conference on Human Factors in Computing Systems},
articleno = {1050},
numpages = {17},
keywords = {Brainwriting, LLM, human-AI collaboration},
location = {Honolulu, HI, USA},
series = {CHI '24}
}