
@article{brown2020language,
  title={Language models are few-shot learners},
  author={Brown, Tom and Mann, Benjamin and Ryder, Nick and Subbiah, Melanie and Kaplan, Jared D and Dhariwal, Prafulla and Neelakantan, Arvind and Shyam, Pranav and Sastry, Girish and Askell, Amanda and others},
  journal={Advances in neural information processing systems},
  volume={33},
  pages={1877--1901},
  year={2020}
}


@article{mann2020language,
  title={Language models are few-shot learners},
  author={Mann, Ben and Ryder, N and Subbiah, M and Kaplan, J and Dhariwal, P and Neelakantan, A and Shyam, P and Sastry, G and Askell, A and Agarwal, S and others},
  journal={arXiv preprint arXiv:2005.14165},
  volume={1},
  year={2020}
}

@article{gao2020making,
  title={Making pre-trained language models better few-shot learners},
  author={Gao, Tianyu and Fisch, Adam and Chen, Danqi},
  journal={arXiv preprint arXiv:2012.15723},
  year={2020}
}


@article{dettmers2024qlora,
  title={Qlora: Efficient finetuning of quantized llms},
  author={Dettmers, Tim and Pagnoni, Artidoro and Holtzman, Ari and Zettlemoyer, Luke},
  journal={Advances in Neural Information Processing Systems},
  volume={36},
  year={2024}
}

@article{loshchilov2017decoupled,
  title={Decoupled weight decay regularization},
  author={Loshchilov, I},
  journal={arXiv preprint arXiv:1711.05101},
  year={2017}
}

@article{yin2019understanding,
  title={Understanding straight-through estimator in training activation quantized neural nets},
  author={Yin, Penghang and Lyu, Jiancheng and Zhang, Shuai and Osher, Stanley and Qi, Yingyong and Xin, Jack},
  journal={arXiv preprint arXiv:1903.05662},
  year={2019}
}

@article{dettmers2022gpt3,
  title={Gpt3. int8 (): 8-bit matrix multiplication for transformers at scale},
  author={Dettmers, Tim and Lewis, Mike and Belkada, Younes and Zettlemoyer, Luke},
  journal={Advances in Neural Information Processing Systems},
  volume={35},
  pages={30318--30332},
  year={2022}
}

@inproceedings{xiao2023smoothquant,
  title={Smoothquant: Accurate and efficient post-training quantization for large language models},
  author={Xiao, Guangxuan and Lin, Ji and Seznec, Mickael and Wu, Hao and Demouth, Julien and Han, Song},
  booktitle={International Conference on Machine Learning},
  pages={38087--38099},
  year={2023},
  organization={PMLR}
}

@article{xi2023training,
  title={Training transformers with 4-bit integers},
  author={Xi, Haocheng and Li, Changhao and Chen, Jianfei and Zhu, Jun},
  journal={Advances in Neural Information Processing Systems},
  volume={36},
  pages={49146--49168},
  year={2023}
}

@inproceedings{zhu2020towards,
  title={Towards unified int8 training for convolutional neural network},
  author={Zhu, Feng and Gong, Ruihao and Yu, Fengwei and Liu, Xianglong and Wang, Yanfei and Li, Zhelong and Yang, Xiuqi and Yan, Junjie},
  booktitle={Proceedings of the IEEE/CVF Conference on Computer Vision and Pattern Recognition},
  pages={1969--1979},
  year={2020}
}

@article{liu2023llm,
  title={Llm-qat: Data-free quantization aware training for large language models},
  author={Liu, Zechun and Oguz, Barlas and Zhao, Changsheng and Chang, Ernie and Stock, Pierre and Mehdad, Yashar and Shi, Yangyang and Krishnamoorthi, Raghuraman and Chandra, Vikas},
  journal={arXiv preprint arXiv:2305.17888},
  year={2023}
}

@article{liu2023qllm,
  title={Qllm: Accurate and efficient low-bitwidth quantization for large language models},
  author={Liu, Jing and Gong, Ruihao and Wei, Xiuying and Dong, Zhiwei and Cai, Jianfei and Zhuang, Bohan},
  journal={arXiv preprint arXiv:2310.08041},
  year={2023}
}


@article{feng2024stepping,
  title={Stepping Forward on the Last Mile},
  author={Feng, Chen and Zhuo, Shaojie and Zhang, Xiaopeng and Ramakrishnan, Ramchalam Kinattinkara and Yuan, Zhaocong and Li, Andrew Zou},
  journal={arXiv preprint arXiv:2411.04036},
  year={2024}
}

@article{zhang2024revisiting,
  title={Revisiting zeroth-order optimization for memory-efficient llm fine-tuning: A benchmark},
  author={Zhang, Yihua and Li, Pingzhi and Hong, Junyuan and Li, Jiaxiang and Zhang, Yimeng and Zheng, Wenqing and Chen, Pin-Yu and Lee, Jason D and Yin, Wotao and Hong, Mingyi and others},
  journal={arXiv preprint arXiv:2402.11592},
  year={2024}
}
@article{malinovskii2024pv,
  title={PV-Tuning: Beyond Straight-Through Estimation for Extreme LLM Compression},
  author={Malinovskii, Vladimir and Mazur, Denis and Ilin, Ivan and Kuznedelev, Denis and Burlachenko, Konstantin and Yi, Kai and Alistarh, Dan and Richtarik, Peter},
  journal={arXiv preprint arXiv:2405.14852},
  year={2024}
}

@article{connolly2021stochastic,
  title={Stochastic rounding and its probabilistic backward error analysis},
  author={Connolly, Michael P and Higham, Nicholas J and Mary, Theo},
  journal={SIAM Journal on Scientific Computing},
  volume={43},
  number={1},
  pages={A566--A585},
  year={2021},
  publisher={SIAM}
}

@article{wang2018training,
  title={Training deep neural networks with 8-bit floating point numbers},
  author={Wang, Naigang and Choi, Jungwook and Brand, Daniel and Chen, Chia-Yu and Gopalakrishnan, Kailash},
  journal={Advances in neural information processing systems},
  volume={31},
  year={2018}
}

@article{liu2023llm4,
  title={Llm-fp4: 4-bit floating-point quantized transformers},
  author={Liu, Shih-yang and Liu, Zechun and Huang, Xijie and Dong, Pingcheng and Cheng, Kwang-Ting},
  journal={arXiv preprint arXiv:2310.16836},
  year={2023}
}


@article{malladi2024fine,
  title={Fine-tuning language models with just forward passes},
  author={Malladi, Sadhika and Gao, Tianyu and Nichani, Eshaan and Damian, Alex and Lee, Jason D and Chen, Danqi and Arora, Sanjeev},
  journal={Advances in Neural Information Processing Systems},
  volume={36},
  year={2024}
}





@inproceedings{liu2018signsgd,
  title={signSGD via zeroth-order oracle},
  author={Liu, Sijia and Chen, Pin-Yu and Chen, Xiangyi and Hong, Mingyi},
  booktitle={International Conference on Learning Representations},
  year={2018}
}


@article{chen2019zo,
  title={Zo-adamm: Zeroth-order adaptive momentum method for black-box optimization},
  author={Chen, Xiangyi and Liu, Sijia and Xu, Kaidi and Li, Xingguo and Lin, Xue and Hong, Mingyi and Cox, David},
  journal={Advances in neural information processing systems},
  volume={32},
  year={2019}
}

@inproceedings{shen2020q,
  title={Q-bert: Hessian based ultra low precision quantization of bert},
  author={Shen, Sheng and Dong, Zhen and Ye, Jiayu and Ma, Linjian and Yao, Zhewei and Gholami, Amir and Mahoney, Michael W and Keutzer, Kurt},
  booktitle={Proceedings of the AAAI Conference on Artificial Intelligence},
  volume={34},
  number={05},
  pages={8815--8821},
  year={2020}
}

@inproceedings{kim2021bert,
  title={I-bert: Integer-only bert quantization},
  author={Kim, Sehoon and Gholami, Amir and Yao, Zhewei and Mahoney, Michael W and Keutzer, Kurt},
  booktitle={International conference on machine learning},
  pages={5506--5518},
  year={2021},
  organization={PMLR}
}

@article{touvron2023llama,
  title={Llama: Open and efficient foundation language models},
  author={Touvron, Hugo and Lavril, Thibaut and Izacard, Gautier and Martinet, Xavier and Lachaux, Marie-Anne and Lacroix, Timoth{\'e}e and Rozi{\`e}re, Baptiste and Goyal, Naman and Hambro, Eric and Azhar, Faisal and others},
  journal={arXiv preprint arXiv:2302.13971},
  year={2023}
}






@article{liu2020primer,
  title={A primer on zeroth-order optimization in signal processing and machine learning: Principals, recent advances, and applications},
  author={Liu, Sijia and Chen, Pin-Yu and Kailkhura, Bhavya and Zhang, Gaoyuan and Hero III, Alfred O and Varshney, Pramod K},
  journal={IEEE Signal Processing Magazine},
  volume={37},
  number={5},
  pages={43--54},
  year={2020},
  publisher={IEEE}
}

@article{lin2023awq,
  title={Awq: Activation-aware weight quantization for llm compression and acceleration},
  author={Lin, Ji and Tang, Jiaming and Tang, Haotian and Yang, Shang and Dang, Xingyu and Han, Song},
  journal={arXiv preprint arXiv:2306.00978},
  year={2023}
}

@article{yuan2024llm,
  title={LLM Inference Unveiled: Survey and Roofline Model Insights},
  author={Yuan, Zhihang and Shang, Yuzhang and Zhou, Yang and Dong, Zhen and Xue, Chenhao and Wu, Bingzhe and Li, Zhikai and Gu, Qingyi and Lee, Yong Jae and Yan, Yan and others},
  journal={arXiv preprint arXiv:2402.16363},
  year={2024}
}

@article{yao2022zeroquant,
  title={Zeroquant: Efficient and affordable post-training quantization for large-scale transformers},
  author={Yao, Zhewei and Yazdani Aminabadi, Reza and Zhang, Minjia and Wu, Xiaoxia and Li, Conglong and He, Yuxiong},
  journal={Advances in Neural Information Processing Systems},
  volume={35},
  pages={27168--27183},
  year={2022}
}



@article{choquette2023nvidia,
  title={Nvidia hopper h100 gpu: Scaling performance},
  author={Choquette, Jack},
  journal={IEEE Micro},
  year={2023},
  publisher={IEEE}
}

@inproceedings{bhalgat2020lsq+,
  title={Lsq+: Improving low-bit quantization through learnable offsets and better initialization},
  author={Bhalgat, Yash and Lee, Jinwon and Nagel, Markus and Blankevoort, Tijmen and Kwak, Nojun},
  booktitle={Proceedings of the IEEE/CVF conference on computer vision and pattern recognition workshops},
  pages={696--697},
  year={2020}
}
@inproceedings{choukroun2019low,
  title={Low-bit quantization of neural networks for efficient inference},
  author={Choukroun, Yoni and Kravchik, Eli and Yang, Fan and Kisilev, Pavel},
  booktitle={2019 IEEE/CVF International Conference on Computer Vision Workshop (ICCVW)},
  pages={3009--3018},
  year={2019},
  organization={IEEE}
}

@article{zhang2022opt,
  title={Opt: Open pre-trained transformer language models},
  author={Zhang, Susan and Roller, Stephen and Goyal, Naman and Artetxe, Mikel and Chen, Moya and Chen, Shuohui and Dewan, Christopher and Diab, Mona and Li, Xian and Lin, Xi Victoria and others},
  journal={arXiv preprint arXiv:2205.01068},
  year={2022}
}

@inproceedings{jung2019learning,
  title={Learning to quantize deep networks by optimizing quantization intervals with task loss},
  author={Jung, Sangil and Son, Changyong and Lee, Seohyung and Son, Jinwoo and Han, Jae-Joon and Kwak, Youngjun and Hwang, Sung Ju and Choi, Changkyu},
  booktitle={Proceedings of the IEEE/CVF conference on computer vision and pattern recognition},
  pages={4350--4359},
  year={2019}
}

@article{liu2019roberta,
  title={Roberta: A robustly optimized bert pretraining approach},
  author={Liu, Yinhan and Ott, Myle and Goyal, Naman and Du, Jingfei and Joshi, Mandar and Chen, Danqi and Levy, Omer and Lewis, Mike and Zettlemoyer, Luke and Stoyanov, Veselin},
  journal={arXiv preprint arXiv:1907.11692},
  year={2019}
}



@article{dua2019drop,
  title={DROP: A reading comprehension benchmark requiring discrete reasoning over paragraphs},
  author={Dua, Dheeru and Wang, Yizhong and Dasigi, Pradeep and Stanovsky, Gabriel and Singh, Sameer and Gardner, Matt},
  journal={arXiv preprint arXiv:1903.00161},
  year={2019}
}

@article{rajpurkar2016squad,
  title={Squad: 100,000+ questions for machine comprehension of text},
  author={Rajpurkar, Pranav and Zhang, Jian and Lopyrev, Konstantin and Liang, Percy},
  journal={arXiv preprint arXiv:1606.05250},
  year={2016}
}

@inproceedings{kenton2019bert,
  title={BERT: Pre-training of Deep Bidirectional Transformers for Language Understanding},
  author={Kenton, Jacob Devlin Ming-Wei Chang and Toutanova, Lee Kristina},
  booktitle={Proceedings of NAACL-HLT},
  pages={4171--4186},
  year={2019}
}

@article{liu2022few,
  title={Few-shot parameter-efficient fine-tuning is better and cheaper than in-context learning},
  author={Liu, Haokun and Tam, Derek and Muqeeth, Mohammed and Mohta, Jay and Huang, Tenghao and Bansal, Mohit and Raffel, Colin A},
  journal={Advances in Neural Information Processing Systems},
  volume={35},
  pages={1950--1965},
  year={2022}
}


@article{wang2019superglue,
  title={Superglue: A stickier benchmark for general-purpose language understanding systems},
  author={Wang, Alex and Pruksachatkun, Yada and Nangia, Nikita and Singh, Amanpreet and Michael, Julian and Hill, Felix and Levy, Omer and Bowman, Samuel},
  journal={Advances in neural information processing systems},
  volume={32},
  year={2019}
}

@article{wang2018glue,
  title={GLUE: A multi-task benchmark and analysis platform for natural language understanding},
  author={Wang, Alex and Singh, Amanpreet and Michael, Julian and Hill, Felix and Levy, Omer and Bowman, Samuel R},
  journal={arXiv preprint arXiv:1804.07461},
  year={2018}
}

@article{zhao2023pytorch,
  title={Pytorch fsdp: experiences on scaling fully sharded data parallel},
  author={Zhao, Yanli and Gu, Andrew and Varma, Rohan and Luo, Liang and Huang, Chien-Chin and Xu, Min and Wright, Less and Shojanazeri, Hamid and Ott, Myle and Shleifer, Sam and others},
  journal={arXiv preprint arXiv:2304.11277},
  year={2023}
}

@inproceedings{markidis2018nvidia,
  title={Nvidia tensor core programmability, performance \& precision},
  author={Markidis, Stefano and Der Chien, Steven Wei and Laure, Erwin and Peng, Ivy Bo and Vetter, Jeffrey S},
  booktitle={2018 IEEE international parallel and distributed processing symposium workshops (IPDPSW)},
  pages={522--531},
  year={2018},
  organization={IEEE}
}


@inproceedings{frumkin2023jumping,
  title={Jumping through local minima: Quantization in the loss landscape of vision transformers},
  author={Frumkin, Natalia and Gope, Dibakar and Marculescu, Diana},
  booktitle={Proceedings of the IEEE/CVF International Conference on Computer Vision},
  pages={16978--16988},
  year={2023}
}

@inproceedings{tao2020challenges,
  title={Challenges in energy-efficient deep neural network training with FPGA},
  author={Tao, Yudong and Ma, Rui and Shyu, Mei-Ling and Chen, Shu-Ching},
  booktitle={Proceedings of the IEEE/CVF conference on computer vision and pattern recognition workshops},
  pages={400--401},
  year={2020}
}

@article{amari1993backpropagation,
  title={Backpropagation and stochastic gradient descent method},
  author={Amari, Shun-ichi},
  journal={Neurocomputing},
  volume={5},
  number={4-5},
  pages={185--196},
  year={1993},
  publisher={Elsevier}
}

@article{nesterov2017random,
  title={Random gradient-free minimization of convex functions},
  author={Nesterov, Yurii and Spokoiny, Vladimir},
  journal={Foundations of Computational Mathematics},
  volume={17},
  number={2},
  pages={527--566},
  year={2017},
  publisher={Springer}
}

@article{ghadimi2013stochastic,
  title={Stochastic first-and zeroth-order methods for nonconvex stochastic programming},
  author={Ghadimi, Saeed and Lan, Guanghui},
  journal={SIAM journal on optimization},
  volume={23},
  number={4},
  pages={2341--2368},
  year={2013},
  publisher={SIAM}
}

@article{hu2021lora,
  title={Lora: Low-rank adaptation of large language models},
  author={Hu, Edward J and Shen, Yelong and Wallis, Phillip and Allen-Zhu, Zeyuan and Li, Yuanzhi and Wang, Shean and Wang, Lu and Chen, Weizhu},
  journal={arXiv preprint arXiv:2106.09685},
  year={2021}
}

@inproceedings{choquette2020nvidia,
  title={Nvidia a100 gpu: Performance \& innovation for gpu computing},
  author={Choquette, Jack and Gandhi, Wish},
  booktitle={2020 IEEE Hot Chips 32 Symposium (HCS)},
  pages={1--43},
  year={2020},
  organization={IEEE Computer Society}
}

@article{micikevicius2017mixed,
  title={Mixed precision training},
  author={Micikevicius, Paulius and Narang, Sharan and Alben, Jonah and Diamos, Gregory and Elsen, Erich and Garcia, David and Ginsburg, Boris and Houston, Michael and Kuchaiev, Oleksii and Venkatesh, Ganesh and others},
  journal={arXiv preprint arXiv:1710.03740},
  year={2017}
}



@article{banner2018scalable,
  title={Scalable methods for 8-bit training of neural networks},
  author={Banner, Ron and Hubara, Itay and Hoffer, Elad and Soudry, Daniel},
  journal={Advances in neural information processing systems},
  volume={31},
  year={2018}
}

@article{shao2023omniquant,
  title={Omniquant: Omnidirectionally calibrated quantization for large language models},
  author={Shao, Wenqi and Chen, Mengzhao and Zhang, Zhaoyang and Xu, Peng and Zhao, Lirui and Li, Zhiqian and Zhang, Kaipeng and Gao, Peng and Qiao, Yu and Luo, Ping},
  journal={arXiv preprint arXiv:2308.13137},
  year={2023}
}

@article{flaxman2004online,
  title={Online convex optimization in the bandit setting: gradient descent without a gradient},
  author={Flaxman, Abraham D and Kalai, Adam Tauman and McMahan, H Brendan},
  journal={arXiv preprint cs/0408007},
  year={2004}
}

@article{frantar2022gptq,
  title={Gptq: Accurate post-training quantization for generative pre-trained transformers},
  author={Frantar, Elias and Ashkboos, Saleh and Hoefler, Torsten and Alistarh, Dan},
  journal={arXiv preprint arXiv:2210.17323},
  year={2022}
}

@article{hendrycks2016gaussian,
  title={Gaussian error linear units (gelus)},
  author={Hendrycks, Dan and Gimpel, Kevin},
  journal={arXiv preprint arXiv:1606.08415},
  year={2016}
}

@book{muller2018handbook,
  title={Handbook of floating-point arithmetic},
  author={Muller, Jean-Michel and Brisebarre, Nicolas and De Dinechin, Florent and Jeannerod, Claude-Pierre and Lefevre, Vincent and Melquiond, Guillaume and Revol, Nathalie and Stehl{\'e}, Damien and Torres, Serge and others},
  year={2018},
  publisher={Springer}
}

@article{wu2023zeroquant,
  title={Zeroquant-fp: A leap forward in llms post-training w4a8 quantization using floating-point formats},
  author={Wu, Xiaoxia and Yao, Zhewei and He, Yuxiong},
  journal={arXiv preprint arXiv:2307.09782},
  year={2023}
}

@article{gradientmultivariate,
  title={Multivariate Stochastic Approximation Using},
  author={Gradient, Simultaneous Perturbation},
  publisher={Citeseer}
}

@article{zhou2023dybit,
  title={Dybit: Dynamic bit-precision numbers for efficient quantized neural network inference},
  author={Zhou, Jiajun and Wu, Jiajun and Gao, Yizhao and Ding, Yuhao and Tao, Chaofan and Li, Boyu and Tu, Fengbin and Cheng, Kwang-Ting and So, Hayden Kwok-Hay and Wong, Ngai},
  journal={IEEE Transactions on Computer-Aided Design of Integrated Circuits and Systems},
  year={2023},
  publisher={IEEE}
}




@article{williams2017broad,
  title={A broad-coverage challenge corpus for sentence understanding through inference},
  author={Williams, Adina and Nangia, Nikita and Bowman, Samuel R},
  journal={arXiv preprint arXiv:1704.05426},
  year={2017}
}

@inproceedings{dagan2005pascal,
  title={The pascal recognising textual entailment challenge},
  author={Dagan, Ido and Glickman, Oren and Magnini, Bernardo},
  booktitle={Machine learning challenges workshop},
  pages={177--190},
  year={2005},
  organization={Springer}
}

@article{zhang2024scaling,
  title={When Scaling Meets LLM Finetuning: The Effect of Data, Model and Finetuning Method},
  author={Zhang, Biao and Liu, Zhongtao and Cherry, Colin and Firat, Orhan},
  journal={arXiv preprint arXiv:2402.17193},
  year={2024}
}

@inproceedings{liu2022nonuniform,
  title={Nonuniform-to-uniform quantization: Towards accurate quantization via generalized straight-through estimation},
  author={Liu, Zechun and Cheng, Kwang-Ting and Huang, Dong and Xing, Eric P and Shen, Zhiqiang},
  booktitle={Proceedings of the IEEE/CVF conference on computer vision and pattern recognition},
  pages={4942--4952},
  year={2022}
}

@inproceedings{yang2024adazeta,
  title={AdaZeta: Adaptive Zeroth-Order Tensor-Train Adaption for Memory-Efficient Large Language Models Fine-Tuning},
  author={Yang, Yifan and Zhen, Kai and Banijamali, Ershad and Mouchtaris, Athanasios and Zhang, Zheng},
  booktitle={Proceedings of the 2024 Conference on Empirical Methods in Natural Language Processing},
  pages={977--995},
  year={2024}
}
@inproceedings{yang2024loretta,
  title={LoRETTA: Low-Rank Economic Tensor-Train Adaptation for Ultra-Low-Parameter Fine-Tuning of Large Language Models},
  author={Yang, Yifan and Zhou, Jiajun and Wong, Ngai and Zhang, Zheng},
  booktitle={Proceedings of the 2024 Conference of the North American Chapter of the Association for Computational Linguistics: Human Language Technologies (Volume 1: Long Papers)},
  pages={3161--3176},
  year={2024}
}

@article{liu2021p,
  title={P-tuning v2: Prompt tuning can be comparable to fine-tuning universally across scales and tasks},
  author={Liu, Xiao and Ji, Kaixuan and Fu, Yicheng and Tam, Weng Lam and Du, Zhengxiao and Yang, Zhilin and Tang, Jie},
  journal={arXiv preprint arXiv:2110.07602},
  year={2021}
}

@article{liu2024sparse,
  title={Sparse MeZO: Less Parameters for Better Performance in Zeroth-Order LLM Fine-Tuning},
  author={Liu, Yong and Zhu, Zirui and Gong, Chaoyu and Cheng, Minhao and Hsieh, Cho-Jui and You, Yang},
  journal={arXiv preprint arXiv:2402.15751},
  year={2024}
}

@article{achiam2023gpt,
  title={Gpt-4 technical report},
  author={Achiam, Josh and Adler, Steven and Agarwal, Sandhini and Ahmad, Lama and Akkaya, Ilge and Aleman, Florencia Leoni and Almeida, Diogo and Altenschmidt, Janko and Altman, Sam and Anadkat, Shyamal and others},
  journal={arXiv preprint arXiv:2303.08774},
  year={2023}
}

@article{bowman2015large,
  title={A large annotated corpus for learning natural language inference},
  author={Bowman, Samuel R and Angeli, Gabor and Potts, Christopher and Manning, Christopher D},
  journal={arXiv preprint arXiv:1508.05326},
  year={2015}
}

@article{rajpurkar2018know,
  title={Know what you don't know: Unanswerable questions for SQuAD},
  author={Rajpurkar, Pranav and Jia, Robin and Liang, Percy},
  journal={arXiv preprint arXiv:1806.03822},
  year={2018}
}


@inproceedings{socher2013recursive,
  title={Recursive deep models for semantic compositionality over a sentiment treebank},
  author={Socher, Richard and Perelygin, Alex and Wu, Jean and Chuang, Jason and Manning, Christopher D and Ng, Andrew Y and Potts, Christopher},
  booktitle={Proceedings of the 2013 conference on empirical methods in natural language processing},
  pages={1631--1642},
  year={2013}
}

@inproceedings{hovy2001toward,
  title={Toward semantics-based answer pinpointing},
  author={Hovy, Eduard and Gerber, Laurie and Hermjakob, Ulf and Lin, Chin-Yew and Ravichandran, Deepak},
  booktitle={Proceedings of the first international conference on Human language technology research},
  year={2001}
}

@inproceedings{loshchilov2018decoupled,
  title={Decoupled Weight Decay Regularization},
  author={Loshchilov, Ilya and Hutter, Frank},
  booktitle={International Conference on Learning Representations},
  year={2018}
}

@article{nagel2021white,
  title={A white paper on neural network quantization},
  author={Nagel, Markus and Fournarakis, Marios and Amjad, Rana Ali and Bondarenko, Yelysei and Van Baalen, Mart and Blankevoort, Tijmen},
  journal={arXiv preprint arXiv:2106.08295},
  year={2021}
}

@article{lee2023enhancing,
  title={Enhancing computation efficiency in large language models through weight and activation quantization},
  author={Lee, Jangwhan and Kim, Minsoo and Baek, Seungcheol and Hwang, Seok Joong and Sung, Wonyong and Choi, Jungwook},
  journal={arXiv preprint arXiv:2311.05161},
  year={2023}
}