@article{MEMIT,
  title={Mass-editing memory in a transformer},
  author={Meng, Kevin and Sharma, Arnab Sen and Andonian, Alex and Belinkov, Yonatan and Bau, David},
  journal={arXiv preprint arXiv:2210.07229},
  year={2022}
}

@article{ROME,
  title={Locating and editing factual associations in GPT},
  author={Meng, Kevin and Bau, David and Andonian, Alex and Belinkov, Yonatan},
  journal={Advances in Neural Information Processing Systems},
  volume={35},
  pages={17359--17372},
  year={2022}
}

@article{akshat-catastrophic,
  title={Model Editing at Scale leads to Gradual and Catastrophic Forgetting},
  author={Gupta, Akshat and Rao, Anurag and Anumanchipalli, Gopala},
  journal={arXiv preprint arXiv:2401.07453},
  year={2024}
}

@article{akshat-llama3,
  title={Is Bigger Edit Batch Size Always Better?--An Empirical Study on Model Editing with Llama-3},
  author={Yoon, Junsang and Gupta, Akshat and Anumanchipalli, Gopala},
  journal={arXiv preprint arXiv:2405.00664},
  year={2024}
}

@article{akshat-unified,
  title={A unified framework for model editing},
  author={Gupta, Akshat and Sajnani, Dev and Anumanchipalli, Gopala},
  journal={arXiv preprint arXiv:2403.14236},
  year={2024}
}

@article{alphaedit,
  title={Alphaedit: Null-space constrained knowledge editing for language models},
  author={Fang, Junfeng and Jiang, Houcheng and Wang, Kun and Ma, Yunshan and Wang, Xiang and He, Xiangnan and Chua, Tat-seng},
  journal={arXiv preprint arXiv:2410.02355},
  year={2024}
}

@article{gangadhar2024model,
  title={Model Editing by Pure Fine-Tuning},
  author={Gangadhar, Govind and Stratos, Karl},
  journal={arXiv preprint arXiv:2402.11078},
  year={2024}
}

@article{key-value-memories,
  title={Transformer feed-forward layers are key-value memories},
  author={Geva, Mor and Schuster, Roei and Berant, Jonathan and Levy, Omer},
  journal={arXiv preprint arXiv:2012.14913},
  year={2020}
}

@article{localization-inform-editing,
  title={Does localization inform editing? surprising differences in causality-based localization vs. knowledge editing in language models},
  author={Hase, Peter and Bansal, Mohit and Kim, Been and Ghandeharioun, Asma},
  journal={Advances in Neural Information Processing Systems},
  volume={36},
  year={2024}
}

