@article{AttentionIsAll,
  author    = {Ashish Vaswani and
               Noam Shazeer and
               Niki Parmar and
               Jakob Uszkoreit and
               Llion Jones and
               Aidan N. Gomez and
               Lukasz Kaiser and
               Illia Polosukhin},
  title     = {Attention Is All You Need},
  journal   = {CoRR},
  volume    = {abs/1706.03762},
  year      = {2017},
  url       = {http://arxiv.org/abs/1706.03762},
  eprinttype = {arXiv},
  eprint    = {1706.03762},
  timestamp = {Sat, 23 Jan 2021 01:20:40 +0100},
  biburl    = {https://dblp.org/rec/journals/corr/VaswaniSPUJGKP17.bib},
  bibsource = {dblp computer science bibliography, https://dblp.org}
}

@article{CMX-rgbdfusion,
  title={CMX: Cross-Modal Fusion for RGB-X Semantic Segmentation with Transformers},
  author={Liu, Huayao and Zhang, Jiaming and Yang, Kailun and Hu, Xinxin and Stiefelhagen, Rainer},
  journal={arXiv preprint arXiv:2203.04838},
  year={2022}
}

@article{Clip,
  author    = {Alec Radford and
               Jong Wook Kim and
               Chris Hallacy and
               Aditya Ramesh and
               Gabriel Goh and
               Sandhini Agarwal and
               Girish Sastry and
               Amanda Askell and
               Pamela Mishkin and
               Jack Clark and
               Gretchen Krueger and
               Ilya Sutskever},
  title     = {Learning Transferable Visual Models From Natural Language Supervision},
  journal   = {CoRR},
  volume    = {abs/2103.00020},
  year      = {2021},
  url       = {https://arxiv.org/abs/2103.00020},
  eprinttype = {arXiv},
  eprint    = {2103.00020},
  timestamp = {Thu, 04 Mar 2021 17:00:40 +0100},
  biburl    = {https://dblp.org/rec/journals/corr/abs-2103-00020.bib},
  bibsource = {dblp computer science bibliography, https://dblp.org}
}

@article{Deformable-Detr,
  author    = {Xizhou Zhu and
               Weijie Su and
               Lewei Lu and
               Bin Li and
               Xiaogang Wang and
               Jifeng Dai},
  title     = {Deformable {DETR:} Deformable Transformers for End-to-End Object Detection},
  journal   = {CoRR},
  volume    = {abs/2010.04159},
  year      = {2020},
  url       = {https://arxiv.org/abs/2010.04159},
  eprinttype = {arXiv},
  eprint    = {2010.04159},
  timestamp = {Tue, 15 Nov 2022 12:11:44 +0100},
  biburl    = {https://dblp.org/rec/journals/corr/abs-2010-04159.bib},
  bibsource = {dblp computer science bibliography, https://dblp.org}
}

@article{DenseFusion,
  author    = {Chen Wang and
               Danfei Xu and
               Yuke Zhu and
               Roberto Mart{\'{\i}}n{-}Mart{\'{\i}}n and
               Cewu Lu and
               Li Fei{-}Fei and
               Silvio Savarese},
  title     = {DenseFusion: 6D Object Pose Estimation by Iterative Dense Fusion},
  journal   = {CoRR},
  volume    = {abs/1901.04780},
  year      = {2019},
  url       = {http://arxiv.org/abs/1901.04780},
  eprinttype = {arXiv},
  eprint    = {1901.04780},
  timestamp = {Mon, 22 Jul 2019 14:55:30 +0200},
  biburl    = {https://dblp.org/rec/journals/corr/abs-1901-04780.bib},
  bibsource = {dblp computer science bibliography, https://dblp.org}
}

@article{Detr,
  author    = {Nicolas Carion and
               Francisco Massa and
               Gabriel Synnaeve and
               Nicolas Usunier and
               Alexander Kirillov and
               Sergey Zagoruyko},
  title     = {End-to-End Object Detection with Transformers},
  journal   = {CoRR},
  volume    = {abs/2005.12872},
  year      = {2020},
  url       = {https://arxiv.org/abs/2005.12872},
  eprinttype = {arXiv},
  eprint    = {2005.12872},
  timestamp = {Thu, 28 May 2020 17:38:09 +0200},
  biburl    = {https://dblp.org/rec/journals/corr/abs-2005-12872.bib},
  bibsource = {dblp computer science bibliography, https://dblp.org}
}

@article{Dino,
  author    = {Mathilde Caron and
               Hugo Touvron and
               Ishan Misra and
               Herv{\'{e}} J{\'{e}}gou and
               Julien Mairal and
               Piotr Bojanowski and
               Armand Joulin},
  title     = {Emerging Properties in Self-Supervised Vision Transformers},
  journal   = {CoRR},
  volume    = {abs/2104.14294},
  year      = {2021},
  url       = {https://arxiv.org/abs/2104.14294},
  eprinttype = {arXiv},
  eprint    = {2104.14294},
  timestamp = {Tue, 04 May 2021 15:12:43 +0200},
  biburl    = {https://dblp.org/rec/journals/corr/abs-2104-14294.bib},
  bibsource = {dblp computer science bibliography, https://dblp.org}
}

@INPROCEEDINGS{GIFT,
  author={Bai, Song and Bai, Xiang and Zhou, Zhichao and Zhang, Zhaoxiang and Latecki, Longin Jan},
  booktitle={2016 IEEE Conference on Computer Vision and Pattern Recognition (CVPR)}, 
  title={GIFT: A Real-Time and Scalable 3D Shape Search Engine}, 
  year={2016},
  volume={},
  number={},
  pages={5023-5032},
  doi={10.1109/CVPR.2016.543}}

@INPROCEEDINGS{GVCNN,
  author={Feng, Yifan and Zhang, Zizhao and Zhao, Xibin and Ji, Rongrong and Gao, Yue},
  booktitle={2018 IEEE/CVF Conference on Computer Vision and Pattern Recognition}, 
  title={GVCNN: Group-View Convolutional Neural Networks for 3D Shape Recognition}, 
  year={2018},
  volume={},
  number={},
  pages={264-272},
  doi={10.1109/CVPR.2018.00035}}

@inproceedings{GraspNet,
author = {Fang, Hao-Shu and Wang, Chenxi and Gou, Minghao and Lu, Cewu},
year = {2020},
month = {06},
pages = {11441-11450},
title = {GraspNet-1Billion: A Large-Scale Benchmark for General Object Grasping},
doi = {10.1109/CVPR42600.2020.01146}
}

@article{ImageTransformers,
  author    = {Alexey Dosovitskiy and
               Lucas Beyer and
               Alexander Kolesnikov and
               Dirk Weissenborn and
               Xiaohua Zhai and
               Thomas Unterthiner and
               Mostafa Dehghani and
               Matthias Minderer and
               Georg Heigold and
               Sylvain Gelly and
               Jakob Uszkoreit and
               Neil Houlsby},
  title     = {An Image is Worth 16x16 Words: Transformers for Image Recognition
               at Scale},
  journal   = {CoRR},
  volume    = {abs/2010.11929},
  year      = {2020},
  url       = {https://arxiv.org/abs/2010.11929},
  eprinttype = {arXiv},
  eprint    = {2010.11929},
  timestamp = {Fri, 20 Nov 2020 14:04:05 +0100},
  biburl    = {https://dblp.org/rec/journals/corr/abs-2010-11929.bib},
  bibsource = {dblp computer science bibliography, https://dblp.org}
}

@InProceedings{LineMod,
author="Hinterstoisser, Stefan
and Lepetit, Vincent
and Ilic, Slobodan
and Holzer, Stefan
and Bradski, Gary
and Konolige, Kurt
and Navab, Nassir",
editor="Lee, Kyoung Mu
and Matsushita, Yasuyuki
and Rehg, James M.
and Hu, Zhanyi",
title="Model Based Training, Detection and Pose Estimation of Texture-Less 3D Objects in Heavily Cluttered Scenes",
booktitle="Computer Vision -- ACCV 2012",
year="2013",
publisher="Springer Berlin Heidelberg",
address="Berlin, Heidelberg",
pages="548--562",
isbn="978-3-642-37331-2"
}

@article{MLVCNN, title={MLVCNN: Multi-Loop-View Convolutional Neural Network for 3D Shape Retrieval}, volume={33}, url={https://ojs.aaai.org/index.php/AAAI/article/view/4869}, DOI={10.1609/aaai.v33i01.33018513}, number={01}, journal={Proceedings of the AAAI Conference on Artificial Intelligence}, author={Jiang, Jianwen and Bao, Di and Chen, Ziqiang and Zhao, Xibin and Gao, Yue}, year={2019}, month={Jul.}, pages={8513-8520} }

@article{MVFusionNet,
  author    = {Kui Jia and
               Jiehong Lin and
               Mingkui Tan and
               Dacheng Tao},
  title     = {Deep Multi-View Learning using Neuron-Wise Correlation-Maximizing
               Regularizers},
  journal   = {CoRR},
  volume    = {abs/1904.11151},
  year      = {2019},
  url       = {http://arxiv.org/abs/1904.11151},
  eprinttype = {arXiv},
  eprint    = {1904.11151},
  timestamp = {Thu, 02 May 2019 15:13:44 +0200},
  biburl    = {https://dblp.org/rec/journals/corr/abs-1904-11151.bib},
  bibsource = {dblp computer science bibliography, https://dblp.org}
}

@article{MVTN,
  author    = {Abdullah Hamdi and
               Silvio Giancola and
               Bing Li and
               Ali K. Thabet and
               Bernard Ghanem},
  title     = {{MVTN:} Multi-View Transformation Network for 3D Shape Recognition},
  journal   = {CoRR},
  volume    = {abs/2011.13244},
  year      = {2020},
  url       = {https://arxiv.org/abs/2011.13244},
  eprinttype = {arXiv},
  eprint    = {2011.13244},
  timestamp = {Thu, 02 Feb 2023 13:14:21 +0100},
  biburl    = {https://dblp.org/rec/journals/corr/abs-2011-13244.bib},
  bibsource = {dblp computer science bibliography, https://dblp.org}
}

@article{Multi-View_ML,
    doi = {10.1371/journal.pone.0245230},
    author = {Seeland, Marco AND MÃ¤der, Patrick},
    journal = {PLOS ONE},
    publisher = {Public Library of Science},
    title = {Multi-view classification with convolutional neural networks},
    year = {2021},
    month = {01},
    volume = {16},
    url = {https://doi.org/10.1371/journal.pone.0245230},
    pages = {1-17}
}

@article{PoseCNN,
  author    = {Yu Xiang and
               Tanner Schmidt and
               Venkatraman Narayanan and
               Dieter Fox},
  title     = {PoseCNN: {A} Convolutional Neural Network for 6D Object Pose Estimation
               in Cluttered Scenes},
  journal   = {CoRR},
  volume    = {abs/1711.00199},
  year      = {2017},
  url       = {http://arxiv.org/abs/1711.00199},
  eprinttype = {arXiv},
  eprint    = {1711.00199},
  timestamp = {Mon, 13 Aug 2018 16:48:59 +0200},
  biburl    = {https://dblp.org/rec/journals/corr/abs-1711-00199.bib},
  bibsource = {dblp computer science bibliography, https://dblp.org}
}

@inproceedings{RGBD-NYUv2,
author = {Silberman, Nathan and Hoiem, Derek and Kohli, Pushmeet and Fergus, Rob},
year = {2012},
month = {10},
pages = {746-760},
title = {Indoor Segmentation and Support Inference from RGBD Images},
volume = {7576},
isbn = {978-3-642-33714-7},
journal = {ECCV},
doi = {10.1007/978-3-642-33715-4_54}
}

@article{RGBD-SUN,
author = {Shuran Song and Samuel P. Lichtenberg and Jianxiong Xiao},
year = {2015},
month = {05},
pages = {},
title = {SUN RGB-D: A RGB-D Scene Understanding Benchmark Suite},
journal = {CVPR}
}

@article{RGBD-ScanNet,
  author    = {Angela Dai and
               Angel X. Chang and
               Manolis Savva and
               Maciej Halber and
               Thomas A. Funkhouser and
               Matthias Nie{\ss}ner},
  title     = {ScanNet: Richly-annotated 3D Reconstructions of Indoor Scenes},
  journal   = {CoRR},
  volume    = {abs/1702.04405},
  year      = {2017},
  url       = {http://arxiv.org/abs/1702.04405},
  eprinttype = {arXiv},
  eprint    = {1702.04405},
  timestamp = {Mon, 13 Aug 2018 16:47:34 +0200},
  biburl    = {https://dblp.org/rec/journals/corr/DaiCSHFN17.bib},
  bibsource = {dblp computer science bibliography, https://dblp.org}
}

@article{RGBD-pretrained,
author = {Ophoff, Tanguy and Van Beeck, Kristof and GoedemÃ©, Toon},
year = {2019},
month = {02},
pages = {866},
title = {Exploring RGB+Depth Fusion for Real-Time Object Detection},
volume = {19},
journal = {Sensors},
doi = {10.3390/s19040866}
}

@INPROCEEDINGS{RGBDfusion_old,
  author={Eitel, Andreas and Springenberg, Jost Tobias and Spinello, Luciano and Riedmiller, Martin and Burgard, Wolfram},
  booktitle={2015 IEEE/RSJ International Conference on Intelligent Robots and Systems (IROS)}, 
  title={Multimodal deep learning for robust RGB-D object recognition}, 
  year={2015},
  volume={},
  number={},
  pages={681-687},
  doi={10.1109/IROS.2015.7353446}}

@article{RedNet,
  author    = {Jindong Jiang and
               Lunan Zheng and
               Fei Luo and
               Zhijun Zhang},
  title     = {RedNet: Residual Encoder-Decoder Network for indoor {RGB-D} Semantic
               Segmentation},
  journal   = {CoRR},
  volume    = {abs/1806.01054},
  year      = {2018},
  url       = {http://arxiv.org/abs/1806.01054},
  eprinttype = {arXiv},
  eprint    = {1806.01054},
  timestamp = {Mon, 13 Aug 2018 16:46:28 +0200},
  biburl    = {https://dblp.org/rec/journals/corr/abs-1806-01054.bib},
  bibsource = {dblp computer science bibliography, https://dblp.org}
}

@article{RotationNet,
  author    = {Asako Kanezaki},
  title     = {RotationNet: Learning Object Classification Using Unsupervised Viewpoint
               Estimation},
  journal   = {CoRR},
  volume    = {abs/1603.06208},
  year      = {2016},
  url       = {http://arxiv.org/abs/1603.06208},
  eprinttype = {arXiv},
  eprint    = {1603.06208},
  timestamp = {Mon, 13 Aug 2018 16:47:10 +0200},
  biburl    = {https://dblp.org/rec/journals/corr/Kanezaki16.bib},
  bibsource = {dblp computer science bibliography, https://dblp.org}
}

@article{Squeeze,
  author    = {Jie Hu and
               Li Shen and
               Gang Sun},
  title     = {Squeeze-and-Excitation Networks},
  journal   = {CoRR},
  volume    = {abs/1709.01507},
  year      = {2017},
  url       = {http://arxiv.org/abs/1709.01507},
  eprinttype = {arXiv},
  eprint    = {1709.01507},
  timestamp = {Wed, 11 Aug 2021 09:47:11 +0200},
  biburl    = {https://dblp.org/rec/journals/corr/abs-1709-01507.bib},
  bibsource = {dblp computer science bibliography, https://dblp.org}
}

@article{Swin,
  author    = {Ze Liu and
               Yutong Lin and
               Yue Cao and
               Han Hu and
               Yixuan Wei and
               Zheng Zhang and
               Stephen Lin and
               Baining Guo},
  title     = {Swin Transformer: Hierarchical Vision Transformer using Shifted Windows},
  journal   = {CoRR},
  volume    = {abs/2103.14030},
  year      = {2021},
  url       = {https://arxiv.org/abs/2103.14030},
  eprinttype = {arXiv},
  eprint    = {2103.14030},
  timestamp = {Thu, 19 May 2022 16:00:58 +0200},
  biburl    = {https://dblp.org/rec/journals/corr/abs-2103-14030.bib},
  bibsource = {dblp computer science bibliography, https://dblp.org}
}

@article{Swinv2,
  author    = {Ze Liu and
               Han Hu and
               Yutong Lin and
               Zhuliang Yao and
               Zhenda Xie and
               Yixuan Wei and
               Jia Ning and
               Yue Cao and
               Zheng Zhang and
               Li Dong and
               Furu Wei and
               Baining Guo},
  title     = {Swin Transformer {V2:} Scaling Up Capacity and Resolution},
  journal   = {CoRR},
  volume    = {abs/2111.09883},
  year      = {2021},
  url       = {https://arxiv.org/abs/2111.09883},
  eprinttype = {arXiv},
  eprint    = {2111.09883},
  timestamp = {Thu, 02 Dec 2021 15:54:22 +0100},
  biburl    = {https://dblp.org/rec/journals/corr/abs-2111-09883.bib},
  bibsource = {dblp computer science bibliography, https://dblp.org}
}

@article{Symmetric-Cross-modality-Residual-Fusion,
  author    = {Yuejiao Su and
               Yuan Yuan and
               Zhiyu Jiang},
  title     = {Deep feature selection-and-fusion for {RGB-D} semantic segmentation},
  journal   = {CoRR},
  volume    = {abs/2105.04102},
  year      = {2021},
  url       = {https://arxiv.org/abs/2105.04102},
  eprinttype = {arXiv},
  eprint    = {2105.04102},
  timestamp = {Fri, 14 May 2021 12:13:30 +0200},
  biburl    = {https://dblp.org/rec/journals/corr/abs-2105-04102.bib},
  bibsource = {dblp computer science bibliography, https://dblp.org}
}

@InProceedings{Tokenfusion,
    author    = {Wang, Yikai and Chen, Xinghao and Cao, Lele and Huang, Wenbing and Sun, Fuchun and Wang, Yunhe},
    title     = {Multimodal Token Fusion for Vision Transformers},
    booktitle = {Proceedings of the IEEE/CVF Conference on Computer Vision and Pattern Recognition (CVPR)},
    month     = {June},
    year      = {2022},
    pages     = {12186-12195}
}

@InProceedings{View-GCN,
author = {Wei, Xin and Yu, Ruixuan and Sun, Jian},
title = {View-GCN: View-Based Graph Convolutional Network for 3D Shape Analysis},
booktitle = {IEEE/CVF Conference on Computer Vision and Pattern Recognition (CVPR)},
month = {June},
year = {2020}
}

@ARTICLE{concat1,
  author={Setio, Arnaud Arindra Adiyoso and Ciompi, Francesco and Litjens, Geert and Gerke, Paul and Jacobs, Colin and van Riel, Sarah J. and Wille, Mathilde Marie Winkler and Naqibullah, Matiullah and SÃ¡nchez, Clara I. and van Ginneken, Bram},
  journal={IEEE Transactions on Medical Imaging}, 
  title={Pulmonary Nodule Detection in CT Images: False Positive Reduction Using Multi-View Convolutional Networks}, 
  year={2016},
  volume={35},
  number={5},
  pages={1160-1169},
  doi={10.1109/TMI.2016.2536809}}

@inproceedings{concat2,
title = "Multi-stream CNN for spatial resource allocation: A crop management application", 
author = "Alexandre Barbosa and Thiago Marinho and Nicolas Martin and Naira Hovakimyan",
note = "Publisher Copyright: {\textcopyright} 2020 IEEE.; 2020 IEEE/CVF Conference on Computer Vision and Pattern Recognition Workshops, CVPRW 2020 ; Conference date: 14-06-2020 Through 19-06-2020",
year = "2020",
month = jun,
doi = "10.1109/CVPRW50498.2020.00037",
language = "English (US)",
series = "IEEE Computer Society Conference on Computer Vision and Pattern Recognition Workshops",
publisher = "IEEE Computer Society",
pages = "258--266",
booktitle = "Proceedings - 2020 IEEE/CVF Conference on Computer Vision and Pattern Recognition Workshops, CVPRW 2020",
}

@article{concat3,
  author    = {Krzysztof J. Geras and
               Stacey Wolfson and
               S. Gene Kim and
               Linda Moy and
               Kyunghyun Cho},
  title     = {High-Resolution Breast Cancer Screening with Multi-View Deep Convolutional
               Neural Networks},
  journal   = {CoRR},
  volume    = {abs/1703.07047},
  year      = {2017},
  url       = {http://arxiv.org/abs/1703.07047},
  eprinttype = {arXiv},
  eprint    = {1703.07047},
  timestamp = {Sat, 23 Jan 2021 01:20:05 +0100},
  biburl    = {https://dblp.org/rec/journals/corr/GerasWKMC17.bib},
  bibsource = {dblp computer science bibliography, https://dblp.org}
}

@article{fusion_survey,
author = {Kaur, Harpreet and Koundal, Deepika and Kadyan, Virender},
year = {2021},
month = {01},
pages = {},
title = {Image Fusion Techniques: A Survey},
volume = {28},
journal = {Archives of Computational Methods in Engineering},
doi = {10.1007/s11831-021-09540-7}
}

@INPROCEEDINGS{kitti,
  author={Geiger, Andreas and Lenz, Philip and Urtasun, Raquel},
  booktitle={2012 IEEE Conference on Computer Vision and Pattern Recognition}, 
  title={Are we ready for autonomous driving? The KITTI vision benchmark suite}, 
  year={2012},
  volume={},
  number={},
  pages={3354-3361},
  doi={10.1109/CVPR.2012.6248074}}

@inproceedings{mvcnn,
  author    = {Hang Su and
               Subhransu Maji and
               Evangelos Kalogerakis and
               Erik G. Learned{-}Miller},
  title     = {Multi-view convolutional neural networks for 3d shape recognition},
  booktitle = {Proc. ICCV},
  year      = {2015},
}

@misc{omnivec,
      title={OmniVec: Learning robust representations with cross modal sharing}, 
      author={Siddharth Srivastava and Gaurav Sharma},
      year={2023},
      eprint={2311.05709},
      archivePrefix={arXiv},
      primaryClass={cs.CV},
      url={https://arxiv.org/abs/2311.05709}, 
}

@InProceedings{omnivec2,
    author    = {Srivastava, Siddharth and Sharma, Gaurav},
    title     = {OmniVec2 - A Novel Transformer based Network for Large Scale Multimodal and Multitask Learning},
    booktitle = {Proceedings of the IEEE/CVF Conference on Computer Vision and Pattern Recognition (CVPR)},
    month     = {June},
    year      = {2024},
    pages     = {27412-27424}
}

@inproceedings{omnivore,
  title={{Omnivore: A Single Model for Many Visual Modalities}},
  author={Girdhar, Rohit and Singh, Mannat and Ravi, Nikhila and van der Maaten, Laurens and Joulin, Armand and Misra, Ishan},
  booktitle={CVPR},
  year={2022}
}

@article{real_CO3D,
  author    = {Jeremy Reizenstein and
               Roman Shapovalov and
               Philipp Henzler and
               Luca Sbordone and
               Patrick Labatut and
               David Novotn{\'{y}}},
  title     = {Common Objects in 3D: Large-Scale Learning and Evaluation of Real-life
               3D Category Reconstruction},
  journal   = {CoRR},
  volume    = {abs/2109.00512},
  year      = {2021},
  url       = {https://arxiv.org/abs/2109.00512},
  eprinttype = {arXiv},
  eprint    = {2109.00512},
  timestamp = {Mon, 20 Sep 2021 16:29:41 +0200},
  biburl    = {https://dblp.org/rec/journals/corr/abs-2109-00512.bib},
  bibsource = {dblp computer science bibliography, https://dblp.org}
}

@INPROCEEDINGS{real_PASCAL3D+,
  author={Xiang, Yu and Mottaghi, Roozbeh and Savarese, Silvio},
  booktitle={IEEE Winter Conference on Applications of Computer Vision}, 
  title={Beyond PASCAL: A benchmark for 3D object detection in the wild}, 
  year={2014},
  volume={},
  number={},
  pages={75-82},
  doi={10.1109/WACV.2014.6836101}}

@misc{real_fewShot,
      title        = {FewSOL: A Dataset for Few-Shot Object Learning in Robotic Environments},
      author       = {P.J, Jaykumar and Chao, Yu-Wei and Xiang, Yu},
      year         = 2022,
      publisher    = {arXiv},
      doi          = {10.48550/ARXIV.2207.03333},
      url          = {https://arxiv.org/abs/2207.03333},
      copyright    = {Creative Commons Attribution 4.0 International}
    }    
}

@misc{real_video_GoogleScanned,
  doi = {10.48550/ARXIV.2204.11918},
  url = {https://arxiv.org/abs/2204.11918},  
  author = {Downs, Laura and Francis, Anthony and Koenig, Nate and Kinman, Brandon and Hickman, Ryan and Reymann, Krista and McHugh, Thomas B. and Vanhoucke, Vincent},
    keywords = {Robotics (cs.RO), Graphics (cs.GR), FOS: Computer and information sciences, FOS: Computer and information sciences},
    title = {Google Scanned Objects: A High-Quality Dataset of 3D Scanned Household Items},
  publisher = {arXiv},
  year = {2022},
  copyright = {arXiv.org perpetual, non-exclusive license}
}

@article{real_video_MV-RGBD2011,
author = {Kevin Lai and Liefeng Bo and Xiaofeng Ren and Dieter Fox},
title = {A Large-Scale Hierarchical Multi-View RGB-D Object Dataset},
journal = ICRA,
year = 2011
}

@article{real_video_amt,
  author    = {Philipp Henzler and
               Jeremy Reizenstein and
               Patrick Labatut and
               Roman Shapovalov and
               Tobias Ritschel and
               Andrea Vedaldi and
               David Novotn{\'{y}}},
  title     = {Unsupervised Learning of 3D Object Categories from Videos in the Wild},
  journal   = {CoRR},
  volume    = {abs/2103.16552},
  year      = {2021},
  url       = {https://arxiv.org/abs/2103.16552},
  eprinttype = {arXiv},
  eprint    = {2103.16552},
  timestamp = {Wed, 07 Apr 2021 15:31:46 +0200},
  biburl    = {https://dblp.org/rec/journals/corr/abs-2103-16552.bib},
  bibsource = {dblp computer science bibliography, https://dblp.org}
}

@InProceedings{real_video_freiburgcars,
author       = "N. Sedaghat and T. Brox",
title        = "Unsupervised Generation of a Viewpoint Annotated Car Dataset from Videos",
booktitle    = "IEEE International Conference on Computer Vision (ICCV)",
year         = "2015",
url          = "http://lmb.informatik.uni-freiburg.de//Publications/2015/SB15"
}

@article{real_video_objectron,
  author    = {Adel Ahmadyan and
               Liangkai Zhang and
               Jianing Wei and
               Artsiom Ablavatski and
               Matthias Grundmann},
  title     = {Objectron: {A} Large Scale Dataset of Object-Centric Videos in the
               Wild with Pose Annotations},
  journal   = {CoRR},
  volume    = {abs/2012.09988},
  year      = {2020},
  url       = {https://arxiv.org/abs/2012.09988},
  eprinttype = {arXiv},
  eprint    = {2012.09988},
  timestamp = {Sun, 03 Jan 2021 18:46:06 +0100},
  biburl    = {https://dblp.org/rec/journals/corr/abs-2012-09988.bib},
  bibsource = {dblp computer science bibliography, https://dblp.org}
}

@article{real_video_scanobject,
  author    = {Mikaela Angelina Uy and
               Quang{-}Hieu Pham and
               Binh{-}Son Hua and
               Duc Thanh Nguyen and
               Sai{-}Kit Yeung},
  title     = {Revisiting Point Cloud Classification: {A} New Benchmark Dataset and
               Classification Model on Real-World Data},
  journal   = {CoRR},
  volume    = {abs/1908.04616},
  year      = {2019},
  url       = {http://arxiv.org/abs/1908.04616},
  eprinttype = {arXiv},
  eprint    = {1908.04616},
  timestamp = {Mon, 19 Aug 2019 13:21:03 +0200},
  biburl    = {https://dblp.org/rec/journals/corr/abs-1908-04616.bib},
  bibsource = {dblp computer science bibliography, https://dblp.org}
}

@article{segformer,
  author    = {Enze Xie and
               Wenhai Wang and
               Zhiding Yu and
               Anima Anandkumar and
               Jose M. Alvarez and
               Ping Luo},
  title     = {SegFormer: Simple and Efficient Design for Semantic Segmentation with
               Transformers},
  journal   = {CoRR},
  volume    = {abs/2105.15203},
  year      = {2021},
  url       = {https://arxiv.org/abs/2105.15203},
  eprinttype = {arXiv},
  eprint    = {2105.15203},
  timestamp = {Wed, 02 Jun 2021 11:46:42 +0200},
  biburl    = {https://dblp.org/rec/journals/corr/abs-2105-15203.bib},
  bibsource = {dblp computer science bibliography, https://dblp.org}
}

@article{stable-diffusion,
  author    = {Robin Rombach and
               Andreas Blattmann and
               Dominik Lorenz and
               Patrick Esser and
               Bj{\"{o}}rn Ommer},
  title     = {High-Resolution Image Synthesis with Latent Diffusion Models},
  journal   = {CoRR},
  volume    = {abs/2112.10752},
  year      = {2021},
  url       = {https://arxiv.org/abs/2112.10752},
  eprinttype = {arXiv},
  eprint    = {2112.10752},
  timestamp = {Tue, 04 Jan 2022 15:59:27 +0100},
  biburl    = {https://dblp.org/rec/journals/corr/abs-2112-10752.bib},
  bibsource = {dblp computer science bibliography, https://dblp.org}
}

@article{sum_fuse,
author = {PrzemysÅaw Dolata and Mariusz MrzygÅÃ³d and Jacek Reiner},
title = {Double-stream Convolutional Neural Networks for Machine Vision Inspection of Natural Products},
journal = {Applied Artificial Intelligence},
volume = {31},
number = {7-8},
pages = {643-659},
year  = {2017},
publisher = {Taylor & Francis},
doi = {10.1080/08839514.2018.1428491 },
URL = {https://doi.org/10.1080/08839514.2018.1428491 },
eprint = {https://doi.org/10.1080/08839514.2018.1428491 }
}

@InProceedings{synt_ABC,
author = {Koch, Sebastian and Matveev, Albert and Jiang, Zhongshi and Williams, Francis and Artemov, Alexey and Burnaev, Evgeny and Alexa, Marc and Zorin, Denis and Panozzo, Daniele},
title = {ABC: A Big CAD Model Dataset For Geometric Deep Learning},
booktitle = {The IEEE Conference on Computer Vision and Pattern Recognition (CVPR)},
month = {June},
year = {2019}
}

@inproceedings{synt_MCB,
    title={A Large-scale Annotated Mechanical Components Benchmark for Classification and Retrieval Tasks with Deep Neural Networks},
    author={Kim, Sangpil and Chi, Hyung-gun and Hu, Xiao and Huang, Qixing and Ramani, Karthik},
    booktitle={Proceedings of 16th European Conference on Computer Vision (ECCV)},
    year={2020},}

@article{synt_modelnet,
  author    = {Zhirong Wu and
               Shuran Song and
               Aditya Khosla and
               Xiaoou Tang and
               Jianxiong Xiao},
  title     = {3D ShapeNets for 2.5D Object Recognition and Next-Best-View Prediction},
  journal   = {CoRR},
  volume    = {abs/1406.5670},
  year      = {2014},
  url       = {http://arxiv.org/abs/1406.5670},
  eprinttype = {arXiv},
  eprint    = {1406.5670},
  timestamp = {Mon, 13 Aug 2018 16:47:24 +0200},
  biburl    = {https://dblp.org/rec/journals/corr/WuSKTX14.bib},
  bibsource = {dblp computer science bibliography, https://dblp.org}
}

@article{synt_partnet,
  author    = {Kaichun Mo and
               Shilin Zhu and
               Angel X. Chang and
               Li Yi and
               Subarna Tripathi and
               Leonidas J. Guibas and
               Hao Su},
  title     = {PartNet: {A} Large-scale Benchmark for Fine-grained and Hierarchical
               Part-level 3D Object Understanding},
  journal   = {CoRR},
  volume    = {abs/1812.02713},
  year      = {2018},
  url       = {http://arxiv.org/abs/1812.02713},
  eprinttype = {arXiv},
  eprint    = {1812.02713},
  timestamp = {Wed, 11 Nov 2020 08:48:10 +0100},
  biburl    = {https://dblp.org/rec/journals/corr/abs-1812-02713.bib},
  bibsource = {dblp computer science bibliography, https://dblp.org}
}

@article{synt_shapenet,
  author    = {Angel X. Chang and
               Thomas A. Funkhouser and
               Leonidas J. Guibas and
               Pat Hanrahan and
               Qi{-}Xing Huang and
               Zimo Li and
               Silvio Savarese and
               Manolis Savva and
               Shuran Song and
               Hao Su and
               Jianxiong Xiao and
               Li Yi and
               Fisher Yu},
  title     = {ShapeNet: An Information-Rich 3D Model Repository},
  journal   = {CoRR},
  volume    = {abs/1512.03012},
  year      = {2015},
  url       = {http://arxiv.org/abs/1512.03012},
  eprinttype = {arXiv},
  eprint    = {1512.03012},
  timestamp = {Thu, 08 Apr 2021 11:37:55 +0200},
  biburl    = {https://dblp.org/rec/journals/corr/ChangFGHHLSSSSX15.bib},
  bibsource = {dblp computer science bibliography, https://dblp.org}
}

@article{t-less,
  author    = {Tomas Hodan and
               Pavel Haluza and
               Step{\'{a}}n Obdrz{\'{a}}lek and
               Jiri Matas and
               Manolis I. A. Lourakis and
               Xenophon Zabulis},
  title     = {{T-LESS:} An {RGB-D} Dataset for 6D Pose Estimation of Texture-less
               Objects},
  journal   = {CoRR},
  volume    = {abs/1701.05498},
  year      = {2017},
  url       = {http://arxiv.org/abs/1701.05498},
  eprinttype = {arXiv},
  eprint    = {1701.05498},
  timestamp = {Mon, 13 Aug 2018 16:49:02 +0200},
  biburl    = {https://dblp.org/rec/journals/corr/HodanHOMLZ17.bib},
  bibsource = {dblp computer science bibliography, https://dblp.org}
}

