@ARTICLE{auto_driving,
	author={Cui, Yaodong and Chen, Ren and Chu, Wenbo and Chen, Long and Tian, Daxin and Li, Ying and Cao, Dongpu},
	journal={IEEE Trans. Intell. Transp. Syst.},
	title={Deep Learning for Image and Point Cloud Fusion in Autonomous Driving: A Review},
	year={2022},
	volume={23},
	number={2},
	pages={722-739},
}

@article{archaeological_preservation,
	title={3D point clouds in archaeology: Advances in acquisition, processing and knowledge integration applied to quasi-planar objects},
	author={Poux, Florent and Neuville, Romain and Van Wersch, Line and Nys, Gilles-Antoine and Billen, Roland},
	journal={Geosciences},
	volume={7},
	number={4},
	pages={96},
	year={2017},
	publisher={MDPI}
}
@inproceedings{Industrial_Anomaly_Detection,
	title={Multimodal Industrial Anomaly Detection via Hybrid Fusion},
	author={Wang, Yue and Peng, Jinlong and Zhang, Jiangning and Yi, Ran and Wang, Yabiao and Wang, Chengjie},
	booktitle=CVPR,
	pages={8032--8041},
	year={2023}
}
@ARTICLE{9496667,
	author={Nguyen, Dat Thanh and Quach, Maurice and Valenzise, Giuseppe and Duhamel, Pierre},
	journal={IEEE Trans. Circuits Syst. Video Technol.},
	title={Lossless Coding of Point Cloud Geometry Using a Deep Generative Model},
	year={2021},
	volume={31},
	number={12},
}
@article{wang2022sparse,
	title={Sparse tensor-based multiscale representation for point cloud geometry compression},
	author={Wang, Jianqiang and Ding, Dandan and Li, Zhu and Feng, Xiaoxing and Cao, Chuntong and Ma, Zhan},
	volume={45},
	number={7},
	pages={9055--9071},
	journal={IIEEE Trans. Pattern Anal. Mach. Intell.},
	year={2022},
	publisher={IEEE}
}
@inproceedings{pinheiro2023nf,
	title={NF-PCAC: Normalizing Flow based Point Cloud Attribute Compression},
	author={Pinheiro, Rodrigo B and Marvie, Jean-Eudes and Valenzise, Giuseppe and Dufaux, Fr{\'e}d{\'e}ric},
	booktitle={IEEE International Conference on Acoustics, Speech and Signal Processing (ICASSP)},
	pages={1--5},
	year={2023},
	organization={IEEE}
}
@inproceedings{fang20223dac,
	title={{3DAC}: Learning attribute compression for point clouds},
	author={Fang, Guangchi and Hu, Qingyong and Wang, Hanyun and Xu, Yiling and Guo, Yulan},
	booktitle=CVPR,
	pages={14819--14828},
	year={2022}
}
@article{mammou2017video,
	journal={ISO/IEC JTC1/SC29/WG11 Doc. m41649, Macau, China,},
	author={Mammou, Khaled and Tourapis, Alexis M and Singer, David and Su, Yeping},
	title={Video-based and hierarchical approaches point cloud compression},
	year={ 2017}
}

@article{mammou2019g,
	journal={ ISO/IEC JTC1/SC29/WG11 Doc.N18189, Macau, China,},
	author={Mammou, Khaled and Chou, Philip A and Flynn, David and Krivoku{\'c}a, Maja and Nakagami, Ohji and Sugio, Toshiyasu},
	title={G-PCC codec description v2},
	year={2019}
}
@ARTICLE{9503374,
	author={Zhang, Xiang and Gao, Wen},
	journal={IEEE Trans. Circuits Syst. Video Technol.},
	title={Adaptive Geometry Partition for Point Cloud Compression},
	year={2021},
	volume={31},
	number={12},
	pages={4561-4574},
	keywords={Encoding;Geometry;Three-dimensional displays;Point cloud compression;Transform coding;Video coding;Image coding;Point cloud compression;geometry coding;octree partition;quad-tree partition;binary-tree partition},
	doi={10.1109/TCSVT.2021.3101807}}
	
	@inproceedings{garcia2018intra,
		title={Intra-frame context-based octree coding for point-cloud geometry},
		author={Garcia, Diogo C and de Queiroz, Ricardo L},
		booktitle=ICIP,
		pages={1807--1811},
		year={2018},
		organization={IEEE}
	}
	@inproceedings{kathariya2018scalable,
		title={Scalable point cloud geometry coding with binary tree embedded quadtree},
		author={Kathariya, Birendra and Li, Li and Li, Zhu and Alvarez, Jose and Chen, Jianle},
		booktitle=ICME,
		pages={1--6},
		year={2018},
		organization={IEEE}
	}
	@ARTICLE{9503374,
		author={Zhang, Xiang and Gao, Wen},
		journal={IEEE Trans. Circuits Syst. Video Technol.},
		title={Adaptive Geometry Partition for Point Cloud Compression},
		year={2021},
		volume={31},
		number={12},
		pages={4561-4574},
		keywords={Encoding;Geometry;Three-dimensional displays;Point cloud compression;Transform coding;Video coding;Image coding;Point cloud compression;geometry coding;octree partition;quad-tree partition;binary-tree partition},
		doi={10.1109/TCSVT.2021.3101807}}
		@inproceedings{zhang2014point,
			title={Point cloud attribute compression with graph transform},
			author={Zhang, Cha and Florencio, Dinei and Loop, Charles},
			booktitle=ICIP,
			pages={2066--2070},
			year={2014},
			organization={IEEE}
		}
		@article{de2016compression,
			title={Compression of 3D point clouds using a region-adaptive hierarchical transform},
			author={De Queiroz, Ricardo L and Chou, Philip A},
			journal={IEEE Trans. Image Process.},
			volume={25},
			number={8},
			pages={3947--3956},
			year={2016},
			publisher={IEEE}
		}
		@Article{song2023block,
			author   = {Song, Fei and Li, Ge and Yang, Xiaodong and Gao, Wei and Liu, Shan},
			journal  = {IEEE Trans. Circuits Syst. Video Technol.},
			title    = {Block-Adaptive Point Cloud Attribute Coding With Region-Aware Optimized Transform},
			year     = {2023},
			number   = {8},
			pages    = {4294-4308},
			volume   = {33},
			doi      = {10.1109/TCSVT.2023.3235891},
		}
		@article{chen2023introduction,
			title={An introduction to point cloud compression standards},
			author={Chen, Anthony and Mao, Shiwen and Li, Zhu and Xu, Minrui and Zhang, Hongliang and Niyato, Dusit and Han, Zhu},
			journal={GetMobile,
			Mobile Comput. Commun.},
			volume={27},
			number={1},
			pages={11--17},
			year={2023},
			publisher={ACM New York, NY, USA}
		}
		@article{graziosi2020overview,
			title={An overview of ongoing point cloud compression standardization activities: Video-based (V-PCC) and geometry-based (G-PCC)},
			author={Graziosi, Danillo and Nakagami, Ohji and Kuma, Satoru and Zaghetto, Alexandre and Suzuki, Teruhiko and Tabatabai, Ali},
			journal={APSIPA Trans. Signal Info. Process.},
			volume={9},
			pages={e13},
			year={2020},
			publisher={Cambridge University Press}
		}
		@inproceedings{ainala2016improved,
			title={An improved enhancement layer for octree based point cloud compression with plane projection approximation},
			author={Ainala, Khartik and Mekuria, Rufael N and Khathariya, Birendra and Li, Zhu and Wang, Ye-Kui and Joshi, Rajan},
			booktitle={Proc. SPIE},
			volume={9971},
			pages={223--231},
			year={2016},
			organization={SPIE}
		}
		@inproceedings{he2017best,
			title={Best-effort projection based attribute compression for 3D point cloud},
			author={He, Lanyi and Zhu, Wenjie and Xu, Yiling},
			booktitle={Proc. 23rd Asia Pacific Conf.
			Commun. (APCC)},
			pages={1--6},
			year={2017},
			organization={IEEE}
		}
		@article{zhang2023perceptually,
			title={Perceptually Weighted Rate Distortion Optimization for Video-Based Point Cloud Compression},
			author={Zhang, Yun and Ding, Keqin and Li, Na and Wang, Hanli and Huang, Xiaoxia and Kuo, C-C Jay},
			journal={IEEE Trans. Image Process.},
			volume={32},
			pages={5933--5947},
			year={2023},
			publisher={IEEE}
		}
		@inproceedings{huang20193d,
			title={3d point cloud geometry compression on deep learning},
			author={Huang, Tianxin and Liu, Yong},
			booktitle=ACMMM,
			year={2019}
		}
		@inproceedings{5,
			title={Point cloud geometry compression via neural graph sampling},
			author={Gao, Linyao and Fan, Tingyu and Wan, Jianqiang and Xu, Yiling and Sun, Jun and Ma, Zhan},
			booktitle=ICIP,
			pages={3373--3377},
			year={2021},
		}
		@inproceedings{song2023efficient,
			title={Efficient Hierarchical Entropy Model for Learned Point Cloud Compression},
			author={Song, Rui and Fu, Chunyang and Liu, Shan and Li, Ge},
			booktitle=CVPR,
			pages={14368--14377},
			year={2023}
		}
		@Article{16,
			author    = {Wang, Jianqiang and Zhu, Hao and Liu, Haojie and Ma, Zhan},
			journal   = {IEEE Trans. Circuits Syst. Video Technol.},
			title     = {Lossy point cloud geometry compression via end-to-end learning},
			year      = {2021},
			number    = {12},
			pages     = {4909--4923},
			volume    = {31},
			publisher = {IEEE},
		}
		@inproceedings{4,
			title={Multiscale point cloud geometry compression},
			author={Wang, Jianqiang and Ding, Dandan and Li, Zhu and Ma, Zhan},
			booktitle=DCC,
			pages={73--82},
			year={2021},
		}
		@inproceedings{he2022density,
			title={Density-preserving deep point cloud compression},
			author={He, Yun and Ren, Xinlin and Tang, Danhang and Zhang, Yinda and Xue, Xiangyang and Fu, Yanwei},
			booktitle=CVPR,
			pages={2333--2342},
			year={2022}
		}
		@inproceedings{yu2023sparse,
			title={Sparse Representation based Deep Residual Geometry Compression Network for Large-scale Point Clouds},
			author={Yu, Pengpeng and Zuo, Dian and Huang, Yueer and Huang, Ruishan and Wang, Hanyun and Guo, Yulan and Liang, Fan},
			booktitle=ICME,
			pages={2555--2560},
			year={2023},
			organization={IEEE}
		}
		@article{wang2022sparse,
			title={Sparse tensor-based multiscale representation for point cloud geometry compression},
			author={Wang, Jianqiang and Ding, Dandan and Li, Zhu and Feng, Xiaoxing and Cao, Chuntong and Ma, Zhan},
			journal={IEEE Trans. Pattern Anal. Mach. Intell.},
			year={2022},
			publisher={IEEE}
		}
		@Article{nguyen2023lossless,
			author={Nguyen, Dat Thanh and Kaup, Andr{\'e}},
			journal   = {IEEE Trans. Circuits Syst. Video Technol.},
			title={Lossless Point Cloud Geometry and Attribute Compression Using a Learned Conditional Probability Model},
			year={2023},
			volume={33},
			number={8},
			pages={4337-4348},
		}
		@inproceedings{wang2023lossless,
			title={Lossless Point Cloud Attribute Compression Using Cross-scale, Cross-group, and Cross-color Prediction},
			author={Wang, Jianqiang and Ding, Dandan and Ma, Zhan},
			booktitle=DCC,
			pages={228--237},
			year={2023},
		}
			@Article{7,
				author    = {Sheng, Xihua and Li, Li and Liu, Dong and Xiong, Zhiwei and Li, Zhu and Wu, Feng},
				journal   = {IEEE Trans. Multimedia},
				title     = {{Deep-PCAC}: An end-to-end deep lossy compression framework for point cloud attributes},
				year      = {2021},
				pages     = {2617--2632},
				volume    = {24},
				fjournal  = {IEEE Trans. Multimedia},
				publisher = {IEEE},
			}
			@inproceedings{17,
				title={{NF-PCAC}: Normalizing Flow based Point Cloud Attribute Compression},
				author={Pinheiro, Rodrigo B and Marvie, Jean-Eudes and Valenzise, Giuseppe and Dufaux, Fr{\'e}d{\'e}ric},
				booktitle=ICASSP,
				pages={1--5},
				year={2023},
			}
			@inproceedings{8,
				title={Sparse tensor-based point cloud attribute compression},
				author={Wang, Jianqiang and Ma, Zhan},
				booktitle=MIPR,
				pages={59--64},
				year={2022},
			}
			@article{guarda2023deep,
				title={Deep Learning-Based Point Cloud Coding and Super-Resolution: a Joint Geometry and Color Approach},
				author={Guarda, Andr{\'e} FR and Ruivo, Manuel and Coelho, Lu{\'\i}s and Seleem, Abdelrahman and Rodrigues, Nuno MM and Pereira, Fernando},
				journal={IEEE Trans. Multimedia},
				  pages={1-13},
				year={2023},
				publisher={IEEE}
			}
			@ARTICLE{10380494,
				author={Akhtar, Anique and Li, Zhu and Van der Auwera, Geert},
				journal={IEEE Trans. Image Process.},
				title={Inter-Frame Compression for Dynamic Point Cloud Geometry Coding},
				year={2024},
				volume={33},
				number={},
				pages={584-594},
				keywords={Point cloud compression;Image coding;Three-dimensional displays;Geometry;Octrees;Motion compensation;Encoding;Point cloud;compression;PCC;deep learning;neural network},
				doi={10.1109/TIP.2023.3343096}}
				
				@inproceedings{12351243,
					author = {Yang, Xiaodong and Shao, Yiting and Liu, Shan and Li, Thomas H. and Li, Ge},
					title = {PDE-based Progressive Prediction Framework for Attribute Compression of 3D Point Clouds},
					year = {2023},
					booktitle = ACMMM,
				}
				@ARTICLE{8571288,
					author={Schwarz, Sebastian and Preda, Marius and Baroncini, Vittorio and Budagavi, Madhukar and Cesar, Pablo and Chou, Philip A. and Cohen, Robert A. and Krivokuća, Maja and Lasserre, Sébastien and Li, Zhu and Llach, Joan and Mammou, Khaled and Mekuria, Rufael and Nakagami, Ohji and Siahaan, Ernestasia and Tabatabai, Ali and Tourapis, Alexis M. and Zakharchenko, Vladyslav},
					journal={IEEE J. Emerg. Sel. Topics Circuits Syst},
					title={Emerging MPEG Standards for Point Cloud Compression},
					year={2019},
					volume={9},
					number={1},
					pages={133-148},
					keywords={Three-dimensional displays;Sensors;Image color analysis;Streaming media;Encoding;Real-time systems;Cameras;Point cloud coding;3D data coding;immersive video coding},
					doi={10.1109/JETCAS.2018.2885981}}
					@Article{12,
						author    = {Tang, Zhisen and Wang, Hanli and Yi, Xiaokai and Zhang, Yun and Kwong, Sam and Kuo, C-C Jay},
						journal   = {IEEE Trans. Circuits Syst. Video Technol.},
						title     = {Joint graph attention and asymmetric convolutional neural network for deep image compression},
						year      = {2022},
						number    = {1},
						pages     = {421--433},
						volume    = {33},
						publisher = {IEEE},
					}
					@article{134545124,
						author = {Zhu, Linwei and Zhang, Yun and Li, Na and Jiang, Gangyi and Kwong, Sam},
						title = {Deep Learning-Based Intra Mode Derivation for Versatile Video Coding},
						year = {2023},
						issue_date = {April 2023},
						publisher = {Association for Computing Machinery},
						address = {New York, NY, USA},
						volume = {19},
						number = {2s},
						issn = {1551-6857},
						url = {https://doi.org/10.1145/3563699},
						doi = {10.1145/3563699},
						abstract = {In intra coding, Rate Distortion Optimization (RDO) is performed to achieve the optimal intra mode from a pre-defined candidate list. The optimal intra mode is also required to be encoded and transmitted to the decoder side besides the residual signal, where lots of coding bits are consumed. To further improve the performance of intra coding in Versatile Video Coding (VVC), an intelligent intra mode derivation method is proposed in this paper, termed as Deep Learning based Intra Mode Derivation (DLIMD). In specific, the process of intra mode derivation is formulated as a multi-class classification task, which aims to skip the module of intra mode signaling for coding bits reduction. The architecture of DLIMD is developed to adapt to different quantization parameter settings and variable coding blocks including non-square ones, where only one single trained model is required. Different from the existing deep learning based classification problems, the hand-crafted features are also fed into intra mode derivation network besides the learned features from feature learning network. To compete with traditional methods, one additional binary flag is utilized in the video codec to indicate the selected scheme with RDO. Extensive experimental results reveal that the proposed method can achieve 2.28\%, 1.74\%, and 2.18\% bit rate reduction on average for Y, U, and V components on the platform of VVC test model, which outperforms the state-of-the-art works.},
						journal = {ACM Trans. Multimedia Comput. Commun. Appl.},
						month = {feb},
						articleno = {96},
						numpages = {20},
						keywords = {multi-class classification, deep learning, most probable mode, intra mode derivation, Versatile video coding}
					}
					@ARTICLE{9360626,
						author={Yang, Kun and Liu, Dong and Chen, Zhibo and Wu, Feng and Li, Weiping},
						journal={IEEE Trans. Circuits Syst. Video Technol.},
						title={Spatiotemporal Generative Adversarial Network-Based Dynamic Texture Synthesis for Surveillance Video Coding},
						year={2022},
						volume={32},
						number={1},
						pages={359-373},
						keywords={Video coding;Surveillance;Dynamics;Spatiotemporal phenomena;Heuristic algorithms;Encoding;Generative adversarial networks;Dynamic texture;generative adversarial network;surveillance video;texture synthesis;video coding},
						doi={10.1109/TCSVT.2021.3061153}}
						@ARTICLE{9735359,
							author={Xiong, Jian and Gao, Hao and Wang, Miaohui and Li, Hongliang and Ngan, King Ngi and Lin, Weisi},
							journal={IEEE Trans. Multimedia},
							title={Efficient Geometry Surface Coding in V-PCC},
							year={2023},
							volume={25},
							number={},
							pages={3329-3342},
							keywords={Geometry;Point cloud compression;Measurement;Distortion;Three-dimensional displays;Encoding;Video codecs;Geometry compression;HEVC;occupancy map;point cloud;rate distortion optimization;V-PCC},
							doi={10.1109/TMM.2022.3158809}}
							@ARTICLE{10345479,
								author={Gao, Wei and Yuan, Hang and Li, Ge and Li, Zhu and Yuan, Hui},
								journal={IEEE Trans. Image Process.},
								title={Low Complexity Coding Unit Decision for Video-Based Point Cloud Compression},
								year={2024},
								volume={33},
								number={},
								pages={149-162},
								keywords={Image coding;Encoding;Partitioning algorithms;Geometry;Point cloud compression;Copper;Complexity theory;V-PCC;CU partition;machine learning;cross-projection information;rate-distortion-oriented},
								doi={10.1109/TIP.2023.3337637}}
								@inproceedings{11,
									title={4d spatio-temporal convnets: Minkowski convolutional neural networks},
									author={Choy, Christopher and Gwak, JunYoung and Savarese, Silvio},
									booktitle=CVPR,
									pages={3075--3084},
									year={2019}
								}
	@inproceedings{multimodal,
		title={Multimodal token fusion for vision transformers},
		author={Wang, Yikai and Chen, Xinghao and Cao, Lele and Huang, Wenbing and Sun, Fuchun and Wang, Yunhe},
		booktitle=CVPR,
		pages={12186--12195},
		year={2022}
	}
	@inproceedings{11,
		title={4d spatio-temporal convnets: Minkowski convolutional neural networks},
		author={Choy, Christopher and Gwak, JunYoung and Savarese, Silvio},
		booktitle=CVPR,
		pages={3075--3084},
		year={2019}
	}
	@article{33,
		title = {Updates and Integration of Evaluation Metric Software for {{PCC}}},
		author = {Tian, Dong and Ochimizu, Hideaki and Feng, Chen and Cohen, Robert and Vetro, Anthony},
		year = {  2017},
		journal = {ISO/IEC JTC1/SC29/WG11 Doc. MPEG2016/M40522,}
	}
	@article{yang2022mped,
		title={{MPED}: Quantifying point cloud distortion based on multiscale potential energy discrepancy},
		author={Yang, Qi and Zhang, Yujie and Chen, Siheng and Xu, Yiling and Sun, Jun and Ma, Zhan},
		journal={IEEE Trans. Pattern Anal. Mach. Intell.},
		volume={45},
		number={5},
		pages={6037--6054},
		year={2022},
		publisher={IEEE}
	}
	@inproceedings{meynet2020pcqm,
		title={{PCQM}: A full-reference quality metric for colored {3D} point clouds},
		author={Meynet, Gabriel and Nehm{\'e}, Yana and Digne, Julie and Lavou{\'e}, Guillaume},
		booktitle={2020 Twelfth International Conference on Quality of Multimedia Experience (QoMEX)},
		pages={1--6},
		year={2020},
		organization={IEEE}
	}
	@article{wu2021subjective,
		title={Subjective quality database and objective study of compressed point clouds with 6DoF head-mounted display},
		author={Wu, Xinju and Zhang, Yun and Fan, Chunling and Hou, Junhui and Kwong, Sam},
		journal={IEEE Trans. Circuits Syst. Video Technol.},
		volume={31},
		number={12},
		pages={4630--4644},
		year={2021},
		publisher={IEEE}
	}
	@inproceedings{pang2022grasp,
		title={{GRASP-Net}: Geometric residual analysis and synthesis for point cloud compression},
		author={Pang, Jiahao and Lodhi, Muhammad Asad and Tian, Dong},
		booktitle={Int. Workshop Advances Point Cloud Compression, Process. Anal.},
		pages={11--19},
		year={2022}
	}
	@article{maggiordomo2020real,
		title={Real-world textured things: A repository of textured models generated with modern photo-reconstruction tools},
		author={Maggiordomo, Andrea and Ponchio, Federico and Cignoni, Paolo and Tarini, Marco},
		journal={Comput. Aided Geometric Des.},
		volume={83},
		pages={101943},
		year={2020},
		publisher={Elsevier}
	}
	@article{AVS,
		title={3D Static Mesh Dataset v1.0},
		author={Qi Yang},
		journal={AVS-Doc, N3736},
		year={ 2023.}
	}
	@article{30,
		title = {8i Voxelized Full Bodies-a Voxelized Point Cloud Dataset},
		author = {{d'Eon}, Eugene and Harrison, Bob and Myers, Taos and Chou, Philip A.},
		year = { 2017},
		journal = { ISO/IEC JTC1/SC29 Joint WG11/WG1 (MPEG/JPEG) Doc. WG11M40059/WG1M74006,},
	}
	
	
	
	@article{32,
		title = {Microsoft Voxelized Upper Bodies-a Voxelized Point Cloud Dataset},
		author = {Loop, Charles and Cai, Qin and Escolano, S Orts and Chou, Philip A},
		year = {2016},
		journal = {ISO/IEC JTC1/SC29 Joint WG11/WG1 (MPEG/JPEG) Doc. m38673/M72012,},
	}
	@inproceedings{31,
		title = {Owlii {{Dynamic}} Human Mesh Sequence Dataset},
		booktitle = {{{ISO}}/{{IEC JTC1}}/{{SC29}}/{{WG11}} Doc.M41658},
		author = {Xu, Yi and Lu, Yao and Wen, Ziyu},
		year = {2017},
	}
	@article{krivokuca20188i,
		title = {8i Voxelized Surface Light Field ({{8iVSLF}}) Dataset},
		author = {Krivokuca, Maja and Chou, Philip A and Savill, Patrick},
		year = {  2018},
		journal = {ISO/IEC JTC1/SC29/WG11 MPEG, Doc. m42914}
	}
	@article{pages2021volograms,
		title={Volograms \& V-SENSE Volumetric Video Dataset},
		author={Pag{\'e}s, Rafael and Amplianitis, Konstantinos and Ondrej, Jan and Zerman, Emin and Smolic, Aljosa},
		journal={ISO/IEC JTC1/SC29/WG07 Doc.MPEG2021/m56767},
		year={  2021}
	}
	@ARTICLE{10337742,
		author={Zhang, Yujie and Yang, Qi and Zhou, Yifei and Xu, Xiaozhong and Yang, Le and Xu, Yiling},
		journal={IEEE Trans. Vis. Comput. Graph.},
		title={TCDM: Transformational Complexity Based Distortion Metric for Perceptual Point Cloud Quality Assessment},
		year={2023},
		volume={},
		number={},
		pages={1-18},
		keywords={Measurement;Point cloud compression;Complexity theory;Distortion;Three-dimensional displays;Quality assessment;Feature extraction;Point cloud quality assessment;image quality assessment;predictive coding;vector autoregressive model},
		doi={10.1109/TVCG.2023.3338359}}
@ARTICLE{9306905,
	author={Yang, Qi and Ma, Zhan and Xu, Yiling and Li, Zhu and Sun, Jun},
	journal={IEEE Trans. Pattern Anal. Mach. Intell.},
	title={Inferring Point Cloud Quality via Graph Similarity},
	year={2022},
	volume={44},
	number={6},
	pages={3015-3029},
	keywords={Three-dimensional displays;Color;Measurement;Geometry;Image color analysis;Visualization;Two dimensional displays;Objective quality assessment;human perception;graph signal processing;point cloud},
	doi={10.1109/TPAMI.2020.3047083}}
@article{Zhang2021MSGraphSIMIP,
		title={MS-GraphSIM: Inferring Point Cloud Quality via Multiscale Graph Similarity},
		author={Yujie Zhang and Qi Yang and Yiling Xu},
		journal=ACMMM,
				year={2021}
	}
	
	
	
	

	@article{zhang2021deep,
		title={Deep learning based just noticeable difference and perceptual quality prediction models for compressed video},
		author={Zhang, Yun and Liu, Huanhua and Yang, You and Fan, Xiaoping and Kwong, Sam and Kuo, CC Jay},
		journal={IEEE Trans. Circuits Syst. Video Technol.},
		volume={32},
		number={3},
		pages={1197--1212},
		year={2021},
		publisher={IEEE}
	}
	@ARTICLE{10283855,
		author={Hao, Tianxiang and Ding, Xiaohan and Han, Jungong and Guo, Yuchen and Ding, Guiguang},
		journal={IEEE Trans. Neural Netw.
		Learn. Syst},
		title={Manipulating Identical Filter Redundancy for Efficient Pruning on Deep and Complicated CNN},
		year={2023},
		volume={},
		number={},
		pages={1-14},
		keywords={Redundancy;Information filters;Training;Measurement;Convolutional neural networks;Neural networks;Kernel;Channel pruning;convolutional neural network (CNN);deep learning;filter pruning;model compression},
		doi={10.1109/TNNLS.2023.3298263}}

	@INPROCEEDINGS{10317255,
		author={Lin, Tzu-Po and Yim, Monyneath and Chiang, Jui-Chiu and Peng, Wen-Hsiao and Lie, Wen-Nung},
		booktitle={2023 Asia Pacific Signal and Information Processing Association Annual Summit and Conference (APSIPA ASC)},
		title={Sparse Tensor-based point cloud attribute compression using Augmented Normalizing Flows},
		year={2023},
		volume={},
		number={},
		pages={1739-1744},
		keywords={Point cloud compression;Convolutional codes;Tensors;Runtime;Convolution;Bit rate;Information processing},
		doi={10.1109/APSIPAASC58517.2023.10317255}}
		
@ARTICLE{10693649,
	author={Guo, Zixi and Zhang, Yun and Zhu, Linwei and Wang, Hanli and Jiang, Gangyi},
	journal={IEEE Trans. Broadcast.},
	title={{TSC-PCAC}: Voxel Transformer and Sparse Convolution-Based Point Cloud Attribute Compression for 3D Broadcasting},
	year={2024},
	volume={},
	number={},
	pages={1-13},
	}
