@inproceedings{11,
	title={4d spatio-temporal convnets: Minkowski convolutional neural networks},
	author={Choy, Christopher and Gwak, JunYoung and Savarese, Silvio},
	booktitle={Proceedings of the IEEE/CVF Conference on Computer Vision and Pattern Recognition},
	pages={3075--3084},
	year={2019}
}

@article{12,
	title={Joint graph attention and asymmetric convolutional neural network for deep image compression},
	author={Tang, Zhisen and Wang, Hanli and Yi, Xiaokai and Zhang, Yun and Kwong, Sam and Kuo, C-C Jay},
	journal={IEEE Transactions on Circuits and Systems for Video Technology},
	volume={33},
	number={1},
	pages={421--433},
	year={2022},
	publisher={IEEE}
}

@inproceedings{17,
	title={NF-PCAC: Normalizing Flow based Point Cloud Attribute Compression},
	author={Pinheiro, Rodrigo B and Marvie, Jean-Eudes and Valenzise, Giuseppe and Dufaux, Fr{\'e}d{\'e}ric},
	booktitle={ICASSP 2023-2023 IEEE International Conference on Acoustics, Speech and Signal Processing (ICASSP)},
	pages={1--5},
	year={2023},
	organization={IEEE}
}

@inproceedings{4,
	title={Multiscale point cloud geometry compression},
	author={Wang, Jianqiang and Ding, Dandan and Li, Zhu and Ma, Zhan},
	booktitle={2021 Data Compression Conference (DCC)},
	pages={73--82},
	year={2021},
	organization={IEEE}
}

@inproceedings{5,
	title={Point cloud geometry compression via neural graph sampling},
	author={Gao, Linyao and Fan, Tingyu and Wan, Jianqiang and Xu, Yiling and Sun, Jun and Ma, Zhan},
	booktitle={2021 IEEE International Conference on Image Processing (ICIP)},
	pages={3373--3377},
	year={2021},
	organization={IEEE}
}

@article{7,
	title={Deep-pcac: An end-to-end deep lossy compression framework for point cloud attributes},
	author={Sheng, Xihua and Li, Li and Liu, Dong and Xiong, Zhiwei and Li, Zhu and Wu, Feng},
	journal={IEEE Transactions on Multimedia},
	volume={24},
	pages={2617--2632},
	year={2021},
	publisher={IEEE}
}

@inproceedings{8,
	title={Sparse tensor-based point cloud attribute compression},
	author={Wang, Jianqiang and Ma, Zhan},
	booktitle={2022 IEEE 5th International Conference on Multimedia Information Processing and Retrieval (MIPR)},
	pages={59--64},
	year={2022},
	organization={IEEE}
}

@INPROCEEDINGS{fang20223dac,
	author={Fang, Guangchi and Hu, Qingyong and Wang, Hanyun and Xu, Yiling and Guo, Yulan},
	booktitle={2022 IEEE/CVF Conference on Computer Vision and Pattern Recognition (CVPR)}, 
	title={3DAC: Learning Attribute Compression for Point Clouds}, 
	year={2022},
	volume={},
	number={},
	pages={14799-14808},
	doi={10.1109/CVPR52688.2022.01440}}

@inproceedings{huang20193d,
	title={3d point cloud geometry compression on deep learning},
	author={Huang, Tianxin and Liu, Yong},
	booktitle={Proceedings of the 27th ACM international conference on multimedia},
	pages={890--898},
	year={2019}
}

@article{mammou2017video,
	title={Video-based and hierarchical approaches point cloud compression},
	author={Mammou, Khaled and Tourapis, Alexis M and Singer, David and Su, Yeping},
	journal={Document ISO/IEC JTC1/SC29/WG11 m41649, Macau, China},
	year={2017}
}

@article{mammou2019g,
	title={G-PCC codec description v2},
	author={Mammou, Khaled and Chou, Philip A and Flynn, David and Krivoku{\'c}a, Maja and Nakagami, Ohji and Sugio, Toshiyasu},
	journal={ISO/IEC JTC1/SC29/WG11 N},
	volume={18189},
	pages={2019},
	year={2019}
}

@article{nguyen2023lossless,
	title={Lossless Point Cloud Geometry and Attribute Compression Using a Learned Conditional Probability Model},
	author={Nguyen, Dat Thanh and Kaup, Andr{\'e}},
	journal={IEEE Transactions on Circuits and Systems for Video Technology},
	year={2023},
	publisher={IEEE}
}

@ARTICLE{song2023block,
	author={Song, Fei and Li, Ge and Yang, Xiaodong and Gao, Wei and Liu, Shan},
	journal={IEEE Transactions on Circuits and Systems for Video Technology}, 
	title={Block-Adaptive Point Cloud Attribute Coding With Region-Aware Optimized Transform}, 
	year={2023},
	volume={33},
	number={8},
	pages={4294-4308},
	doi={10.1109/TCSVT.2023.3235891}}

@inproceedings{wang2023lossless,
	title={Lossless Point Cloud Attribute Compression Using Cross-scale, Cross-group, and Cross-color Prediction},
	author={Wang, Jianqiang and Ding, Dandan and Ma, Zhan},
	booktitle={2023 Data Compression Conference (DCC)},
	pages={228--237},
	year={2023},
	organization={IEEE}
}

