@misc{who2023dementia,
  title        = {{D}ementia {F}act {S}heet},
  author       = {{W}orld {H}ealth {O}rganization ({WHO})},
  year         = {2023},
  month        = {mar},
  day          = {15},
  url          = {https://who.int/news-room/fact-sheets/detail/dementia},
  note         = {Accessed: 2025-02-01}
}

@article{scheltens2021alzheimer,
  title        = {{A}lzheimer's {D}isease},
  author       = {Scheltens, Philip and De Strooper, Bart and Kivipelto, Miia and Holstege, Henne and Ch{\'e}telat, Gael and Teunissen, Charlotte E. and Cummings, Jeffrey and van der Flier, Wiesje M.},
  year         = {2021},
  journal      = {{T}he {L}ancet},
  publisher    = {Elsevier},
  volume       = {397},
  number       = {10284},
  pages        = {1577--1590},
  doi          = {10.1016/S0140-6736(20)32205-4},
  issn         = {0140-6736}
}

@article{masters2015alzheimer,
  title        = {{A}lzheimer's {D}isease},
  author       = {Masters, Colin L. and Bateman, Randall and Blennow, Kaj and Rowe, Christopher C. and Sperling, Reisa A. and Cummings, Jeffrey L.},
  year         = {2015},
  month        = {oct},
  day          = {15},
  journal      = {{N}ature {R}eviews {D}isease {P}rimers},
  publisher    = {{N}ature {P}ublishing {G}roup},
  volume       = {1},
  number       = {1},
  pages        = {15056},
  doi          = {10.1038/nrdp.2015.56},
  issn         = {2056-676X}
}

@article{jack2018nia,
  title        = {{NIA}-{AA} {R}esearch {F}ramework: {T}oward a {B}iological {D}efinition of {A}lzheimer's {D}isease},
  author       = {Jack Jr., Clifford R. and Bennett, David A. and Blennow, Kaj and Carrillo, Maria C. and Dunn, Billy and Haeberlein, Samantha Budd and Holtzman, David M. and Jagust, William and Jessen, Frank and Karlawish, Jason and Liu, Enchi and Molinuevo, Jose Luis and Montine, Thomas and Phelps, Creighton and Rankin, Katherine P. and Rowe, Christopher C. and Scheltens, Philip and Siemers, Eric and Snyder, Heather M. and Sperling, Reisa and Contributors and Elliott, Cerise and Masliah, Eliezer and Ryan, Laurie and Silverberg, Nina},
  year         = {2018},
  month        = {apr},
  day          = {01},
  journal      = {{A}lzheimer's \& {D}ementia},
  publisher    = {Wiley {O}nline {L}ibrary},
  volume       = {14},
  number       = {4},
  pages        = {535--562},
  doi          = {10.1016/j.jalz.2018.02.018}
}

@article{weiner2013alzheimer,
  title        = {{T}he {A}lzheimer's {D}isease {N}euroimaging {I}nitiative: {A} {R}eview of {P}apers {P}ublished {S}ince its {I}nception},
  author       = {Weiner, Michael W. and Veitch, Dallas P. and Aisen, Paul S. and Beckett, Laurel A. and Cairns, Nigel J. and Green, Robert C. and Harvey, Danielle and Jack, Clifford R. and Jagust, William and Liu, Enchi and Morris, John C. and Petersen, Ronald C. and Saykin, Andrew J. and Schmidt, Mark E. and Shaw, Leslie and Shen, Li and Siuciak, Judith A. and Soares, Holly and Toga, Arthur W. and Trojanowski, John Q.},
  year         = {2013},
  journal      = {{A}lzheimer's \& {D}ementia},
  publisher    = {Elsevier},
  volume       = {9},
  number       = {5},
  pages        = {e111--e194},
  doi          = {10.1016/j.jalz.2013.05.1769},
  issn         = {1552-5260}
}

@article{menagadevi2024machine,
  title        = {{M}achine and {D}eep {L}earning {A}pproaches for {A}lzheimer {D}isease {D}etection {U}sing {M}agnetic {R}esonance {I}mages: {A}n {U}pdated {R}eview},
  author       = {Menagadevi, M. and Devaraj, Somasundaram and Madian, Nirmala and Thiyagarajan, D.},
  year         = {2024},
  journal      = {{M}easurement},
  publisher    = {Elsevier},
  pages        = {114100},
  doi          = {10.1016/j.measurement.2023.114100},
  issn         = {0263-2241}
}

@article{illakiya2023automatic,
  title        = {{A}utomatic {D}etection of {A}lzheimer's {D}isease {U}sing {D}eep {L}earning {M}odels and {N}euro-{I}maging: {C}urrent {T}rends and {F}uture {P}erspectives},
  author       = {Illakiya, T. and Karthik, R.},
  year         = {2023},
  month        = {apr},
  day          = {01},
  journal      = {{N}euroinformatics},
  publisher    = {Springer},
  volume       = {21},
  number       = {2},
  pages        = {339--364},
  doi          = {10.1007/s12021-023-09625-7},
  issn         = {1559-0089}
}

@article{yao2023artificial,
  title        = {{A}rtificial {I}ntelligence-{B}ased {D}iagnosis of {A}lzheimer's {D}isease with {B}rain {MRI} {I}mages},
  author       = {Yao, Zhaomin and Wang, Hongyu and Yan, Wencheng and Wang, Zheling and Zhang, Wenwen and Wang, Zhiguo and Zhang, Guoxu},
  year         = {2023},
  journal      = {{E}uropean {J}ournal of {R}adiology},
  publisher    = {Elsevier},
  volume       = {165},
  pages        = {110934},
  doi          = {10.1016/j.ejrad.2023.110934},
  issn         = {0720-048X}
}

@article{chow2016correlation,
  title        = {{C}orrelation {B}etween {S}ubjective and {O}bjective {A}ssessment of {M}agnetic {R}esonance ({MR}) {I}mages},
  author       = {Chow, Li Sze and Rajagopal, Heshalini and Paramesran, Raveendran and Alzheimer's Disease Neuroimaging Initiative and others},
  year         = {2016},
  journal      = {{M}agnetic {R}esonance {I}maging},
  publisher    = {Elsevier},
  volume       = {34},
  number       = {6},
  pages        = {820--831},
  doi          = {10.1016/j.mri.2016.03.006},
  issn         = {0730-725X}
}

@inproceedings{holzinger2018machine,
  title        = {{F}rom {M}achine {L}earning to {E}xplainable {AI}},
  author       = {Holzinger, Andreas},
  year         = {2018},
  booktitle    = {2018 {W}orld {S}ymposium on {D}igital {I}ntelligence for {S}ystems and {M}achines ({DISA})},
  pages        = {55--66},
  doi          = {10.1109/DISA.2018.8490530},
  organization = {IEEE}
}

@article{amann2020explainability,
  title        = {{E}xplainability for {A}rtificial {I}ntelligence in {H}ealthcare: {A} {M}ultidisciplinary {P}erspective},
  author       = {Amann, Julia and Blasimme, Alessandro and Vayena, Effy and Frey, Dietmar and Madai, Vince I. and {P}recise4{Q} {C}onsortium},
  year         = {2020},
  month        = {nov},
  day          = {30},
  journal      = {{BMC} {M}edical {I}nformatics and {D}ecision {M}aking},
  publisher    = {Springer},
  volume       = {20},
  number       = {1},
  pages        = {310},
  doi          = {10.1186/s12911-020-01332-6},
  issn         = {1472-6947}
}

@article{sadeghi2024review,
  title        = {{A} {R}eview of {E}xplainable {A}rtificial {I}ntelligence in {H}ealthcare},
  author       = {Sadeghi, Zahra and Alizadehsani, Roohallah and CIFCI, Mehmet Akif and Kausar, Samina and Rehman, Rizwan and Mahanta, Priyakshi and Bora, Pranjal Kumar and Almasri, Ammar and Alkhawaldeh, Rami S. and Hussain, Sadiq and others},
  year         = {2024},
  journal      = {{C}omputers and {E}lectrical {E}ngineering},
  publisher    = {Elsevier},
  volume       = {118},
  pages        = {109370},
  doi          = {10.1016/j.compeleceng.2024.109370},
  issn         = {0045-7906}
}

@inproceedings{molnar2020interpretable,
  title        = {{I}nterpretable {M}achine {L}earning--{A} {B}rief {H}istory, {S}tate-of-the-{A}rt, and {C}hallenges},
  author       = {Molnar, Christoph and Casalicchio, Giuseppe and Bischl, Bernd},
  year         = {2020},
  booktitle    = {Joint {E}uropean {C}onference on {M}achine {L}earning and {K}nowledge {D}iscovery in {D}atabases},
  publisher    = {Springer {I}nternational {P}ublishing},
  address      = {Cham},
  pages        = {417--431},
  doi          = {10.1007/978-3-030-65965-3_28},
  isbn         = {978-3-030-65965-3},
  organization = {Springer}
}

@article{ghassemi2021false,
  title        = {{T}he {F}alse {H}ope of {C}urrent {A}pproaches to {E}xplainable {A}rtificial {I}ntelligence in {H}ealthcare},
  author       = {Ghassemi, Marzyeh and Oakden-Rayner, Luke and Beam, Andrew L.},
  year         = {2021},
  month        = {nov},
  day          = {01},
  journal      = {{T}he {L}ancet {D}igital {H}ealth},
  publisher    = {Elsevier},
  volume       = {3},
  number       = {11},
  pages        = {e745--e750},
  doi          = {10.1016/S2589-7500(21)00208-9},
  issn         = {2589-7500}
}

@article{tjoa2020survey,
  title        = {{A} {S}urvey on {E}xplainable {A}rtificial {I}ntelligence ({XAI}): {T}oward {M}edical {XAI}},
  author       = {Tjoa, Erico and Guan, Cuntai},
  year         = {2020},
  journal      = {{IEEE} {T}ransactions on {N}eural {N}etworks and {L}earning {S}ystems},
  publisher    = {IEEE},
  volume       = {32},
  number       = {11},
  pages        = {4793--4813},
  doi          = {10.1109/TNNLS.2020.3027314}
}

@article{mckinney2020international,
  title        = {{I}nternational {E}valuation of an {AI} {S}ystem for {B}reast {C}ancer {S}creening},
  author       = {McKinney, Scott Mayer and Sieniek, Marcin and Godbole, Varun and Godwin, Jonathan and Antropova, Natasha and Ashrafian, Hutan and Back, Trevor and Chesus, Mary and Corrado, Greg S. and Darzi, Ara and Etemadi, Mozziyar and Garcia-Vicente, Florencia and Gilbert, Fiona J. and Halling-Brown, Mark and Hassabis, Demis and Jansen, Sunny and Karthikesalingam, Alan and Kelly, Christopher J. and King, Dominic and Ledsam, Joseph R. and Melnick, David and Mostofi, Hormuz and Peng, Lily and Reicher, Joshua Jay and Romera-Paredes, Bernardino and Sidebottom, Richard and Suleyman, Mustafa and Tse, Daniel and Young, Kenneth C. and De Fauw, Jeffrey and Shetty, Shravya},
  year         = {2020},
  month        = {jan},
  day          = {01},
  journal      = {{N}ature},
  publisher    = {{N}ature {P}ublishing {G}roup {UK} {L}ondon},
  volume       = {577},
  number       = {7788},
  pages        = {89--94},
  doi          = {10.1038/s41586-019-1799-6},
  issn         = {1476-4687}
}

@article{wysocki2023assessing,
  title        = {{A}ssessing the {C}ommunication {G}ap {B}etween {AI} {M}odels and {H}ealthcare {P}rofessionals: {E}xplainability, {U}tility, and {T}rust in {AI}-{D}riven {C}linical {D}ecision-{M}aking},
  author       = {Wysocki, Oskar and Davies, Jessica Katharine and Vigo, Markel and Armstrong, Anne Caroline and Landers, D{\'o}nal and Lee, Rebecca and Freitas, Andr{\'e}},
  year         = {2023},
  journal      = {{A}rtificial {I}ntelligence},
  publisher    = {Elsevier},
  volume       = {316},
  pages        = {103839},
  doi          = {10.1016/j.artint.2022.103839},
  issn         = {0004-3702}
}

@article{warren2023functional,
  title        = {{F}unctional {M}agnetic {R}esonance {I}maging, {D}eep {L}earning, and {A}lzheimer's {D}isease: {A} {S}ystematic {R}eview},
  author       = {Warren, Samuel L. and Moustafa, Ahmed A.},
  year         = {2023},
  journal      = {{J}ournal of {N}euroimaging},
  publisher    = {Wiley {O}nline {L}ibrary},
  volume       = {33},
  number       = {1},
  pages        = {5--18},
  doi          = {10.1111/jon.13063}
}

@article{kaur2024systematic,
  title        = {{A} {S}ystematic {L}iterature {R}eview on the {S}ignificance of {D}eep {L}earning and {M}achine {L}earning in {P}redicting {A}lzheimer's {D}isease},
  author       = {Kaur, Arshdeep and Mittal, Meenakshi and Bhatti, Jasvinder Singh and Thareja, Suresh and Singh, Satwinder},
  year         = {2024},
  journal      = {{A}rtificial {I}ntelligence in {M}edicine},
  publisher    = {Elsevier},
  volume       = {154},
  pages        = {102928},
  doi          = {10.1016/j.artmed.2024.102928},
  issn         = {0933-3657}
}

@article{ebrahimighahnavieh2020deep,
  title        = {{D}eep {L}earning to {D}etect {A}lzheimer's {D}isease from {N}euroimaging: {A} {S}ystematic {L}iterature {R}eview},
  author       = {Ebrahimighahnavieh, Mr Amir and Luo, Suhuai and Chiong, Raymond},
  year         = {2020},
  journal      = {{C}omputer {M}ethods and {P}rograms in {B}iomedicine},
  publisher    = {Elsevier},
  volume       = {187},
  pages        = {105242},
  doi          = {10.1016/j.cmpb.2019.105242},
  issn         = {0169-2607}
}

@article{fathi2022early,
  title        = {{E}arly {D}iagnosis of {A}lzheimer's {D}isease {B}ased on {D}eep {L}earning: {A} {S}ystematic {R}eview},
  author       = {Fathi, Sina and Ahmadi, Maryam and Dehnad, Afsaneh},
  year         = {2022},
  journal      = {{C}omputers in {B}iology and {M}edicine},
  publisher    = {Elsevier},
  volume       = {146},
  pages        = {105634},
  doi          = {10.1016/j.compbiomed.2022.105634},
  issn         = {0010-4825}
}

@article{frizzell2022artificial,
  title        = {{A}rtificial {I}ntelligence in {B}rain {MRI} {A}nalysis of {A}lzheimer’s {D}isease over the {P}ast 12 {Y}ears: {A} {S}ystematic {R}eview},
  author       = {Frizzell, Tory O. and Glashutter, Margit and Liu, Careesa C. and Zeng, An and Pan, Dan and Hajra, Sujoy Ghosh and D’Arcy, Ryan CN and Song, Xiaowei},
  year         = {2022},
  journal      = {{A}geing {R}esearch {R}eviews},
  publisher    = {Elsevier},
  volume       = {77},
  pages        = {101614},
  doi          = {10.1016/j.arr.2022.101614},
  issn         = {1568-1637}
}

@article{de2020explainable,
  title        = {{E}xplainable {AI}: {A} {H}ybrid {A}pproach to {G}enerate {H}uman-{I}nterpretable {E}xplanations for {D}eep {L}earning {P}rediction},
  author       = {De, Tanusree and Giri, Prasenjit and Mevawala, Ahmeduvesh and Nemani, Ramyasri and Deo, Arati},
  year         = {2020},
  journal      = {{P}rocedia {C}omputer {S}cience},
  publisher    = {Elsevier},
  volume       = {168},
  pages        = {40--48},
  doi          = {10.1016/j.procs.2020.02.255},
  issn         = {1877-0509},
  note         = {``{C}omplex {A}daptive {S}ystems'', {M}alvern, {P}ennsylvania, {N}ovember 13-15, 2019}
}

@article{borys2023explainable,
  title        = {{E}xplainable {AI} in {M}edical {I}maging: {A}n {O}verview for {C}linical {P}ractitioners--{B}eyond {S}aliency-{B}ased {XAI} {A}pproaches},
  author       = {Borys, Katarzyna and Schmitt, Yasmin Alyssa and Nauta, Meike and Seifert, Christin and Kr{\"a}mer, Nicole and Friedrich, Christoph M. and Nensa, Felix},
  year         = {2023},
  journal      = {{E}uropean {J}ournal of {R}adiology},
  publisher    = {Elsevier},
  volume       = {162},
  pages        = {110786},
  doi          = {10.1016/j.ejrad.2023.110786},
  issn         = {0720-048X}
}

@article{wollek2023attention,
  title        = {{A}ttention-{B}ased {S}aliency {M}aps {I}mprove {I}nterpretability of {P}neumothorax {C}lassification},
  author       = {Wollek, Alessandro and Graf, Robert and {\v{C}}e{\v{c}}atka, Sa{\v{s}}a and Fink, Nicola and Willem, Theresa and Sabel, Bastian O. and Lasser, Tobias},
  year         = {2023},
  journal      = {{R}adiology: {A}rtificial {I}ntelligence},
  publisher    = {Radiological {S}ociety of {N}orth {A}merica},
  volume       = {5},
  number       = {2},
  pages        = {e220187},
  doi          = {10.1148/ryai.220187},
  note         = {PMID: 37035429}
}

@inproceedings{zhao2021baylime,
  title        = {{B}aylime: {B}ayesian {L}ocal {I}nterpretable {M}odel-{A}gnostic {E}xplanations},
  author       = {Zhao, Xingyu and Huang, Wei and Huang, Xiaowei and Robu, Valentin and Flynn, David},
  year         = {2021},
  month        = {jul},
  booktitle    = {{P}roceedings of the {T}hirty-{S}eventh {C}onference on {U}ncertainty in {A}rtificial {I}ntelligence},
  publisher    = {PMLR},
  series       = {{P}roceedings of {M}achine {L}earning {R}esearch},
  volume       = {161},
  pages        = {887--896}
}

@article{lundberg2020local,
  title        = {{F}rom {L}ocal {E}xplanations to {G}lobal {U}nderstanding with {E}xplainable {AI} for {T}rees},
  author       = {Lundberg, Scott M and Erion, Gabriel and Chen, Hugh and DeGrave, Alex and Prutkin, Jordan M and Nair, Bala and Katz, Ronit and Himmelfarb, Jonathan and Bansal, Nisha and Lee, Su-In},
  year         = {2020},
  month        = {jan},
  day          = {01},
  journal      = {{N}ature {M}achine {I}ntelligence},
  publisher    = {Nature Publishing Group},
  volume       = {2},
  number       = {1},
  pages        = {56--67},
  doi          = {10.1038/s42256-019-0138-9},
  issn         = {2522-5839}
}

@inproceedings{scott2017unified,
  title        = {{A} {U}nified {A}pproach to {I}nterpreting {M}odel {P}redictions},
  author       = {Lundberg, Scott M and Lee, Su-In},
  year         = {2017},
  booktitle    = {{P}roceedings of the 31st {I}nternational {C}onference on {N}eural {I}nformation {P}rocessing {S}ystems},
  location     = {Long Beach, California, USA},
  publisher    = {Curran Associates, Inc},
  address      = {Red Hook, NY, USA},
  series       = {{NIPS}'17},
  volume       = {30},
  pages        = {4765--4774},
  isbn         = {9781510860964}
}

@article{arrieta2020explainable,
  title        = {{E}xplainable {A}rtificial {I}ntelligence ({XAI}): {C}oncepts, {T}axonomies, {O}pportunities and {C}hallenges {T}oward {R}esponsible {AI}},
  author       = {Arrieta, Alejandro Barredo and D{\'\i}az-Rodr{\'\i}guez, Natalia and Del Ser, Javier and Bennetot, Adrien and Tabik, Siham and Barbado, Alberto and Garc{\'\i}a, Salvador and Gil-L{\'o}pez, Sergio and Molina, Daniel and Benjamins, Richard and Chatila, Raja and Herrera, Francisco},
  year         = {2020},
  journal      = {{I}nformation {F}usion},
  publisher    = {Elsevier},
  volume       = {58},
  pages        = {82--115},
  doi          = {10.1016/j.inffus.2019.12.012},
  issn         = {1566-2535}
}

@article{ching2018opportunities,
  title        = {{O}pportunities and {O}bstacles for {D}eep {L}earning in {B}iology and {M}edicine},
  author       = {Ching, Travers and Himmelstein, Daniel S. and Beaulieu-Jones, Brett K. and Kalinin, Alexandr A. and Do, Brian T. and Way, Gregory P. and Ferrero, Enrico and Agapow, Paul-Michael and Zietz, Michael and Hoffman, Michael M. and Xie, Wei and Rosen, Gail L. and Lengerich, Benjamin J. and Israeli, Johnny and Lanchantin, Jack and Woloszynek, Stephen and Carpenter, Anne E. and Shrikumar, Avanti and Xu, Jinbo and Cofer, Evan M. and Lavender, Christopher A. and Turaga, Srinivas C. and Alexandari, Amr M. and Lu, Zhiyong and Harris, David J. and DeCaprio, Dave and Qi, Yanjun and Kundaje, Anshul and Peng, Yifan and Wiley, Laura K. and Segler, Marwin H. S. and Boca, Simina M. and Swamidass, S. Joshua and Huang, Austin and Gitter, Anthony and Greene, Casey S.},
  year         = {2018},
  journal      = {{J}ournal of the {R}oyal {S}ociety {I}nterface},
  publisher    = {The Royal Society},
  volume       = {15},
  number       = {141},
  pages        = {20170387},
  doi          = {10.1098/rsif.2017.0387}
}

@misc{oldzhang2025biomedclip,
  title        = {{B}iomed{CLIP}: {A} {M}ultimodal {B}iomedical {F}oundation {M}odel {P}retrained from {F}ifteen {M}illion {S}cientific {I}mage-{T}ext {P}airs},
  author       = {Zhang, Sheng and Xu, Yanbo and Usuyama, Naoto and Xu, Hanwen and Bagga, Jaspreet and Tinn, Robert and Preston, Sam and Rao, Rajesh and Wei, Mu and Valluri, Naveen and Wong, Cliff and Tupini, Andrea and Wang, Yu and Mazzola, Matt and Shukla, Swadheen and Liden, Lars and Gao, Jianfeng and Crabtree, Angela and Piening, Brian and Bifulco, Carlo and Lungren, Matthew P. and Naumann, Tristan and Wang, Sheng and Poon, Hoifung},
  year         = {2025},
  url          = {https://arxiv.org/abs/2303.00915},
  eprint       = {2303.00915},
  archivePrefix = {arXiv},
  primaryClass = {cs.CV}
}

@article{zhang2024biomedclip,
  title        = {{A} {M}ultimodal {B}iomedical {F}oundation {M}odel {T}rained from {F}ifteen {M}illion {I}mage–{T}ext {P}airs},
  author       = {Zhang, Sheng and Xu, Yanbo and Usuyama, Naoto and Xu, Hanwen and Bagga, Jaspreet and Tinn, Robert and Preston, Sam and Rao, Rajesh and Wei, Mu and Valluri, Naveen and Wong, Cliff and Tupini, Andrea and Wang, Yu and Mazzola, Matt and Shukla, Swadheen and Liden, Lars and Gao, Jianfeng and Crabtree, Angela and Piening, Brian and Bifulco, Carlo and Lungren, Matthew P. and Naumann, Tristan and Wang, Sheng and Poon, Hoifung},
  year         = {2024},
  journal      = {{NEJM} {AI}},
  volume       = {2},
  number       = {1},
  doi          = {10.1056/AIoa2400640}
}

@inproceedings{wang2022medclip,
  title        = {{M}ed{CLIP}: {C}ontrastive {L}earning from {U}npaired {M}edical {I}mages and {T}ext},
  author       = {Wang, Zifeng and Wu, Zhenbang and Agarwal, Dinesh and Sun, Jimeng},
  year         = {2022},
  month        = {dec},
  booktitle    = {{P}roceedings of the 2022 {C}onference on {E}mpirical {M}ethods in {N}atural {L}anguage {P}rocessing},
  publisher    = {Association for Computational Linguistics},
  address      = {Abu Dhabi, United Arab Emirates},
  pages        = {3876--3887},
  doi          = {10.18653/v1/2022.emnlp-main.256}
}

@inproceedings{zhang2022contrastive,
  title        = {{C}ontrastive {L}earning of {M}edical {V}isual {R}epresentations from {P}aired {I}mages and {T}ext},
  author       = {Zhang, Yuhao and Jiang, Hang and Miura, Yasuhide and Manning, Christopher D. and Langlotz, Curtis P.},
  year         = {2022},
  month        = {aug},
  booktitle    = {{P}roceedings of the 7th {M}achine {L}earning for {H}ealthcare {C}onference},
  series       = {{P}roceedings of {M}achine {L}earning {R}esearch},
  volume       = {182},
  pages        = {2--25},
  organization = {PMLR}
}

@article{abdulazeem2021cnn,
  title        = {{A} {CNN}-{B}ased {F}ramework for {C}lassification of {A}lzheimer’s {D}isease},
  author       = {AbdulAzeem, Yousry and Bahgat, Waleed M. and Badawy, Mahmoud},
  year         = {2021},
  month        = {aug},
  day          = {01},
  journal      = {{N}eural {C}omputing and {A}pplications},
  publisher    = {Springer},
  volume       = {33},
  number       = {16},
  pages        = {10415--10428},
  doi          = {10.1007/s00521-021-05799-w},
  issn         = {1433-3058}
}

@inproceedings{farooq2017deep,
  title        = {{A} {D}eep {CNN}-{B}ased {M}ulti-{C}lass {C}lassification of {A}lzheimer's {D}isease using {MRI}},
  author       = {Farooq, Ammarah and Anwar, Syed Muhammad and Awais, Muhammad and Rehman, Saad},
  year         = {2017},
  booktitle    = {{2017 IEEE} {I}nternational {C}onference on {I}maging {S}ystems and {T}echniques ({IST})},
  pages        = {1--6},
  doi          = {10.1109/IST.2017.8261460},
  organization = {IEEE}
}

@article{khagi20203d,
  title        = {{3D CNN} {D}esign for the {C}lassification of {A}lzheimer’s {D}isease using {B}rain {MRI} and {PET}},
  author       = {Khagi, Bijen and Kwon, Goo-Rak},
  year         = {2020},
  journal      = {{IEEE} {A}ccess},
  publisher    = {IEEE},
  volume       = {8},
  pages        = {217830--217847},
  doi          = {10.1109/ACCESS.2020.3040486}
}

@article{folego2020alzheimer,
  title        = {{A}lzheimer's {D}isease {D}etection through {W}hole-{B}rain {3D}-{CNN} {MRI}},
  author       = {Folego, Guilherme and Weiler, Marina and Casseb, Raphael F. and Pires, Ramon and Rocha, Anderson},
  year         = {2020},
  journal      = {{F}rontiers in {B}ioengineering and {B}iotechnology},
  publisher    = {Frontiers Media SA},
  volume       = {8},
  pages        = {534592},
  doi          = {10.3389/fbioe.2020.534592},
  issn         = {2296-4185}
}

@article{el2024novel,
  title        = {{A} {N}ovel {CNN} {A}rchitecture for {A}ccurate {E}arly {D}etection and {C}lassification of {A}lzheimer’s {D}isease using {MRI} {D}ata},
  author       = {El-Assy, A. M. and Amer, Hanan M. and Ibrahim, H. M. and Mohamed, M. A.},
  year         = {2024},
  month        = {feb},
  day          = {12},
  journal      = {{S}cientific {R}eports},
  publisher    = {Nature Publishing Group UK London},
  volume       = {14},
  number       = {1},
  pages        = {3463},
  doi          = {10.1038/s41598-024-53733-6},
  issn         = {2045-2322}
}

@article{hu2023conv,
  title        = {{C}onv-{S}winformer: {I}ntegration of {CNN} and {S}hift {W}indow {A}ttention for {A}lzheimer’s {D}isease {C}lassification},
  author       = {Hu, Zhentao and Li, Yanyang and Wang, Zheng and Zhang, Shuo and Hou, Wei and Alzheimer's Disease Neuroimaging Initiative and others},
  year         = {2023},
  journal      = {{C}omputers in {B}iology and {M}edicine},
  publisher    = {Elsevier},
  volume       = {164},
  pages        = {107304},
  doi          = {10.1016/j.compbiomed.2023.107304},
  issn         = {0010-4825}
}

@article{basaia2019automated,
  title        = {{A}utomated {C}lassification of {A}lzheimer's {D}isease and {M}ild {C}ognitive {I}mpairment using a {S}ingle {MRI} and {D}eep {N}eural {N}etworks},
  author       = {Basaia, Silvia and Agosta, Federica and Wagner, Luca and Canu, Elisa and Magnani, Giuseppe and Santangelo, Roberto and Filippi, Massimo and Alzheimer's Disease Neuroimaging Initiative and others},
  year         = {2019},
  journal      = {{N}euro{I}mage: {C}linical},
  publisher    = {Elsevier},
  volume       = {21},
  pages        = {101645},
  doi          = {10.1016/j.nicl.2018.101645},
  issn         = {2213-1582}
}

@article{dadar2022white,
  title        = {{W}hite {M}atter {H}yperintensities are {A}ssociated with {G}rey {M}atter {A}trophy and {C}ognitive {D}ecline in {A}lzheimer's {D}isease and {F}rontotemporal {D}ementia},
  author       = {Dadar, Mahsa and Manera, Ana Laura and Ducharme, Simon and Collins, D. Louis},
  year         = {2022},
  journal      = {{N}eurobiology of {A}ging},
  publisher    = {Elsevier},
  volume       = {111},
  pages        = {54--63},
  doi          = {10.1016/j.neurobiolaging.2021.11.007},
  issn         = {0197-4580}
}

@article{soenksen2022integrated,
  title        = {{I}ntegrated {M}ultimodal {A}rtificial {I}ntelligence {F}ramework for {H}ealthcare {A}pplications},
  author       = {Soenksen, Luis R. and Ma, Yu and Zeng, Cynthia and Boussioux, Leonard and Villalobos Carballo, Kimberly and Na, Liangyuan and Wiberg, Holly M. and Li, Michael L. and Fuentes, Ignacio and Bertsimas, Dimitris},
  year         = {2022},
  month        = {sep},
  day          = {20},
  journal      = {{NPJ} {D}igital {M}edicine},
  publisher    = {Nature Publishing Group UK London},
  volume       = {5},
  number       = {1},
  pages        = {149},
  doi          = {10.1038/s41746-022-00689-4},
  issn         = {2398-6352}
}

@article{acosta2022multimodal,
  title        = {{M}ultimodal {B}iomedical {AI}},
  author       = {Acosta, Juli{\'a}n N. and Falcone, Guido J. and Rajpurkar, Pranav and Topol, Eric J.},
  year         = {2022},
  month        = {sep},
  day          = {01},
  journal      = {{N}ature {M}edicine},
  publisher    = {Nature Publishing Group US New York},
  volume       = {28},
  number       = {9},
  pages        = {1773--1784},
  doi          = {10.1038/s41591-022-01981-2},
  issn         = {1546-170X}
}

@article{alsaad2024multimodal,
  title        = {{M}ultimodal {L}arge {L}anguage {M}odels in {H}ealthcare: {A}pplications, {C}hallenges, and {F}uture {O}utlook},
  author       = {AlSaad, Rawan and Abd-Alrazaq, Alaa and Boughorbel, Sabri and Ahmed, Arfan and Renault, Max-Antoine and Damseh, Rafat and Sheikh, Javaid},
  year         = {2024},
  journal      = {{J}ournal of {M}edical {I}nternet {R}esearch},
  publisher    = {JMIR Publications Toronto, Canada},
  volume       = {26},
  pages        = {e59505},
  doi          = {10.2196/59505}
}

@article{nakach2024comprehensive,
  title        = {{A} {C}omprehensive {I}nvestigation of {M}ultimodal {D}eep {L}earning {F}usion {S}trategies for {B}reast {C}ancer {C}lassification},
  author       = {Nakach, Fatima-Zahrae and Idri, Ali and Goceri, Evgin},
  year         = {2024},
  month        = {oct},
  day          = {12},
  journal      = {{A}rtificial {I}ntelligence {R}eview},
  publisher    = {Springer},
  volume       = {57},
  number       = {12},
  pages        = {1--53},
  doi          = {10.1007/s10462-024-10984-z},
  issn         = {1573-7462}
}

@article{qian2024multimodal,
  title        = {{A} {M}ultimodal {M}achine {L}earning {M}odel for the {S}tratification of {B}reast {C}ancer {R}isk},
  author       = {Qian, Xuejun and Pei, Jing and Han, Chunguang and Liang, Zhiying and Zhang, Gaosong and Chen, Na and Zheng, Weiwei and Meng, Fanlun and Yu, Dongsheng and Chen, Yixuan and Sun, Yiqun and Zhang, Hanqi and Qian, Wei and Wang, Xia and Er, Zhuoran and Hu, Chenglu and Zheng, Hui and Shen, Dinggang},
  year         = {2024},
  month        = {dec},
  day          = {04},
  journal      = {{N}ature {B}iomedical {E}ngineering},
  publisher    = {Nature Publishing Group},
  pages        = {1--15},
  doi          = {10.1038/s41551-024-01302-7},
  issn         = {2157-846X}
}

@article{abdullakutty2024histopathology,
  title        = {{H}istopathology in {F}ocus: {A} {R}eview on {E}xplainable {M}ulti-{M}odal {A}pproaches for {B}reast {C}ancer {D}iagnosis},
  author       = {Abdullakutty, Faseela and Akbari, Younes and Al-Maadeed, Somaya and Bouridane, Ahmed and Talaat, Iman M. and Hamoudi, Rifat},
  year         = {2024},
  journal      = {{F}rontiers in {M}edicine},
  publisher    = {Frontiers Media SA},
  volume       = {11},
  pages        = {1450103},
  doi          = {10.3389/fmed.2024.1450103},
  issn         = {2296-858X}
}

@article{xu2022multi,
  title        = {{M}ulti-{R}egion {R}adiomics for {A}rtificially {I}ntelligent {D}iagnosis of {B}reast {C}ancer using {M}ultimodal {U}ltrasound},
  author       = {Xu, Zhou and Wang, Yuqun and Chen, Man and Zhang, Qi},
  year         = {2022},
  journal      = {{C}omputers in {B}iology and {M}edicine},
  publisher    = {Elsevier},
  volume       = {149},
  pages        = {105920},
  doi          = {10.1016/j.compbiomed.2022.105920},
  issn         = {0010-4825}
}

@article{wang2024advances,
  title        = {{A}dvances and {P}rospects of {M}ulti-{M}odal {O}phthalmic {A}rtificial {I}ntelligence based on {D}eep {L}earning: {A} {R}eview},
  author       = {Wang, Shaopan and He, Xin and Jian, Zhongquan and Li, Jie and Xu, Changsheng and Chen, Yuguang and Liu, Yuwen and Chen, Han and Huang, Caihong and Hu, Jiaoyue and Liu, Zuguo},
  year         = {2024},
  month        = {oct},
  day          = {01},
  journal      = {{E}ye and {V}ision},
  publisher    = {Springer},
  volume       = {11},
  number       = {1},
  pages        = {38},
  doi          = {10.1186/s40662-024-00405-1},
  issn         = {2326-0254}
}

@article{mihalache2024accuracy,
  title        = {{A}ccuracy of an {A}rtificial {I}ntelligence {C}hatbot’s {I}nterpretation of {C}linical {O}phthalmic {I}mages},
  author       = {Mihalache, Andrew and Huang, Ryan S. and Popovic, Marko M. and Patil, Nikhil S. and Pandya, Bhadra U. and Shor, Reut and Pereira, Austin and Kwok, Jason M. and Yan, Peng and Wong, David T. and others},
  year         = {2024},
  month        = {apr},
  journal      = {{JAMA} {O}phthalmology},
  publisher    = {American Medical Association},
  volume       = {142},
  number       = {4},
  pages        = {321--326},
  doi          = {10.1001/jamaophthalmol.2024.0017},
  issn         = {2168-6165}
}

@inproceedings{chen2020simple,
  title        = {{A} {S}imple {F}ramework for {C}ontrastive {L}earning of {V}isual {R}epresentations},
  author       = {Chen, Ting and Kornblith, Simon and Norouzi, Mohammad and Hinton, Geoffrey},
  year         = {2020},
  month        = {jul},
  booktitle    = {{P}roceedings of the 37th {I}nternational {C}onference on {M}achine {L}earning},
  publisher    = {PMLR},
  series       = {{P}roceedings of {M}achine {L}earning {R}esearch},
  volume       = {119},
  pages        = {1597--1607},
  organization = {PMLR}
}

@inproceedings{he2020momentum,
  title        = {{M}omentum {C}ontrast for {U}nsupervised {V}isual {R}epresentation {L}earning},
  author       = {He, Kaiming and Fan, Haoqi and Wu, Yuxin and Xie, Saining and Girshick, Ross},
  year         = {2020},
  booktitle    = {{P}roceedings of the {IEEE}/{CVF} {C}onference on {C}omputer {V}ision and {P}attern {R}ecognition ({CVPR})},
  pages        = {9729--9738},
  doi          = {10.1109/CVPR42600.2020.00975}
}

@inproceedings{azizi2021big,
  title        = {{B}ig {S}elf-{S}upervised {M}odels {A}dvance {M}edical {I}mage {C}lassification},
  author       = {Azizi, Shekoofeh and Mustafa, Basil and Ryan, Fiona and Beaver, Zachary and Freyberg, Jan and Deaton, Jonathan and Loh, Aaron and Karthikesalingam, Alan and Kornblith, Simon and Chen, Ting and others},
  year         = {2021},
  booktitle    = {{2021 IEEE}/{CVF} {I}nternational {C}onference on {C}omputer {V}ision ({ICCV})},
  pages        = {3458--3468},
  doi          = {10.1109/ICCV48922.2021.00346},
  organization = {IEEE}
}

@inproceedings{chaitanya2020contrastive,
  title        = {{C}ontrastive {L}earning of {G}lobal and {L}ocal {F}eatures for {M}edical {I}mage {S}egmentation with {L}imited {A}nnotations},
  author       = {Chaitanya, Krishna and Erdil, Ertunc and Karani, Neerav and Konukoglu, Ender},
  year         = {2020},
  booktitle    = {{P}roceedings of the 34th {I}nternational {C}onference on {N}eural {I}nformation {P}rocessing {S}ystems},
  location     = {Vancouver, BC, Canada},
  publisher    = {Curran Associates Inc.},
  address      = {Red Hook, NY, USA},
  series       = {{NIPS} '20},
  pages        = {12546--12558},
  isbn         = {9781713829546}
}

@article{krishnan2022self,
  title        = {{S}elf-{S}upervised {L}earning in {M}edicine and {H}ealthcare},
  author       = {Krishnan, Rayan and Rajpurkar, Pranav and Topol, Eric J.},
  year         = {2022},
  month        = {dec},
  day          = {01},
  journal      = {{N}ature {B}iomedical {E}ngineering},
  publisher    = {Nature Publishing Group UK London},
  volume       = {6},
  number       = {12},
  pages        = {1346--1352},
  doi          = {10.1038/s41551-022-00914-1},
  issn         = {2157-846X}
}

@inproceedings{zang2021scehr,
  title        = {{SCEHR}: {S}upervised {C}ontrastive {L}earning for {C}linical {R}isk {P}rediction using {E}lectronic {H}ealth {R}ecords},
  author       = {Zang, Chengxi and Wang, Fei},
  year         = {2021},
  booktitle    = {{P}roceedings of the 2021 {IEEE} {I}nternational {C}onference on {D}ata {M}ining ({ICDM})},
  pages        = {857--866},
  doi          = {10.1109/ICDM51629.2021.00097},
  organization = {IEEE}
}

@article{li2023deep,
  title        = {{D}eep {L}earning {A}ttention {M}echanism in {M}edical {I}mage {A}nalysis: {B}asics and {B}eyonds},
  author       = {Li, Xiang and Li, Minglei and Yan, Pengfei and Li, Guanyi and Jiang, Yuchen and Luo, Hao and Yin, Shen},
  year         = {2023},
  month        = {mar},
  day          = {27},
  journal      = {{I}nternational {J}ournal of {N}etwork {D}ynamics and {I}ntelligence},
  volume       = {2},
  number       = {1},
  pages        = {93--116},
  doi          = {10.53941/ijndi0201006}
}

@misc{alzheimer_mri_dataset,
  title        = {{A}lzheimer {MRI} {D}ataset},
  author       = {Falah, G. Salieh},
  year         = {2023},
  publisher    = {Hugging Face},
  url          = {https://huggingface.co/datasets/Falah/Alzheimer_MRI},
  version      = {1.0}
}

@article{mindset-ref-01,
  title        = {{S}tructural {MR} {I}maging in the {D}iagnosis of {A}lzheimer’s {D}isease and {O}ther {N}eurodegenerative {D}ementia: {C}urrent {I}maging {A}pproach and {F}uture {P}erspectives},
  author       = {Park, Mina and Moon, Won-Jin},
  year         = {2016},
  journal      = {{K}orean {J}ournal of {R}adiology},
  publisher    = {The {K}orean {S}ociety of {R}adiology},
  volume       = {17},
  number       = {6},
  pages        = {827},
  doi          = {10.3348/kjr.2016.17.6.827},
  issn         = {2005-8330}
}

@article{mindset-ref-02,
  title        = {{M}agnetic {R}esonance {I}maging in {A}lzheimer’s {D}isease and {M}ild {C}ognitive {I}mpairment},
  author       = {Chandra, Avinash and Dervenoulas, George and Politis, Marios},
  year         = {2018},
  month        = {aug},
  journal      = {{J}ournal of {N}eurology},
  publisher    = {Springer {S}cience and {B}usiness {M}edia {LLC}},
  volume       = {266},
  number       = {6},
  pages        = {1293--1302},
  doi          = {10.1007/s00415-018-9016-3},
  issn         = {1432-1459}
}

@article{mindset-ref-03,
  title        = {{D}iagnosing {A}lzheimer {D}isease},
  author       = {Day, Gregory S.},
  year         = {2024},
  month        = {dec},
  journal      = {{C}ONTINUUM: {L}ifelong {L}earning in {N}eurology},
  publisher    = {Ovid {T}echnologies ({W}olters {K}luwer {H}ealth)},
  volume       = {30},
  number       = {6},
  pages        = {1584--1613},
  doi          = {10.1212/con.0000000000001507},
  issn         = {1080-2371}
}

@article{mindset-ref-04,
  title        = {{T}he {U}se of {N}euroimaging {T}echniques in the {E}arly and {D}ifferential {D}iagnosis of {D}ementia},
  author       = {Chouliaras, Leonidas and O’Brien, John T.},
  year         = {2023},
  month        = {aug},
  journal      = {{M}olecular {P}sychiatry},
  publisher    = {Springer {S}cience and {B}usiness {M}edia {LLC}},
  volume       = {28},
  number       = {10},
  pages        = {4084--4097},
  doi          = {10.1038/s41380-023-02215-8},
  issn         = {1476-5578}
}

@misc{radiopaedia,
  title        = {{R}adiopaedia.org - {O}nline {R}adiology {R}eferences},
  author       = {Knipe, Henry and Dixon, Andrew and Jones, Jeremy and Gaillard, Frank and Murphy, Andrew and Feger, Joachim and Shah, Vikas and Er, Amanda and Worsley, Calum and Ibrahim, Dalia and Silverstone, Liz and Sharma, Rohit and Glick, Yaïr and Hacking, Craig and Bell, Daniel J. and Bickle, Ian and Weerakkody, Yuranga and others},
  year         = {2025},
  url          = {https://radiopaedia.org/},
  note         = {{D}ata accessed and collected (update) on: 2025-01-21}
}

@misc{radiologyassistant,
  title        = {{R}ole of {MRI} in {D}ementia - {R}adiology {A}ssistant},
  author       = {Barkhof, Frederik and Hazewinkel, Marieke and Binnewijzend, Maja and Smithuis, Robin},
  year         = {2025},
  url          = {https://radiologyassistant.nl/neuroradiology/dementia/role-of-mri},
  note         = {{D}ata accessed and collected (update) on: 2025-01-21}
}
