@article{aharon2022bot,
  title={BoT-SORT: Robust associations multi-pedestrian tracking},
  author={Aharon, Nir and Orfaig, Roy and Bobrovsky, Ben-Zion},
  journal={arXiv preprint arXiv:2206.14651},
  year={2022}
}

@article{bachman2014learning,
  title={Learning with pseudo-ensembles},
  author={Bachman, Philip and Alsharif, Ouais and Precup, Doina},
  journal={Advances in neural information processing systems},
  volume={27},
  year={2014}
}

@article{berthelot2019remixmatch,
  title={Remixmatch: Semi-supervised learning with distribution alignment and augmentation anchoring},
  author={Berthelot, David and Carlini, Nicholas and Cubuk, Ekin D and Kurakin, Alex and Sohn, Kihyuk and Zhang, Han and Raffel, Colin},
  journal={arXiv preprint arXiv:1911.09785},
  year={2019}
}

@inproceedings{bewley2016simple,
  title={Simple online and realtime tracking},
  author={Bewley, Alex and Ge, Zongyuan and Ott, Lionel and Ramos, Fabio and Upcroft, Ben},
  booktitle={2016 IEEE international conference on image processing (ICIP)},
  pages={3464--3468},
  year={2016},
  organization={IEEE}
}

@article{fischer2023qdtrack,
  title={Qdtrack: Quasi-dense similarity learning for appearance-only multiple object tracking},
  author={Fischer, Tobias and Huang, Thomas E and Pang, Jiangmiao and Qiu, Linlu and Chen, Haofeng and Darrell, Trevor and Yu, Fisher},
  journal={IEEE Transactions on Pattern Analysis and Machine Intelligence},
  year={2023},
  publisher={IEEE}
}

@article{gao2023dettrack,
  title={DetTrack: An Algorithm for Multiple Object Tracking by Improving Occlusion Object Detection},
  author={Gao, Xinyue and Wang, Zhengyou and Wang, Xiaofan and Zhang, Shuo and Zhuang, Shanna and Wang, Hui},
  journal={Electronics},
  volume={13},
  number={1},
  pages={91},
  year={2023},
  publisher={MDPI}
}

@article{li2021semi,
  title={Semi-tcl: Semi-supervised track contrastive representation learning},
  author={Li, Wei and Xiong, Yuanjun and Yang, Shuo and Xu, Mingze and Wang, Yongxin and Xia, Wei},
  journal={arXiv preprint arXiv:2107.02396},
  year={2021}
}

@article{li2025unisort,
  title={UniSORT: Tracking with unified cue integration and refined association},
  author={Li, Modi and Li, Rui and Liang, Shaofeng and Shi, Yingjing},
  journal={Neurocomputing},
  pages={129563},
  year={2025},
  publisher={Elsevier}
}

@inproceedings{lin2014microsoft,
  title={Microsoft coco: Common objects in context},
  author={Lin, Tsung-Yi and Maire, Michael and Belongie, Serge and Hays, James and Perona, Pietro and Ramanan, Deva and Doll{\'a}r, Piotr and Zitnick, C Lawrence},
  booktitle={Computer Vision--ECCV 2014: 13th European Conference, Zurich, Switzerland, September 6-12, 2014, Proceedings, Part V 13},
  pages={740--755},
  year={2014},
  organization={Springer}
}

@inproceedings{pham2021meta,
  title={Meta pseudo labels},
  author={Pham, Hieu and Dai, Zihang and Xie, Qizhe and Le, Quoc V},
  booktitle={Proceedings of the IEEE/CVF conference on computer vision and pattern recognition},
  pages={11557--11568},
  year={2021}
}

@inproceedings{qin2024towards,
  title={Towards generalizable multi-object tracking},
  author={Qin, Zheng and Wang, Le and Zhou, Sanping and Fu, Panpan and Hua, Gang and Tang, Wei},
  booktitle={Proceedings of the IEEE/CVF Conference on Computer Vision and Pattern Recognition},
  pages={18995--19004},
  year={2024}
}

@article{rajapaksha2024consistency,
  title={Consistency-constrained unsupervised video anomaly detection framework based on Co-teaching},
  author={Rajapaksha, Praboda and Crespi, Noel and Zhao, Xuechen and Wang, Mengzhu and Yin, Nan and Liu, Xinwang and Luo, Zhigang and others},
  journal={Neurocomputing},
  volume={610},
  pages={128589},
  year={2024},
  publisher={Elsevier}
}

@article{russakovsky2015imagenet,
  title={Imagenet large scale visual recognition challenge},
  author={Russakovsky, Olga and Deng, Jia and Su, Hao and Krause, Jonathan and Satheesh, Sanjeev and Ma, Sean and Huang, Zhiheng and Karpathy, Andrej and Khosla, Aditya and Bernstein, Michael and others},
  journal={International journal of computer vision},
  volume={115},
  pages={211--252},
  year={2015},
  publisher={Springer}
}

@article{sajjadi2016regularization,
  title={Regularization with stochastic transformations and perturbations for deep semi-supervised learning},
  author={Sajjadi, Mehdi and Javanmardi, Mehran and Tasdizen, Tolga},
  journal={Advances in neural information processing systems},
  volume={29},
  year={2016}
}

@article{sellars2022laplacenet,
  title={Laplacenet: A hybrid graph-energy neural network for deep semisupervised classification},
  author={Sellars, Philip and Aviles-Rivero, Angelica I and Sch{\"o}nlieb, Carola-Bibiane},
  journal={IEEE Transactions on Neural Networks and Learning Systems},
  volume={35},
  number={4},
  pages={5306--5318},
  year={2022},
  publisher={IEEE}
}

@article{sohn2020fixmatch,
  title={Fixmatch: Simplifying semi-supervised learning with consistency and confidence},
  author={Sohn, Kihyuk and Berthelot, David and Carlini, Nicholas and Zhang, Zizhao and Zhang, Han and Raffel, Colin A and Cubuk, Ekin Dogus and Kurakin, Alexey and Li, Chun-Liang},
  journal={Advances in neural information processing systems},
  volume={33},
  pages={596--608},
  year={2020}
}

@inproceedings{stalder2009beyond,
  title={Beyond semi-supervised tracking: Tracking should be as simple as detection, but not simpler than recognition},
  author={Stalder, Severin and Grabner, Helmut and Van Gool, Luc},
  booktitle={2009 IEEE 12th international conference on computer vision workshops, ICCV Workshops},
  pages={1409--1416},
  year={2009},
  organization={IEEE}
}

@article{teichman2012tracking,
  title={Tracking-based semi-supervised learning},
  author={Teichman, Alex and Thrun, Sebastian},
  journal={The International Journal of Robotics Research},
  volume={31},
  number={7},
  pages={804--818},
  year={2012},
  publisher={SAGE Publications Sage UK: London, England}
}

@article{wang2018semi,
  title={Semi-supervised video object segmentation with super-trajectories},
  author={Wang, Wenguan and Shen, Jianbing and Porikli, Fatih and Yang, Ruigang},
  journal={IEEE transactions on pattern analysis and machine intelligence},
  volume={41},
  number={4},
  pages={985--998},
  year={2018},
  publisher={IEEE}
}

@inproceedings{wang2023conflict,
  title={Conflict-based cross-view consistency for semi-supervised semantic segmentation},
  author={Wang, Zicheng and Zhao, Zhen and Xing, Xiaoxia and Xu, Dong and Kong, Xiangyu and Zhou, Luping},
  booktitle={Proceedings of the IEEE/CVF conference on computer vision and pattern recognition},
  pages={19585--19595},
  year={2023}
}

@inproceedings{wang2024multi,
  title={Multi-Object Tracking in the Dark},
  author={Wang, Xinzhe and Ma, Kang and Liu, Qiankun and Zou, Yunhao and Fu, Ying},
  booktitle={Proceedings of the IEEE/CVF Conference on Computer Vision and Pattern Recognition},
  pages={382--392},
  year={2024}
}

@inproceedings{wojke2017simple,
  title={Simple online and realtime tracking with a deep association metric},
  author={Wojke, Nicolai and Bewley, Alex and Paulus, Dietrich},
  booktitle={2017 IEEE international conference on image processing (ICIP)},
  pages={3645--3649},
  year={2017},
  organization={IEEE}
}

@article{xie2020unsupervised,
  title={Unsupervised data augmentation for consistency training},
  author={Xie, Qizhe and Dai, Zihang and Hovy, Eduard and Luong, Thang and Le, Quoc},
  journal={Advances in neural information processing systems},
  volume={33},
  pages={6256--6268},
  year={2020}
}

@article{yi2024comprehensive,
  title={A comprehensive study of object tracking in low-light environments},
  author={Yi, Anqi and Anantrasirichai, Nantheera},
  journal={Sensors},
  volume={24},
  number={13},
  pages={4359},
  year={2024},
  publisher={MDPI}
}

@article{zhang2021fairmot,
  title={Fairmot: On the fairness of detection and re-identification in multiple object tracking},
  author={Zhang, Yifu and Wang, Chunyu and Wang, Xinggang and Zeng, Wenjun and Liu, Wenyu},
  journal={International journal of computer vision},
  volume={129},
  pages={3069--3087},
  year={2021},
  publisher={Springer}
}

@article{zhang2021flexmatch,
  title={Flexmatch: Boosting semi-supervised learning with curriculum pseudo labeling},
  author={Zhang, Bowen and Wang, Yidong and Hou, Wenxin and Wu, Hao and Wang, Jindong and Okumura, Manabu and Shinozaki, Takahiro},
  journal={Advances in Neural Information Processing Systems},
  volume={34},
  pages={18408--18419},
  year={2021}
}

@inproceedings{zhang2022bytetrack,
  title={Bytetrack: Multi-object tracking by associating every detection box},
  author={Zhang, Yifu and Sun, Peize and Jiang, Yi and Yu, Dongdong and Weng, Fucheng and Yuan, Zehuan and Luo, Ping and Liu, Wenyu and Wang, Xinggang},
  booktitle={European conference on computer vision},
  pages={1--21},
  year={2022},
  organization={Springer}
}

@inproceedings{zhao2022dc,
  title={Dc-ssl: Addressing mismatched class distribution in semi-supervised learning},
  author={Zhao, Zhen and Zhou, Luping and Duan, Yue and Wang, Lei and Qi, Lei and Shi, Yinghuan},
  booktitle={Proceedings of the IEEE/CVF conference on computer vision and pattern recognition},
  pages={9757--9765},
  year={2022}
}

@article{zheng2025mw,
  title={MW-FixMatch: A class imbalance semi-supervised learning algorithm based on re-weighting},
  author={Zheng, Xiaoqing and Hong, Weijie and Chen, Dengde and Xue, Anke and Kong, Yaguang},
  journal={Neurocomputing},
  pages={129385},
  year={2025},
  publisher={Elsevier}
}

