@article{russakovsky2015imagenet,
  title={Imagenet large scale visual recognition challenge},
  author={Russakovsky, Olga and Deng, Jia and Su, Hao and Krause, Jonathan and Satheesh, Sanjeev and Ma, Sean and Huang, Zhiheng and Karpathy, Andrej and Khosla, Aditya and Bernstein, Michael and others},
  journal={International journal of computer vision},
  volume={115},
  pages={211--252},
  year={2015},
  publisher={Springer}
}

@inproceedings{lin2014microsoft,
  title={Microsoft coco: Common objects in context},
  author={Lin, Tsung-Yi and Maire, Michael and Belongie, Serge and Hays, James and Perona, Pietro and Ramanan, Deva and Doll{\'a}r, Piotr and Zitnick, C Lawrence},
  booktitle={Computer Vision--ECCV 2014: 13th European Conference, Zurich, Switzerland, September 6-12, 2014, Proceedings, Part V 13},
  pages={740--755},
  year={2014},
  organization={Springer}
}

@article{berthelot2019remixmatch,
  title={Remixmatch: Semi-supervised learning with distribution alignment and augmentation anchoring},
  author={Berthelot, David and Carlini, Nicholas and Cubuk, Ekin D and Kurakin, Alex and Sohn, Kihyuk and Zhang, Han and Raffel, Colin},
  journal={arXiv preprint arXiv:1911.09785},
  year={2019}
}

@inproceedings{arazo2020pseudo,
  title={Pseudo-labeling and confirmation bias in deep semi-supervised learning},
  author={Arazo, Eric and Ortego, Diego and Albert, Paul and Oâ€™Connor, Noel E and McGuinness, Kevin},
  booktitle={2020 International joint conference on neural networks (IJCNN)},
  pages={1--8},
  year={2020},
  organization={IEEE}
}

@article{chen2020big,
  title={Big self-supervised models are strong semi-supervised learners},
  author={Chen, Ting and Kornblith, Simon and Swersky, Kevin and Norouzi, Mohammad and Hinton, Geoffrey E},
  journal={Advances in neural information processing systems},
  volume={33},
  pages={22243--22255},
  year={2020}
}

@article{sohn2020fixmatch,
  title={Fixmatch: Simplifying semi-supervised learning with consistency and confidence},
  author={Sohn, Kihyuk and Berthelot, David and Carlini, Nicholas and Zhang, Zizhao and Zhang, Han and Raffel, Colin A and Cubuk, Ekin Dogus and Kurakin, Alexey and Li, Chun-Liang},
  journal={Advances in neural information processing systems},
  volume={33},
  pages={596--608},
  year={2020}
}

@article{xie2020unsupervised,
  title={Unsupervised data augmentation for consistency training},
  author={Xie, Qizhe and Dai, Zihang and Hovy, Eduard and Luong, Thang and Le, Quoc},
  journal={Advances in neural information processing systems},
  volume={33},
  pages={6256--6268},
  year={2020}
}

@inproceedings{pham2021meta,
  title={Meta pseudo labels},
  author={Pham, Hieu and Dai, Zihang and Xie, Qizhe and Le, Quoc V},
  booktitle={Proceedings of the IEEE/CVF conference on computer vision and pattern recognition},
  pages={11557--11568},
  year={2021}
}

@article{bachman2014learning,
  title={Learning with pseudo-ensembles},
  author={Bachman, Philip and Alsharif, Ouais and Precup, Doina},
  journal={Advances in neural information processing systems},
  volume={27},
  year={2014}
}

@article{sajjadi2016regularization,
  title={Regularization with stochastic transformations and perturbations for deep semi-supervised learning},
  author={Sajjadi, Mehdi and Javanmardi, Mehran and Tasdizen, Tolga},
  journal={Advances in neural information processing systems},
  volume={29},
  year={2016}
}

@inproceedings{gong2021alphamatch,
  title={Alphamatch: Improving consistency for semi-supervised learning with alpha-divergence},
  author={Gong, Chengyue and Wang, Dilin and Liu, Qiang},
  booktitle={Proceedings of the IEEE/CVF conference on computer vision and pattern recognition},
  pages={13683--13692},
  year={2021}
}

@article{sellars2022laplacenet,
  title={Laplacenet: A hybrid graph-energy neural network for deep semisupervised classification},
  author={Sellars, Philip and Aviles-Rivero, Angelica I and Sch{\"o}nlieb, Carola-Bibiane},
  journal={IEEE Transactions on Neural Networks and Learning Systems},
  volume={35},
  number={4},
  pages={5306--5318},
  year={2022},
  publisher={IEEE}
}

@inproceedings{zhao2022dc,
  title={Dc-ssl: Addressing mismatched class distribution in semi-supervised learning},
  author={Zhao, Zhen and Zhou, Luping and Duan, Yue and Wang, Lei and Qi, Lei and Shi, Yinghuan},
  booktitle={Proceedings of the IEEE/CVF conference on computer vision and pattern recognition},
  pages={9757--9765},
  year={2022}
}

@article{zhang2021flexmatch,
  title={Flexmatch: Boosting semi-supervised learning with curriculum pseudo labeling},
  author={Zhang, Bowen and Wang, Yidong and Hou, Wenxin and Wu, Hao and Wang, Jindong and Okumura, Manabu and Shinozaki, Takahiro},
  journal={Advances in Neural Information Processing Systems},
  volume={34},
  pages={18408--18419},
  year={2021}
}

@inproceedings{yang2023revisiting,
  title={Revisiting weak-to-strong consistency in semi-supervised semantic segmentation},
  author={Yang, Lihe and Qi, Lei and Feng, Litong and Zhang, Wayne and Shi, Yinghuan},
  booktitle={Proceedings of the IEEE/CVF Conference on Computer Vision and Pattern Recognition},
  pages={7236--7246},
  year={2023}
}

@inproceedings{wang2023conflict,
  title={Conflict-based cross-view consistency for semi-supervised semantic segmentation},
  author={Wang, Zicheng and Zhao, Zhen and Xing, Xiaoxia and Xu, Dong and Kong, Xiangyu and Zhou, Luping},
  booktitle={Proceedings of the IEEE/CVF conference on computer vision and pattern recognition},
  pages={19585--19595},
  year={2023}
}

@inproceedings{bewley2016simple,
  title={Simple online and realtime tracking},
  author={Bewley, Alex and Ge, Zongyuan and Ott, Lionel and Ramos, Fabio and Upcroft, Ben},
  booktitle={2016 IEEE international conference on image processing (ICIP)},
  pages={3464--3468},
  year={2016},
  organization={IEEE}
}

@inproceedings{wojke2017simple,
  title={Simple online and realtime tracking with a deep association metric},
  author={Wojke, Nicolai and Bewley, Alex and Paulus, Dietrich},
  booktitle={2017 IEEE international conference on image processing (ICIP)},
  pages={3645--3649},
  year={2017},
  organization={IEEE}
}

@inproceedings{wang2020towards,
  title={Towards real-time multi-object tracking},
  author={Wang, Zhongdao and Zheng, Liang and Liu, Yixuan and Li, Yali and Wang, Shengjin},
  booktitle={European conference on computer vision},
  pages={107--122},
  year={2020},
  organization={Springer}
}

@article{zhang2021fairmot,
  title={Fairmot: On the fairness of detection and re-identification in multiple object tracking},
  author={Zhang, Yifu and Wang, Chunyu and Wang, Xinggang and Zeng, Wenjun and Liu, Wenyu},
  journal={International journal of computer vision},
  volume={129},
  pages={3069--3087},
  year={2021},
  publisher={Springer}
}

@article{aharon2022bot,
  title={BoT-SORT: Robust associations multi-pedestrian tracking},
  author={Aharon, Nir and Orfaig, Roy and Bobrovsky, Ben-Zion},
  journal={arXiv preprint arXiv:2206.14651},
  year={2022}
}

@article{du2023strongsort,
  title={Strongsort: Make deepsort great again},
  author={Du, Yunhao and Zhao, Zhicheng and Song, Yang and Zhao, Yanyun and Su, Fei and Gong, Tao and Meng, Hongying},
  journal={IEEE Transactions on Multimedia},
  volume={25},
  pages={8725--8737},
  year={2023},
  publisher={IEEE}
}

@article{fischer2023qdtrack,
  title={Qdtrack: Quasi-dense similarity learning for appearance-only multiple object tracking},
  author={Fischer, Tobias and Huang, Thomas E and Pang, Jiangmiao and Qiu, Linlu and Chen, Haofeng and Darrell, Trevor and Yu, Fisher},
  journal={IEEE Transactions on Pattern Analysis and Machine Intelligence},
  year={2023},
  publisher={IEEE}
}

@inproceedings{zhang2022bytetrack,
  title={Bytetrack: Multi-object tracking by associating every detection box},
  author={Zhang, Yifu and Sun, Peize and Jiang, Yi and Yu, Dongdong and Weng, Fucheng and Yuan, Zehuan and Luo, Ping and Liu, Wenyu and Wang, Xinggang},
  booktitle={European conference on computer vision},
  pages={1--21},
  year={2022},
  organization={Springer}
}

@inproceedings{yang2024hybrid,
  title={Hybrid-sort: Weak cues matter for online multi-object tracking},
  author={Yang, Mingzhan and Han, Guangxin and Yan, Bin and Zhang, Wenhua and Qi, Jinqing and Lu, Huchuan and Wang, Dong},
  booktitle={Proceedings of the AAAI Conference on Artificial Intelligence},
  volume={38},
  number={7},
  pages={6504--6512},
  year={2024}
}

@article{gao2023dettrack,
  title={DetTrack: An Algorithm for Multiple Object Tracking by Improving Occlusion Object Detection},
  author={Gao, Xinyue and Wang, Zhengyou and Wang, Xiaofan and Zhang, Shuo and Zhuang, Shanna and Wang, Hui},
  journal={Electronics},
  volume={13},
  number={1},
  pages={91},
  year={2023},
  publisher={MDPI}
}

@inproceedings{yang2023hard,
  title={Hard to track objects with irregular motions and similar appearances? make it easier by buffering the matching space},
  author={Yang, Fan and Odashima, Shigeyuki and Masui, Shoichi and Jiang, Shan},
  booktitle={Proceedings of the IEEE/CVF winter conference on applications of computer vision},
  pages={4799--4808},
  year={2023}
}

@inproceedings{cao2023observation,
  title={Observation-centric sort: Rethinking sort for robust multi-object tracking},
  author={Cao, Jinkun and Pang, Jiangmiao and Weng, Xinshuo and Khirodkar, Rawal and Kitani, Kris},
  booktitle={Proceedings of the IEEE/CVF conference on computer vision and pattern recognition},
  pages={9686--9696},
  year={2023}
}

@article{yi2024comprehensive,
  title={A comprehensive study of object tracking in low-light environments},
  author={Yi, Anqi and Anantrasirichai, Nantheera},
  journal={Sensors},
  volume={24},
  number={13},
  pages={4359},
  year={2024},
  publisher={MDPI}
}

@inproceedings{wang2024multi,
  title={Multi-Object Tracking in the Dark},
  author={Wang, Xinzhe and Ma, Kang and Liu, Qiankun and Zou, Yunhao and Fu, Ying},
  booktitle={Proceedings of the IEEE/CVF Conference on Computer Vision and Pattern Recognition},
  pages={382--392},
  year={2024}
}

@inproceedings{rombach2022high,
  title={High-resolution image synthesis with latent diffusion models},
  author={Rombach, Robin and Blattmann, Andreas and Lorenz, Dominik and Esser, Patrick and Ommer, Bj{\"o}rn},
  booktitle={Proceedings of the IEEE/CVF conference on computer vision and pattern recognition},
  pages={10684--10695},
  year={2022}
}

@inproceedings{almahairi2018augmented,
  title={Augmented cyclegan: Learning many-to-many mappings from unpaired data},
  author={Almahairi, Amjad and Rajeshwar, Sai and Sordoni, Alessandro and Bachman, Philip and Courville, Aaron},
  booktitle={International conference on machine learning},
  pages={195--204},
  year={2018},
  organization={PMLR}
}

@article{ge2021yolox,
  title={Yolox: Exceeding yolo series in 2021},
  author={Ge, Z},
  journal={arXiv preprint arXiv:2107.08430},
  year={2021}
}

@inproceedings{wang2023consistent,
  title={Consistent-teacher: Towards reducing inconsistent pseudo-targets in semi-supervised object detection},
  author={Wang, Xinjiang and Yang, Xingyi and Zhang, Shilong and Li, Yijiang and Feng, Litong and Fang, Shijie and Lyu, Chengqi and Chen, Kai and Zhang, Wayne},
  booktitle={Proceedings of the IEEE/CVF conference on computer vision and pattern recognition},
  pages={3240--3249},
  year={2023}
}

@article{shao2018crowdhuman,
  title={Crowdhuman: A benchmark for detecting human in a crowd},
  author={Shao, Shuai and Zhao, Zijian and Li, Boxun and Xiao, Tete and Yu, Gang and Zhang, Xiangyu and Sun, Jian},
  journal={arXiv preprint arXiv:1805.00123},
  year={2018}
}

@article{luiten10higher,
  title={A higher order metric for evaluating multi-object tracking., 2021, 129},
  author={Luiten, J and Osep, A and Dendorfer, P and Torr, P and Geiger, A and Leal-Taix{\'e}, L and Hota, B Leibe},
  journal={DOI: https://doi. org/10.1007/s11263-020-01375-2. PMID: https://www. ncbi. nlm. nih. gov/pubmed/33642696},
  pages={548--578}
}

@inproceedings{ristani2016performance,
  title={Performance measures and a data set for multi-target, multi-camera tracking},
  author={Ristani, Ergys and Solera, Francesco and Zou, Roger and Cucchiara, Rita and Tomasi, Carlo},
  booktitle={European conference on computer vision},
  pages={17--35},
  year={2016},
  organization={Springer}
}

@inproceedings{chen2018real,
  title={Real-time multiple people tracking with deeply learned candidate selection and person re-identification},
  author={Chen, Long and Ai, Haizhou and Zhuang, Zijie and Shang, Chong},
  booktitle={2018 IEEE international conference on multimedia and expo (ICME)},
  pages={1--6},
  year={2018},
  organization={IEEE}
}

@inproceedings{maggiolino2023deep,
  title={Deep oc-sort: Multi-pedestrian tracking by adaptive re-identification},
  author={Maggiolino, Gerard and Ahmad, Adnan and Cao, Jinkun and Kitani, Kris},
  booktitle={2023 IEEE International Conference on Image Processing (ICIP)},
  pages={3025--3029},
  year={2023},
  organization={IEEE}
}

@inproceedings{jin2024effective,
  title={An effective visual tracking approach under low-light environments},
  author={Jin, Hanyu and Wang, Zeyuan and Cai, Rongtai},
  booktitle={Fifteenth International Conference on Graphics and Image Processing (ICGIP 2023)},
  volume={13089},
  pages={422--431},
  year={2024},
  organization={SPIE}
}

@inproceedings{choi2012unified,
  title={A unified framework for multi-target tracking and collective activity recognition},
  author={Choi, Wongun and Savarese, Silvio},
  booktitle={Computer Vision--ECCV 2012: 12th European Conference on Computer Vision, Florence, Italy, October 7-13, 2012, Proceedings, Part IV 12},
  pages={215--230},
  year={2012},
  organization={Springer}
}

@inproceedings{lin2021gait,
  title={Gait recognition via effective global-local feature representation and local temporal aggregation},
  author={Lin, Beibei and Zhang, Shunli and Yu, Xin},
  booktitle={Proceedings of the IEEE/CVF international conference on computer vision},
  pages={14648--14656},
  year={2021}
}

@inproceedings{lin2020gait,
  title={Gait recognition with multiple-temporal-scale 3d convolutional neural network},
  author={Lin, Beibei and Zhang, Shunli and Bao, Feng},
  booktitle={Proceedings of the 28th ACM international conference on multimedia},
  pages={3054--3062},
  year={2020}
}

@inproceedings{geiger2012we,
  title={Are we ready for autonomous driving? the kitti vision benchmark suite},
  author={Geiger, Andreas and Lenz, Philip and Urtasun, Raquel},
  booktitle={2012 IEEE conference on computer vision and pattern recognition},
  pages={3354--3361},
  year={2012},
  organization={IEEE}
}

@article{milan2016mot16,
  title={MOT16: A benchmark for multi-object tracking},
  author={Milan, Anton},
  journal={arXiv preprint arXiv:1603.00831},
  year={2016}
}

@article{bernardin2008evaluating,
  title={Evaluating multiple object tracking performance: the clear mot metrics},
  author={Bernardin, Keni and Stiefelhagen, Rainer},
  journal={EURASIP Journal on Image and Video Processing},
  volume={2008},
  pages={1--10},
  year={2008},
  publisher={Springer}
}

@inproceedings{li2022learning,
  title={Learning of global objective for network flow in multi-object tracking},
  author={Li, Shuai and Kong, Yu and Rezatofighi, Hamid},
  booktitle={Proceedings of the IEEE/CVF Conference on Computer Vision and Pattern Recognition},
  pages={8855--8865},
  year={2022}
}


@inproceedings{chen2022label,
  title={Label matching semi-supervised object detection},
  author={Chen, Binbin and Chen, Weijie and Yang, Shicai and Xuan, Yunyi and Song, Jie and Xie, Di and Pu, Shiliang and Song, Mingli and Zhuang, Yueting},
  booktitle={Proceedings of the IEEE/CVF Conference on Computer Vision and Pattern Recognition},
  pages={14381--14390},
  year={2022}
}

@article{chen2021temporal,
  title={Temporal self-ensembling teacher for semi-supervised object detection},
  author={Chen, Cong and Dong, Shouyang and Tian, Ye and Cao, Kunlin and Liu, Li and Guo, Yuanhao},
  journal={IEEE Transactions on Multimedia},
  volume={24},
  pages={3679--3692},
  year={2021},
  publisher={IEEE}
}

@inproceedings{zhou2021instant,
  title={Instant-teaching: An end-to-end semi-supervised object detection framework},
  author={Zhou, Qiang and Yu, Chaohui and Wang, Zhibin and Qian, Qi and Li, Hao},
  booktitle={Proceedings of the IEEE/CVF conference on computer vision and pattern recognition},
  pages={4081--4090},
  year={2021}
}

@article{jones2023semi,
  title={A semi-Lagrangian method for detecting and tracking deep convective clouds in geostationary satellite observations},
  author={Jones, William K and Christensen, Matthew W and Stier, Philip},
  journal={Atmospheric Measurement Techniques},
  volume={16},
  number={4},
  pages={1043--1059},
  year={2023},
  publisher={Copernicus GmbH}
}

@article{yang2023track,
  title={Track anything: Segment anything meets videos},
  author={Yang, Jinyu and Gao, Mingqi and Li, Zhe and Gao, Shang and Wang, Fangjing and Zheng, Feng},
  journal={arXiv preprint arXiv:2304.11968},
  year={2023}
}


@article{teichman2012tracking,
  title={Tracking-based semi-supervised learning},
  author={Teichman, Alex and Thrun, Sebastian},
  journal={The International Journal of Robotics Research},
  volume={31},
  number={7},
  pages={804--818},
  year={2012},
  publisher={SAGE Publications Sage UK: London, England}
}

@inproceedings{stalder2009beyond,
  title={Beyond semi-supervised tracking: Tracking should be as simple as detection, but not simpler than recognition},
  author={Stalder, Severin and Grabner, Helmut and Van Gool, Luc},
  booktitle={2009 IEEE 12th international conference on computer vision workshops, ICCV Workshops},
  pages={1409--1416},
  year={2009},
  organization={IEEE}
}

@article{li2021semi,
  title={Semi-tcl: Semi-supervised track contrastive representation learning},
  author={Li, Wei and Xiong, Yuanjun and Yang, Shuo and Xu, Mingze and Wang, Yongxin and Xia, Wei},
  journal={arXiv preprint arXiv:2107.02396},
  year={2021}
}

@article{wang2018semi,
  title={Semi-supervised video object segmentation with super-trajectories},
  author={Wang, Wenguan and Shen, Jianbing and Porikli, Fatih and Yang, Ruigang},
  journal={IEEE transactions on pattern analysis and machine intelligence},
  volume={41},
  number={4},
  pages={985--998},
  year={2018},
  publisher={IEEE}
}

@article{zheng2025mw,
  title={MW-FixMatch: A class imbalance semi-supervised learning algorithm based on re-weighting},
  author={Zheng, Xiaoqing and Hong, Weijie and Chen, Dengde and Xue, Anke and Kong, Yaguang},
  journal={Neurocomputing},
  pages={129385},
  year={2025},
  publisher={Elsevier}
}

@article{li2025unisort,
  title={UniSORT: Tracking with unified cue integration and refined association},
  author={Li, Modi and Li, Rui and Liang, Shaofeng and Shi, Yingjing},
  journal={Neurocomputing},
  pages={129563},
  year={2025},
  publisher={Elsevier}
}

@article{zhang2025atptrack,
  title={ATPTrack: Visual tracking with alternating token pruning of dynamic templates and search region},
  author={Zhang, Shuo and Zhang, Dan and Zou, Qi},
  journal={Neurocomputing},
  pages={129534},
  year={2025},
  publisher={Elsevier}
}

@article{rajapaksha2024consistency,
  title={Consistency-constrained unsupervised video anomaly detection framework based on Co-teaching},
  author={Rajapaksha, Praboda and Crespi, Noel and Zhao, Xuechen and Wang, Mengzhu and Yin, Nan and Liu, Xinwang and Luo, Zhigang and others},
  journal={Neurocomputing},
  volume={610},
  pages={128589},
  year={2024},
  publisher={Elsevier}
}


@inproceedings{qin2024towards,
  title={Towards generalizable multi-object tracking},
  author={Qin, Zheng and Wang, Le and Zhou, Sanping and Fu, Panpan and Hua, Gang and Tang, Wei},
  booktitle={Proceedings of the IEEE/CVF Conference on Computer Vision and Pattern Recognition},
  pages={18995--19004},
  year={2024}
}