@misc{OpenAI2024gpt4o,
  author = {OpenAI},
  title = {Hello GPT-4o},
  year = {2024},
  howpublished = {\url{https://openai.com/index/hello-gpt-4o/}},
  note = {Available online}
}

@article{Qwen-VL,
  title={Qwen-VL: A Versatile Vision-Language Model for Understanding, Localization, Text Reading, and Beyond},
  author={Bai, Jinze and Bai, Shuai and Yang, Shusheng and Wang, Shijie and Tan, Sinan and Wang, Peng and Lin, Junyang and Zhou, Chang and Zhou, Jingren},
  journal={arXiv preprint arXiv:2308.12966},
  year={2023}
}

@misc{anthropic2024claude,
  author = {Anthropic},
  title = {Introducing the next generation of Claude},
  year = {2024},
  howpublished = {\url{https://www.anthropic.com/news/claude-3-family}},
  note = {Available online}
}

@article{bricken2023towards,
  title={Towards monosemanticity: Decomposing language models with dictionary learning},
  author={Bricken, Trenton and Templeton, Adly and Batson, Joshua and Chen, Brian and Jermyn, Adam and Conerly, Tom and Turner, Nick and Anil, Cem and Denison, Carson and Askell, Amanda and others},
  journal={Transformer Circuits Thread},
  volume={2},
  year={2023}
}

@article{chen2023alpagasus,
  title={Alpagasus: Training a better alpaca with fewer data},
  author={Chen, Lichang and Li, Shiyang and Yan, Jun and Wang, Hai and Gunaratna, Kalpa and Yadav, Vikas and Tang, Zheng and Srinivasan, Vijay and Zhou, Tianyi and Huang, Heng and others},
  journal={arXiv preprint arXiv:2307.08701},
  year={2023}
}

@article{cunningham2023sparse,
  title={Sparse autoencoders find highly interpretable features in language models},
  author={Cunningham, Hoagy and Ewart, Aidan and Riggs, Logan and Huben, Robert and Sharkey, Lee},
  journal={arXiv preprint arXiv:2309.08600},
  year={2023}
}

@inproceedings{dravid2023rosetta,
  title={Rosetta neurons: Mining the common units in a model zoo},
  author={Dravid, Amil and Gandelsman, Yossi and Efros, Alexei A and Shocher, Assaf},
  booktitle={Proceedings of the IEEE/CVF International Conference on Computer Vision},
  pages={1934--1943},
  year={2023}
}

@article{du2023mods,
  title={Mods: Model-oriented data selection for instruction tuning},
  author={Du, Qianlong and Zong, Chengqing and Zhang, Jiajun},
  journal={arXiv preprint arXiv:2311.15653},
  year={2023}
}

@article{elhage2022toy,
  title={Toy models of superposition},
  author={Elhage, Nelson and Hume, Tristan and Olsson, Catherine and Schiefer, Nicholas and Henighan, Tom and Kravec, Shauna and Hatfield-Dodds, Zac and Lasenby, Robert and Drain, Dawn and Chen, Carol and others},
  journal={arXiv preprint arXiv:2209.10652},
  year={2022}
}

@article{gao2024scaling,
  title={Scaling and evaluating sparse autoencoders},
  author={Gao, Leo and la Tour, Tom Dupr{\'e} and Tillman, Henk and Goh, Gabriel and Troll, Rajan and Radford, Alec and Sutskever, Ilya and Leike, Jan and Wu, Jeffrey},
  journal={arXiv preprint arXiv:2406.04093},
  year={2024}
}

@inproceedings{li2023blip,
  title={Blip-2: Bootstrapping language-image pre-training with frozen image encoders and large language models},
  author={Li, Junnan and Li, Dongxu and Savarese, Silvio and Hoi, Steven},
  booktitle={International conference on machine learning},
  pages={19730--19742},
  year={2023},
  organization={PMLR}
}

@article{li2023one,
  title={One shot learning as instruction data prospector for large language models},
  author={Li, Yunshui and Hui, Binyuan and Xia, Xiaobo and Yang, Jiaxi and Yang, Min and Zhang, Lei and Si, Shuzheng and Liu, Junhao and Liu, Tongliang and Huang, Fei and others},
  journal={arXiv preprint arXiv:2312.10302},
  year={2023}
}

@article{li2023quantity,
  title={From quantity to quality: Boosting llm performance with self-guided data selection for instruction tuning},
  author={Li, Ming and Zhang, Yong and Li, Zhitao and Chen, Jiuhai and Chen, Lichang and Cheng, Ning and Wang, Jianzong and Zhou, Tianyi and Xiao, Jing},
  journal={arXiv preprint arXiv:2308.12032},
  year={2023}
}

@article{liu2024visual,
  title={Visual instruction tuning},
  author={Liu, Haotian and Li, Chunyuan and Wu, Qingyang and Lee, Yong Jae},
  journal={Advances in neural information processing systems},
  volume={36},
  year={2024}
}

@article{olah2020zoom,
  title={Zoom in: An introduction to circuits},
  author={Olah, Chris and Cammarata, Nick and Schubert, Ludwig and Goh, Gabriel and Petrov, Michael and Carter, Shan},
  journal={Distill},
  volume={5},
  number={3},
  pages={e00024--001},
  year={2020}
}

@misc{peigne2023features,
  title={Taking features out of superposition with sparse autoencoders more quickly with informed initialization},
  author={Peign{\'e}, Pierre},
  year={2023},
  month={Sep},
  day={24},
  url={https://www.lesswrong.com/posts/YJpMgi7HJuHwXTkjk/taking-features-out-of-superposition-with-sparse}
}

@inproceedings{radford2021learning,
  title={Learning transferable visual models from natural language supervision},
  author={Radford, Alec and Kim, Jong Wook and Hallacy, Chris and Ramesh, Aditya and Goh, Gabriel and Agarwal, Sandhini and Sastry, Girish and Askell, Amanda and Mishkin, Pamela and Clark, Jack and others},
  booktitle={International conference on machine learning},
  pages={8748--8763},
  year={2021},
  organization={PMLR}
}

@article{rai2024practical,
  title={A practical review of mechanistic interpretability for transformer-based language models},
  author={Rai, Daking and Zhou, Yilun and Feng, Shi and Saparov, Abulhair and Yao, Ziyu},
  journal={arXiv preprint arXiv:2407.02646},
  year={2024}
}

@misc{sharkey2022features,
  title={Taking features out of superposition with sparse autoencoders},
  author={Sharkey, Lee and Braun, Dan and Millidge, Beren},
  year={2022},
  note={[Interim research report]},
  month={Dec},
  day={13},
  url={https://www.alignmentforum.org/posts/z6QQJbtpkEAX3Aojj/interim-research-report-taking-features-out-of-superposition}
}

@article{team2024chameleon,
  title={Chameleon: Mixed-modal early-fusion foundation models},
  author={Team, Chameleon},
  journal={arXiv preprint arXiv:2405.09818},
  year={2024}
}

@misc{team2024gemini,
  title={Gemini 1.5: Unlocking multimodal understanding across millions of tokens of context. In arXiv [cs. CL]. arXiv},
  author={Team, Gemini and Reid, M and Savinov, N and Teplyashin, D and Dmitry, Lepikhin and Lillicrap, T and Alayrac, JB and Soricut, R and Lazaridou, A and Firat, O and others},
  year={2024}
}

@article{tu2024resofilter,
  title={ResoFilter: Rine-grained Synthetic Data Filtering for Large Language Models through Data-Parameter Resonance Analysis},
  author={Tu, Zeao and Meng, Xiangdi and He, Yu and Yao, Zihan and Qi, Tianyu and Liu, Jun and Li, Ming},
  journal={arXiv preprint arXiv:2412.14809},
  year={2024}
}

@article{wu2023next,
  title={Next-gpt: Any-to-any multimodal llm},
  author={Wu, Shengqiong and Fei, Hao and Qu, Leigang and Ji, Wei and Chua, Tat-Seng},
  journal={arXiv preprint arXiv:2309.05519},
  year={2023}
}

@article{wu2024janus,
  title={Janus: Decoupling visual encoding for unified multimodal understanding and generation},
  author={Wu, Chengyue and Chen, Xiaokang and Wu, Zhiyu and Ma, Yiyang and Liu, Xingchao and Pan, Zizheng and Liu, Wen and Xie, Zhenda and Yu, Xingkai and Ruan, Chong and others},
  journal={arXiv preprint arXiv:2410.13848},
  year={2024}
}

@article{yun2021transformer,
  title={Transformer visualization via dictionary learning: contextualized embedding as a linear superposition of transformer factors},
  author={Yun, Zeyu and Chen, Yubei and Olshausen, Bruno A and LeCun, Yann},
  journal={arXiv preprint arXiv:2103.15949},
  year={2021}
}

@article{zhou2023lima,
  title={LIMA: Less Is More for Alignment. CoRR abs/2305.11206 (2023)},
  author={Zhou, Chunting and Liu, Pengfei and Xu, Puxin and Iyer, Srini and Sun, Jiao and Mao, Yuning and Ma, Xuezhe and Efrat, Avia and Yu, Ping and Yu, Lili and others},
  journal={arXiv preprint arXiv:2305.11206},
  volume={10},
  year={2023}
}

@inproceedings{zhu2024minigpt,
  title={Mini{GPT}-4: Enhancing Vision-Language Understanding with Advanced Large Language Models},
  author={Deyao Zhu and Jun Chen and Xiaoqian Shen and Xiang Li and Mohamed Elhoseiny},
  booktitle={The Twelfth International Conference on Learning Representations},
  year={2024},
  url={https://openreview.net/forum?id=1tZbq88f27}
}

