@article{chen2022vision,
  title={Vision transformer adapter for dense predictions},
  author={Chen, Zhe and Duan, Yuchen and Wang, Wenhai and He, Junjun and Lu, Tong and Dai, Jifeng and Qiao, Yu},
  journal={arXiv preprint arXiv:2205.08534},
  year={2022}
}

@article{gao2023clip,
  title={Clip-adapter: Better vision-language models with feature adapters},
  author={Gao, Peng and Geng, Shijie and Zhang, Renrui and Ma, Teli and Fang, Rongyao and Zhang, Yongfeng and Li, Hongsheng and Qiao, Yu},
  journal={International Journal of Computer Vision},
  pages={1--15},
  year={2023},
  publisher={Springer}
}

@article{kumar2022fine,
  title={Fine-tuning can distort pretrained features and underperform out-of-distribution},
  author={Kumar, Ananya and Raghunathan, Aditi and Jones, Robbie and Ma, Tengyu and Liang, Percy},
  journal={arXiv preprint arXiv:2202.10054},
  year={2022}
}

@article{li2021prefix,
  title={Prefix-tuning: Optimizing continuous prompts for generation},
  author={Li, Xiang Lisa and Liang, Percy},
  journal={arXiv preprint arXiv:2101.00190},
  year={2021}
}

@article{shu2022test,
  title={Test-time prompt tuning for zero-shot generalization in vision-language models},
  author={Shu, Manli and Nie, Weili and Huang, De-An and Yu, Zhiding and Goldstein, Tom and Anandkumar, Anima and Xiao, Chaowei},
  journal={Advances in Neural Information Processing Systems},
  volume={35},
  pages={14274--14289},
  year={2022}
}

@article{zhang2021tip,
  title={Tip-adapter: Training-free clip-adapter for better vision-language modeling},
  author={Zhang, Renrui and Fang, Rongyao and Zhang, Wei and Gao, Peng and Li, Kunchang and Dai, Jifeng and Qiao, Yu and Li, Hongsheng},
  journal={arXiv preprint arXiv:2111.03930},
  year={2021}
}

@inproceedings{zhou2022conditional,
  title={Conditional prompt learning for vision-language models},
  author={Zhou, Kaiyang and Yang, Jingkang and Loy, Chen Change and Liu, Ziwei},
  booktitle={Proceedings of the IEEE/CVF Conference on Computer Vision and Pattern Recognition},
  pages={16816--16825},
  year={2022}
}

@article{zhou2022learning,
  title={Learning to prompt for vision-language models},
  author={Zhou, Kaiyang and Yang, Jingkang and Loy, Chen Change and Liu, Ziwei},
  journal={International Journal of Computer Vision},
  volume={130},
  number={9},
  pages={2337--2348},
  year={2022},
  publisher={Springer}
}

