

@misc{Authors14,
 author = {FirstName LastName},
 title = {The frobnicatable foo filter},
 note = {Face and Gesture submission ID 324. Supplied as supplemental material {\tt fg324.pdf}},
 year = 2014
}

@misc{Authors14b,
 author = {FirstName LastName},
 title = {Frobnication tutorial},
 note = {Supplied as supplemental material {\tt tr.pdf}},
 year = 2014
}

@article{Alpher02,
author = {FirstName Alpher},
title = {Frobnication},
journal = PAMI,
volume = 12,
number = 1,
pages = {234--778},
year = 2002
}

@article{Alpher03,
author = {FirstName Alpher and  FirstName Fotheringham-Smythe},
title = {Frobnication revisited},
journal = {Journal of Foo},
volume = 13,
number = 1,
pages = {234--778},
year = 2003
}

@article{Alpher04,
author = {FirstName Alpher and FirstName Fotheringham-Smythe and FirstName Gamow},
title = {Can a machine frobnicate?},
journal = {Journal of Foo},
volume = 14,
number = 1,
pages = {234--778},
year = 2004
}

@inproceedings{Alpher05,
author = {FirstName Alpher and FirstName Gamow},
title = {Can a computer frobnicate?},
booktitle = CVPR,
pages = {234--778},
year = 2005
}

@article{song2023fd,
  title={FD-Align: Feature Discrimination Alignment for Fine-tuning Pre-Trained Models in Few-Shot Learning},
  author={Song, Kun and Ma, Huimin and Zou, Bochao and Zhang, HuiShuai and Huang, Weiran},
  journal={arXiv preprint arXiv:2310.15105},
  year={2023}
} 

@inproceedings{
hu2022lora,
title={Lo{RA}: Low-Rank Adaptation of Large Language Models},
author={Edward J Hu and Yelong Shen and Phillip Wallis and Zeyuan Allen-Zhu and Yuanzhi Li and Shean Wang and Lu Wang and Weizhu Chen},
booktitle={International Conference on Learning Representations},
year={2022},
url={https://openreview.net/forum?id=nZeVKeeFYf9}
}

@inproceedings{radford2021learning,
  title={Learning transferable visual models from natural language supervision},
  author={Radford, Alec and Kim, Jong Wook and Hallacy, Chris and Ramesh, Aditya and Goh, Gabriel and Agarwal, Sandhini and Sastry, Girish and Askell, Amanda and Mishkin, Pamela and Clark, Jack and others},
  booktitle={International conference on machine learning},
  pages={8748--8763},
  year={2021},
  organization={PMLR}
}

@inproceedings{schroff2015facenet,
  title={Facenet: A unified embedding for face recognition and clustering},
  author={Schroff, Florian and Kalenichenko, Dmitry and Philbin, James},
  booktitle={Proceedings of the IEEE conference on computer vision and pattern recognition},
  pages={815--823},
  year={2015}
}
@article{zhou2022learning,
  title={Learning to prompt for vision-language models},
  author={Zhou, Kaiyang and Yang, Jingkang and Loy, Chen Change and Liu, Ziwei},
  journal={International Journal of Computer Vision},
  volume={130},
  number={9},
  pages={2337--2348},
  year={2022},
  publisher={Springer}
}

@inproceedings{zhou2022conditional,
  title={Conditional prompt learning for vision-language models},
  author={Zhou, Kaiyang and Yang, Jingkang and Loy, Chen Change and Liu, Ziwei},
  booktitle={Proceedings of the IEEE/CVF Conference on Computer Vision and Pattern Recognition},
  pages={16816--16825},
  year={2022}
}

@article{zhu2023not,
  title={Not all features matter: Enhancing few-shot clip with adaptive prior refinement},
  author={Zhu, Xiangyang and Zhang, Renrui and He, Bowei and Zhou, Aojun and Wang, Dong and Zhao, Bin and Gao, Peng},
  journal={arXiv preprint arXiv:2304.01195},
  year={2023}
}

@article{zhang2021tip,
  title={Tip-adapter: Training-free clip-adapter for better vision-language modeling},
  author={Zhang, Renrui and Fang, Rongyao and Zhang, Wei and Gao, Peng and Li, Kunchang and Dai, Jifeng and Qiao, Yu and Li, Hongsheng},
  journal={arXiv preprint arXiv:2111.03930},
  year={2021}
}

@inproceedings{jia2022visual,
  title={Visual prompt tuning},
  author={Jia, Menglin and Tang, Luming and Chen, Bor-Chun and Cardie, Claire and Belongie, Serge and Hariharan, Bharath and Lim, Ser-Nam},
  booktitle={European Conference on Computer Vision},
  pages={709--727},
  year={2022},
  organization={Springer}
}

@inproceedings{kaggle,
  title={Cartoon Frames for Classification and Style Transfer Studies},
  author={VOLKAN Ã–ZDEMIR},
  year={2021},
  organization={kaggle}
}

@article{hertz2022prompt,
  title = {Prompt-to-Prompt Image Editing with Cross Attention Control},
  author = {Hertz, Amir and Mokady, Ron and Tenenbaum, Jay and Aberman, Kfir and Pritch, Yael and Cohen-Or, Daniel},
  journal = {arXiv preprint arXiv:2208.01626},
  year = {2022},
}

@article{chen2020recall,
  title={Recall and learn: Fine-tuning deep pretrained language models with less forgetting},
  author={Chen, Sanyuan and Hou, Yutai and Cui, Yiming and Che, Wanxiang and Liu, Ting and Yu, Xiangzhan},
  journal={arXiv preprint arXiv:2004.12651},
  year={2020}
}

@article{dong2021should,
  title={How should pre-trained language models be fine-tuned towards adversarial robustness?},
  author={Dong, Xinshuai and Luu, Anh Tuan and Lin, Min and Yan, Shuicheng and Zhang, Hanwang},
  journal={Advances in Neural Information Processing Systems},
  volume={34},
  pages={4356--4369},
  year={2021}
}

@article{mosbach2020stability,
  title={On the stability of fine-tuning bert: Misconceptions, explanations, and strong baselines},
  author={Mosbach, Marius and Andriushchenko, Maksym and Klakow, Dietrich},
  journal={arXiv preprint arXiv:2006.04884},
  year={2020}
}

@article{zhai2023investigating,
  title={Investigating the catastrophic forgetting in multimodal large language models},
  author={Zhai, Yuexiang and Tong, Shengbang and Li, Xiao and Cai, Mu and Qu, Qing and Lee, Yong Jae and Ma, Yi},
  journal={arXiv preprint arXiv:2309.10313},
  year={2023}
}

@article{luo2023empirical,
  title={An empirical study of catastrophic forgetting in large language models during continual fine-tuning},
  author={Luo, Yun and Yang, Zhen and Meng, Fandong and Li, Yafu and Zhou, Jie and Zhang, Yue},
  journal={arXiv preprint arXiv:2308.08747},
  year={2023}
}


@inproceedings{scialom2022fine,
  title={Fine-tuned language models are continual learners},
  author={Scialom, Thomas and Chakrabarty, Tuhin and Muresan, Smaranda},
  booktitle={Proceedings of the 2022 Conference on Empirical Methods in Natural Language Processing},
  pages={6107--6122},
  year={2022}
}

@inproceedings{houlsby2019parameter,
  title={Parameter-efficient transfer learning for NLP},
  author={Houlsby, Neil and Giurgiu, Andrei and Jastrzebski, Stanislaw and Morrone, Bruna and De Laroussilhe, Quentin and Gesmundo, Andrea and Attariyan, Mona and Gelly, Sylvain},
  booktitle={International Conference on Machine Learning},
  pages={2790--2799},
  year={2019},
  organization={PMLR}
}

@inproceedings{roy2019mitigating,
  title={Mitigating information leakage in image representations: A maximum entropy approach},
  author={Roy, Proteek Chandan and Boddeti, Vishnu Naresh},
  booktitle={Proceedings of the IEEE/CVF Conference on Computer Vision and Pattern Recognition},
  pages={2586--2594},
  year={2019}
}

@article{xie2017controllable,
  title={Controllable invariance through adversarial feature learning},
  author={Xie, Qizhe and Dai, Zihang and Du, Yulun and Hovy, Eduard and Neubig, Graham},
  journal={Advances in neural information processing systems},
  volume={30},
  year={2017}
}

@article{ding2022domain,
  title={Domain generalization by learning and removing domain-specific features},
  author={Ding, Yu and Wang, Lei and Liang, Bin and Liang, Shuming and Wang, Yang and Chen, Fang},
  journal={Advances in Neural Information Processing Systems},
  volume={35},
  pages={24226--24239},
  year={2022}
}

@inproceedings{voynov2023sketch,
  title={Sketch-guided text-to-image diffusion models},
  author={Voynov, Andrey and Aberman, Kfir and Cohen-Or, Daniel},
  booktitle={ACM SIGGRAPH 2023 Conference Proceedings},
  pages={1--11},
  year={2023}
}

@inproceedings{gafni2022make,
  title={Make-a-scene: Scene-based text-to-image generation with human priors},
  author={Gafni, Oran and Polyak, Adam and Ashual, Oron and Sheynin, Shelly and Parikh, Devi and Taigman, Yaniv},
  booktitle={European Conference on Computer Vision},
  pages={89--106},
  year={2022},
  organization={Springer}
}

@article{meng2021sdedit,
  title={Sdedit: Image synthesis and editing with stochastic differential equations},
  author={Meng, Chenlin and Song, Yang and Song, Jiaming and Wu, Jiajun and Zhu, Jun-Yan and Ermon, Stefano},
  journal={arXiv preprint arXiv:2108.01073},
  year={2021}
}

@inproceedings{avrahami2022blended,
  title={Blended diffusion for text-driven editing of natural images},
  author={Avrahami, Omri and Lischinski, Dani and Fried, Ohad},
  booktitle={Proceedings of the IEEE/CVF Conference on Computer Vision and Pattern Recognition},
  pages={18208--18218},
  year={2022}
}

@inproceedings{ramesh2021zero,
  title={Zero-shot text-to-image generation},
  author={Ramesh, Aditya and Pavlov, Mikhail and Goh, Gabriel and Gray, Scott and Voss, Chelsea and Radford, Alec and Chen, Mark and Sutskever, Ilya},
  booktitle={International Conference on Machine Learning},
  pages={8821--8831},
  year={2021},
  organization={PMLR}
}

@inproceedings{brooks2023instructpix2pix,
  title={Instructpix2pix: Learning to follow image editing instructions},
  author={Brooks, Tim and Holynski, Aleksander and Efros, Alexei A},
  booktitle={Proceedings of the IEEE/CVF Conference on Computer Vision and Pattern Recognition},
  pages={18392--18402},
  year={2023}
}

@article{huang2023region,
  title={Region-aware diffusion for zero-shot text-driven image editing},
  author={Huang, Nisha and Tang, Fan and Dong, Weiming and Lee, Tong-Yee and Xu, Changsheng},
  journal={arXiv preprint arXiv:2302.11797},
  year={2023}
}

@inproceedings{tumanyan2023plug,
  title={Plug-and-play diffusion features for text-driven image-to-image translation},
  author={Tumanyan, Narek and Geyer, Michal and Bagon, Shai and Dekel, Tali},
  booktitle={Proceedings of the IEEE/CVF Conference on Computer Vision and Pattern Recognition},
  pages={1921--1930},
  year={2023}
}

@inproceedings{hendrycks2021many,
  title={The many faces of robustness: A critical analysis of out-of-distribution generalization},
  author={Hendrycks, Dan and Basart, Steven and Mu, Norman and Kadavath, Saurav and Wang, Frank and Dorundo, Evan and Desai, Rahul and Zhu, Tyler and Parajuli, Samyak and Guo, Mike and others},
  booktitle={Proceedings of the IEEE/CVF International Conference on Computer Vision},
  pages={8340--8349},
  year={2021}
}

@inproceedings{venkateswara2017deep,
  title={Deep hashing network for unsupervised domain adaptation},
  author={Venkateswara, Hemanth and Eusebio, Jose and Chakraborty, Shayok and Panchanathan, Sethuraman},
  booktitle={Proceedings of the IEEE conference on computer vision and pattern recognition},
  pages={5018--5027},
  year={2017}
}

@inproceedings{li2017deeper,
  title={Deeper, broader and artier domain generalization},
  author={Li, Da and Yang, Yongxin and Song, Yi-Zhe and Hospedales, Timothy M},
  booktitle={Proceedings of the IEEE international conference on computer vision},
  pages={5542--5550},
  year={2017}
}

@inproceedings{zhang2023adding,
  title={Adding conditional control to text-to-image diffusion models},
  author={Zhang, Lvmin and Rao, Anyi and Agrawala, Maneesh},
  booktitle={Proceedings of the IEEE/CVF International Conference on Computer Vision},
  pages={3836--3847},
  year={2023}
}

@article{kumar2022fine,
  title={Fine-tuning can distort pretrained features and underperform out-of-distribution},
  author={Kumar, Ananya and Raghunathan, Aditi and Jones, Robbie and Ma, Tengyu and Liang, Percy},
  journal={arXiv preprint arXiv:2202.10054},
  year={2022}
}

@inproceedings{wortsman2022robust,
  title={Robust fine-tuning of zero-shot models},
  author={Wortsman, Mitchell and Ilharco, Gabriel and Kim, Jong Wook and Li, Mike and Kornblith, Simon and Roelofs, Rebecca and Lopes, Raphael Gontijo and Hajishirzi, Hannaneh and Farhadi, Ali and Namkoong, Hongseok and others},
  booktitle={Proceedings of the IEEE/CVF Conference on Computer Vision and Pattern Recognition},
  pages={7959--7971},
  year={2022}
}

@inproceedings{xuhong2018explicit,
  title={Explicit inductive bias for transfer learning with convolutional networks},
  author={Xuhong, LI and Grandvalet, Yves and Davoine, Franck},
  booktitle={International Conference on Machine Learning},
  pages={2825--2834},
  year={2018},
  organization={PMLR}
}

@inproceedings{stickland2019bert,
  title={Bert and pals: Projected attention layers for efficient adaptation in multi-task learning},
  author={Stickland, Asa Cooper and Murray, Iain},
  booktitle={International Conference on Machine Learning},
  pages={5986--5995},
  year={2019},
  organization={PMLR}
}

@article{rosenfeld2018incremental,
  title={Incremental learning through deep adaptation},
  author={Rosenfeld, Amir and Tsotsos, John K},
  journal={IEEE transactions on pattern analysis and machine intelligence},
  volume={42},
  number={3},
  pages={651--663},
  year={2018},
  publisher={IEEE}
}

@inproceedings{rebuffi2018efficient,
  title={Efficient parametrization of multi-domain deep neural networks},
  author={Rebuffi, Sylvestre-Alvise and Bilen, Hakan and Vedaldi, Andrea},
  booktitle={Proceedings of the IEEE Conference on Computer Vision and Pattern Recognition},
  pages={8119--8127},
  year={2018}
}

@article{chen2022vision,
  title={Vision transformer adapter for dense predictions},
  author={Chen, Zhe and Duan, Yuchen and Wang, Wenhai and He, Junjun and Lu, Tong and Dai, Jifeng and Qiao, Yu},
  journal={arXiv preprint arXiv:2205.08534},
  year={2022}
}

@article{li2021prefix,
  title={Prefix-tuning: Optimizing continuous prompts for generation},
  author={Li, Xiang Lisa and Liang, Percy},
  journal={arXiv preprint arXiv:2101.00190},
  year={2021}
}

@inproceedings{sohl2015deep,
  title={Deep unsupervised learning using nonequilibrium thermodynamics},
  author={Sohl-Dickstein, Jascha and Weiss, Eric and Maheswaranathan, Niru and Ganguli, Surya},
  booktitle={International conference on machine learning},
  pages={2256--2265},
  year={2015},
  organization={PMLR}
}

@article{dhariwal2021diffusion,
  title={Diffusion models beat gans on image synthesis},
  author={Dhariwal, Prafulla and Nichol, Alexander},
  journal={Advances in neural information processing systems},
  volume={34},
  pages={8780--8794},
  year={2021}
}

@article{kingma2021variational,
  title={Variational diffusion models},
  author={Kingma, Diederik and Salimans, Tim and Poole, Ben and Ho, Jonathan},
  journal={Advances in neural information processing systems},
  volume={34},
  pages={21696--21707},
  year={2021}
}

@inproceedings{rombach2022high,
  title={High-resolution image synthesis with latent diffusion models},
  author={Rombach, Robin and Blattmann, Andreas and Lorenz, Dominik and Esser, Patrick and Ommer, Bj{\"o}rn},
  booktitle={Proceedings of the IEEE/CVF conference on computer vision and pattern recognition},
  pages={10684--10695},
  year={2022}
}

@article{saharia2022photorealistic,
  title={Photorealistic text-to-image diffusion models with deep language understanding},
  author={Saharia, Chitwan and Chan, William and Saxena, Saurabh and Li, Lala and Whang, Jay and Denton, Emily L and Ghasemipour, Kamyar and Gontijo Lopes, Raphael and Karagol Ayan, Burcu and Salimans, Tim and others},
  journal={Advances in Neural Information Processing Systems},
  volume={35},
  pages={36479--36494},
  year={2022}
}

@article{podell2023sdxl,
  title={Sdxl: Improving latent diffusion models for high-resolution image synthesis},
  author={Podell, Dustin and English, Zion and Lacey, Kyle and Blattmann, Andreas and Dockhorn, Tim and M{\"u}ller, Jonas and Penna, Joe and Rombach, Robin},
  journal={arXiv preprint arXiv:2307.01952},
  year={2023}
}

@article{shu2022test,
  title={Test-time prompt tuning for zero-shot generalization in vision-language models},
  author={Shu, Manli and Nie, Weili and Huang, De-An and Yu, Zhiding and Goldstein, Tom and Anandkumar, Anima and Xiao, Chaowei},
  journal={Advances in Neural Information Processing Systems},
  volume={35},
  pages={14274--14289},
  year={2022}
}

@article{gao2023clip,
  title={Clip-adapter: Better vision-language models with feature adapters},
  author={Gao, Peng and Geng, Shijie and Zhang, Renrui and Ma, Teli and Fang, Rongyao and Zhang, Yongfeng and Li, Hongsheng and Qiao, Yu},
  journal={International Journal of Computer Vision},
  pages={1--15},
  year={2023},
  publisher={Springer}
}

@article{wang2018deep,
  title={Deep visual domain adaptation: A survey},
  author={Wang, Mei and Deng, Weihong},
  journal={Neurocomputing},
  volume={312},
  pages={135--153},
  year={2018},
  publisher={Elsevier}
}

@article{zhou2022domain,
  title={Domain generalization: A survey},
  author={Zhou, Kaiyang and Liu, Ziwei and Qiao, Yu and Xiang, Tao and Loy, Chen Change},
  journal={IEEE Transactions on Pattern Analysis and Machine Intelligence},
  year={2022},
  publisher={IEEE}
}

@article{dosovitskiy2020image,
  title={An image is worth 16x16 words: Transformers for image recognition at scale},
  author={Dosovitskiy, Alexey and Beyer, Lucas and Kolesnikov, Alexander and Weissenborn, Dirk and Zhai, Xiaohua and Unterthiner, Thomas and Dehghani, Mostafa and Minderer, Matthias and Heigold, Georg and Gelly, Sylvain and others},
  journal={arXiv preprint arXiv:2010.11929},
  year={2020}
}

@inproceedings{he2016deep,
  title={Deep residual learning for image recognition},
  author={He, Kaiming and Zhang, Xiangyu and Ren, Shaoqing and Sun, Jian},
  booktitle={Proceedings of the IEEE conference on computer vision and pattern recognition},
  pages={770--778},
  year={2016}
}


@article{jia2024finger,
  title={Finger Recovery Transformer: Towards Better Incomplete Fingerprint Identification},
  author={Jia, Zexi and Huang, Chuanwei and Wang, Zheng and Fei, Hongyan and Wu, Song and Feng, Jufu},
  journal={IEEE Transactions on Information Forensics and Security},
  year={2024},
  publisher={IEEE}
}

@article{huang2025semantic,
  title={Semantic to Structure: Learning Structural Representations for Infringement Detection},
  author={Huang, Chuanwei and Jia, Zexi and Fei, Hongyan and Zhu, Yeshuang and Yuan, Zhiqiang and Zhang, Jinchao and Zhou, Jie},
  journal={arXiv preprint arXiv:2502.07323},
  year={2025}
}

@inproceedings{jia2023fingerstr,
  title={FingerSTR: Weak Supervised Transformer for Latent Fingerprint Segmentation},
  author={Jia, Zexi and Wang, Zheng and Wu, Song and Fei, Hongyan and Huang, Chuanwei and Feng, Jufu},
  booktitle={2023 IEEE International Joint Conference on Biometrics (IJCB)},
  pages={1--10},
  year={2023},
  organization={IEEE}
}

@inproceedings{wang2023improving,
  title={Improving Latent Fingerprint Orientation Field Estimation Using Inpainting Techniques},
  author={Wang, Zheng and Jia, Zexi and Huang, Chuanwei and Fei, Hongyan and Wu, Song and Feng, Jufu},
  booktitle={2023 IEEE International Joint Conference on Biometrics (IJCB)},
  pages={1--10},
  year={2023},
  organization={IEEE}
}