@inproceedings{NEURIPS2020_33e75ff0,
 author = {Mendler-D\"{u}nner, Celestine and Perdomo, Juan and Zrnic, Tijana and Hardt, Moritz},
 booktitle = {Advances in the 37th Neural Information Processing Systems},
 editor = {H. Larochelle and M. Ranzato and R. Hadsell and M.F. Balcan and H. Lin},
 pages = {4929--4939},
 title = {Stochastic Optimization for Performative Prediction},
 year = {2020}
}

@inproceedings{bechavod2021gaming,
  title={Gaming helps! learning from strategic interactions in natural dynamics},
  author={Bechavod, Yahav and Ligett, Katrina and Wu, Steven and Ziani, Juba},
  booktitle={International Conference on Artificial Intelligence and Statistics},
  pages={1234--1242},
  year={2021},
  organization={PMLR}
}

@inproceedings{bechavod2022information,
  title={Information discrepancy in strategic learning},
  author={Bechavod, Yahav and Podimata, Chara and Wu, Steven and Ziani, Juba},
  booktitle={International Conference on Machine Learning (ICML)},
  pages={1691--1715},
  year={2022}
}

@inproceedings{bruckner2011stackelberg,
  title={Stackelberg games for adversarial prediction problems},
  author={Br{\"u}ckner, Michael and Scheffer, Tobias},
  booktitle={Proceedings of the 17th ACM SIGKDD international conference on Knowledge discovery and data mining},
  pages={547--555},
  year={2011}
}

@article{cai2022finite,
  title={Finite-time last-iterate convergence for learning in multi-player games},
  author={Cai, Yang and Oikonomou, Argyris and Zheng, Weiqiang},
  journal={Advances in Neural Information Processing Systems},
  volume={35},
  pages={33904--33919},
  year={2022}
}

@inproceedings{cherapanamjeri2023makes,
  title={What makes a good fisherman? linear regression under self-selection bias},
  author={Cherapanamjeri, Yeshwanth and Daskalakis, Constantinos and Ilyas, Andrew and Zampetakis, Manolis},
  booktitle={Proceedings of the 55th Annual ACM Symposium on Theory of Computing},
  pages={1699--1712},
  year={2023}
}

@inproceedings{cohen2023sequential,
  title={Sequential strategic screening},
  author={Cohen, Lee and Sharifi-Malvajerdi, Saeed and Stangl, Kevin and Vakilian, Ali and Ziani, Juba},
  booktitle={International Conference on Machine Learning},
  pages={6279--6295},
  year={2023},
  organization={PMLR}
}

@inproceedings{daskalakis2019last,
  title={Last-Iterate Convergence: Zero-Sum Games and Constrained Min-Max Optimization},
  author={Daskalakis, Constantinos and Panageas, Ioannis},
  booktitle={10th Innovations in Theoretical Computer Science Conference (ITCS 2019)},
  year={2019},
  organization={Schloss-Dagstuhl-Leibniz Zentrum f{\"u}r Informatik}
}

@article{dean2022multi,
  title={Multi-learner risk reduction under endogenous participation dynamics},
  author={Dean, Sarah and Curmei, Mihaela and Ratliff, Lillian J and Morgenstern, Jamie and Fazel, Maryam},
  journal={arXiv e-prints},
  pages={arXiv--2206},
  year={2022}
}

@article{freund1999adaptive,
  title={Adaptive game playing using multiplicative weights},
  author={Freund, Yoav and Schapire, Robert E},
  journal={Games and Economic Behavior},
  volume={29},
  number={1-2},
  pages={79--103},
  year={1999},
  publisher={Elsevier}
}

@article{gaitonde2024sample,
  title={Sample-Efficient Linear Regression with Self-Selection Bias},
  author={Gaitonde, Jason and Mossel, Elchanan},
  journal={arXiv preprint arXiv:2402.14229},
  year={2024}
}

@inproceedings{giannou2021survival,
  title={Survival of the strictest: Stable and unstable equilibria under regularized learning with partial information},
  author={Giannou, Angeliki and Vlatakis-Gkaragkounis, Emmanouil Vasileios and Mertikopoulos, Panayotis},
  booktitle={Conference on Learning Theory},
  pages={2147--2148},
  year={2021},
  organization={PMLR}
}

@article{haghtalab2023calibrated,
  title={Calibrated stackelberg games: Learning optimal commitments against calibrated agents},
  author={Haghtalab, Nika and Podimata, Chara and Yang, Kunhe},
  journal={Advances in Neural Information Processing Systems},
  volume={36},
  year={2023}
}

@inproceedings{hardt2016strategic,
  title={Strategic classification},
  author={Hardt, Moritz and Megiddo, Nimrod and Papadimitriou, Christos and Wootters, Mary},
  booktitle={Proceedings of the 2016 ACM conference on innovations in theoretical computer science},
  pages={111--122},
  year={2016}
}

@article{hardt2022performative,
  title={Performative power},
  author={Hardt, Moritz and Jagadeesan, Meena and Mendler-D{\"u}nner, Celestine},
  journal={Advances in Neural Information Processing Systems},
  volume={35},
  pages={22969--22981},
  year={2022}
}

@article{hardt2023performative,
  title={Performative prediction: Past and future},
  author={Hardt, Moritz and Mendler-D{\"u}nner, Celestine},
  journal={arXiv preprint arXiv:2310.16608},
  year={2023}
}

@article{hart2003uncoupled,
  title={Uncoupled dynamics do not lead to Nash equilibrium},
  author={Hart, Sergiu and Mas-Colell, Andreu},
  journal={American Economic Review},
  volume={93},
  number={5},
  pages={1830--1836},
  year={2003},
  publisher={American Economic Association}
}

@article{hart2005adaptive,
  title={Adaptive heuristics},
  author={Hart, Sergiu},
  journal={Econometrica},
  volume={73},
  number={5},
  pages={1401--1430},
  year={2005},
  publisher={Wiley Online Library}
}

@article{horowitz2024classification,
  title={Classification Under Strategic Self-Selection},
  author={Horowitz, Guy and Sommer, Yonatan and Koren, Moran and Rosenfeld, Nir},
  journal={arXiv preprint arXiv:2402.15274},
  year={2024}
}

@inproceedings{jagadeesan2021alternative,
  title={Alternative microfoundations for strategic classification},
  author={Jagadeesan, Meena and Mendler-D{\"u}nner, Celestine and Hardt, Moritz},
  booktitle={International Conference on Machine Learning},
  pages={4687--4697},
  year={2021},
  organization={PMLR}
}

@inproceedings{koh2021wilds,
  title={Wilds: A benchmark of in-the-wild distribution shifts},
  author={Koh, Pang Wei and Sagawa, Shiori and Marklund, Henrik and Xie, Sang Michael and Zhang, Marvin and Balsubramani, Akshay and Hu, Weihua and Yasunaga, Michihiro and Phillips, Richard Lanas and Gao, Irena and others},
  booktitle={International conference on machine learning},
  pages={5637--5664},
  year={2021},
  organization={PMLR}
}

@article{mendler2020stochastic,
  title={Stochastic optimization for performative prediction},
  author={Mendler-D{\"u}nner, Celestine and Perdomo, Juan and Zrnic, Tijana and Hardt, Moritz},
  journal={Advances in Neural Information Processing Systems},
  volume={33},
  pages={4929--4939},
  year={2020}
}

@article{narang2023multiplayer,
  title={Multiplayer performative prediction: Learning in decision-dependent games},
  author={Narang, Adhyyan and Faulkner, Evan and Drusvyatskiy, Dmitriy and Fazel, Maryam and Ratliff, Lillian J},
  journal={Journal of Machine Learning Research},
  volume={24},
  number={202},
  pages={1--56},
  year={2023}
}

@InProceedings{pmlr-v119-perdomo20a,
  title = 	 {Performative Prediction},
  author =       {Perdomo, Juan and Zrnic, Tijana and Mendler-D{\"u}nner, Celestine and Hardt, Moritz},
  booktitle = 	 {Proceedings of the 37th International Conference on Machine Learning},
  pages = 	 {7599--7609},
  year = 	 {2020},
}

@InProceedings{pmlr-v151-brown22a,
  title = 	 { Performative Prediction in a Stateful World },
  author =       {Brown, Gavin and Hod, Shlomi and Kalemaj, Iden},
  booktitle = 	 {Proceedings of The 25th International Conference on Artificial Intelligence and Statistics},
  pages = 	 {6045--6061},
  year = 	 {2022},

}

@inproceedings{shavit2020causal,
  title={Causal strategic linear regression},
  author={Shavit, Yonadav and Edelman, Benjamin and Axelrod, Brian},
  booktitle={International Conference on Machine Learning},
  pages={8676--8686},
  year={2020},
  organization={PMLR}
}

@inproceedings{stratindark,
  title={Strategic classification in the dark},
  author={Ghalme, Ganesh and Nair, Vineet and Eilat, Itay and Talgam-Cohen, Inbal and Rosenfeld, Nir},
  booktitle={International Conference on Machine Learning},
  pages={3672--3681},
  year={2021},
  organization={PMLR}
}

@article{vlatakis2020no,
  title={No-regret learning and mixed nash equilibria: They do not mix},
  author={Vlatakis-Gkaragkounis, Emmanouil-Vasileios and Flokas, Lampros and Lianeas, Thanasis and Mertikopoulos, Panayotis and Piliouras, Georgios},
  journal={Advances in Neural Information Processing Systems},
  volume={33},
  pages={1380--1391},
  year={2020}
}

@article{zampetakis2022analyzing,
  title={Analyzing data with systematic bias},
  author={Zampetakis, Manolis},
  journal={ACM SIGecom Exchanges},
  volume={20},
  number={1},
  pages={55--63},
  year={2022},
  publisher={ACM New York, NY, USA}
}

