@inproceedings{Gaussian-Grouping,
  title={Gaussian Grouping: Segment and Edit Anything in 3D Scenes},
  author={Mingqiao Ye, Martin Danelljan, Fisher Yu, and Lei Ke},
  booktitle={ECCV},
  year={2024}
}

@inproceedings{Panoptic-deeplab,
  title={Panoptic-deeplab: A simple, strong, and fast baseline for bottom-up panoptic segmentation},
  author={Cheng, Bowen, Maxwell D. Collins, Yukun Zhu, Ting Liu, Thomas S. Huang, Hartwig Adam, and Liang-Chieh Chen},
  booktitle={CVPR},
  year={2020}
}

@inproceedings{SEEM,
  title={Segment Everything Everywhere All at Once},
  author={Xueyan Zou, Jianwei Yang, Hao Zhang, Feng Li, Linjie Li, Jianfeng Wang, Lijuan Wang, Jianfeng Gao, Yong Jae Lee},
  booktitle={NeurIPS},
  year={2023}
}

@inproceedings{SegFormer,
  title={SegFormer: Simple and efficient design for semantic segmentation with transformers},
  author={Xie, Enze, Wenhai Wang, Zhiding Yu, Anima Anandkumar, Jose M. Alvarez, and Ping Luo},
  booktitle={NeurIPS},
  year={2021}
}

@article{SegGPT,
  title={SegGPT: Segmenting Everything In Context},
  author={Wang, Xinlong and Zhang, Xiaosong and Cao, Yue and Wang, Wen and Shen, Chunhua and Huang, Tiejun},
  journal={arXiv preprint arXiv:2304.03284},
  year={2023}
}

@inproceedings{Semantic-SAM,
  title={Segment and Recognize Anything at Any Granularity},
  author={Feng Li, Hao Zhang, Peize Sun, Xueyan Zou, Shilong Liu, Chunyuan Li, Jianwei Yang, Lei Zhang, Jianfeng Gao},
  booktitle={ECCV},
  year={2024}
}

@inproceedings{cascadepsp,
  title={{CascadePSP}: Toward Class-Agnostic and Very High-Resolution Segmentation via Global and Local Refinement},
  author={Cheng, Ho Kei and Chung, Jihoon and Tai, Yu-Wing and Tang, Chi-Keung},
  booktitle={CVPR},
  year={2020}
}

@inproceedings{dai2016instance,
  title={Instance-aware semantic segmentation via multi-task network cascades},
  author={Dai, Jifeng and He, Kaiming and Sun, Jian},
  booktitle={CVPR},
  year={2016}
}

@inproceedings{de2023intra,
  title={Intra-Batch Supervision for Panoptic Segmentation on High-Resolution Images},
  author={de Geus, Daan and Dubbelman, Gijs},
  booktitle= {WACV},
  year={2023}
}

@inproceedings{deeplab-v3,
  title={Rethinking Atrous Convolution for Semantic Image Segmentation},
  author={Liang-Chieh Chen, George Papandreou, Florian Schroff, Hartwig Adam},
  booktitle={arXiv preprint arXiv:1706.05587},
  year={2017}
}

@inproceedings{he2017mask,
	title={Mask r-cnn},
	author={He, Kaiming and Gkioxari, Georgia and Doll{\'a}r, Piotr and Girshick, Ross},
	booktitle={ICCV},
	year={2017}
}

@inproceedings{houlsby2019parameter,
  title={Parameter-efficient transfer learning for NLP},
  author={Houlsby, Neil and Giurgiu, Andrei and Jastrzebski, Stanislaw and Morrone, Bruna and De Laroussilhe, Quentin and Gesmundo, Andrea and Attariyan, Mona and Gelly, Sylvain},
  booktitle={ICML},
  year={2019}
}

@inproceedings{hq-sam,
  title={Segment Anything in High Quality},
  author={Lei Ke, Mingqiao Ye, Martin Danelljan, Yifan Liu, Yu-Wing Tai, Chi-Keung Tang, Fisher Yu},
  booktitle={NeurIPS},
  year={2023}
}

@inproceedings{hrnet,
  title={Deep high-resolution representation learning for visual recognition},
  author={Wang, J., Sun, K., Cheng, T., Jiang, B., Deng, C., Zhao, Y., Liu, D., Mu, Y., Tan, M., Wang, X. and Liu, W.},
  booktitle={TPAMI},
  year={2020}
}

@inproceedings{kirillov2019panoptic,
  title={Panoptic segmentation},
  author={Kirillov, Alexander and He, Kaiming and Girshick, Ross and Rother, Carsten and Doll{\'a}r, Piotr},
  booktitle={CVPR},
  year={2019}
}

@inproceedings{krahenbuhl2011efficient,
  title={Efficient inference in fully connected crfs with gaussian edge potentials},
  author={Kr{\"a}henb{\"u}hl, Philipp and Koltun, Vladlen},
  booktitle={NeurIPS},
  year={2011}
}

@inproceedings{lin2017refinenet,
  title={Refinenet: Multi-path refinement networks for high-resolution semantic segmentation},
  author={Lin, Guosheng and Milan, Anton and Shen, Chunhua and Reid, Ian},
  booktitle= {CVPR},
  year={2017}
}

@inproceedings{liu2024segment,
  title={Segment anything with precise interaction},
  author={Liu, Mengzhen and Wang, Mengyu and Ding, Henghui and Xu, Yilong and Zhao, Yao and Wei, Yunchao},
  booktitle={Proceedings of the 32nd ACM International Conference on Multimedia},
  pages={3790--3799},
  year={2024}

}

@inproceedings{long2015fully,
  title={Fully convolutional networks for semantic segmentation},
  author={Long, Jonathan and Shelhamer, Evan and Darrell, Trevor},
  booktitle={CVPR},
  year={2015}
}

@article{ma2024segment,
  title={Segment anything in medical images},
  author={Ma, Jun and He, Yuting and Li, Feifei and Han, Lin and You, Chenyu and Wang, Bo},
  journal={Nature Communications},
  volume={15},
  number={1},
  pages={654},
  year={2024},
  publisher={Nature Publishing Group UK London}
}

@inproceedings{mask2former,
  title={Masked-attention mask transformer for universal image segmentation},
  author={Cheng, Bowen, Ishan Misra, Alexander G. Schwing, Alexander Kirillov, and Rohit Girdhar},
  booktitle={CVPR},
  year={2022}
}

@inproceedings{maskformer,
  title={Per-Pixel Classification is Not All You Need for Semantic Segmentation},
  author={Bowen Cheng, Alex Schwing, Alexander Kirillov},
  booktitle={NeurIPS},
  year={2021}
}

@inproceedings{medseg1,
  title={Learning Dynamic Convolutions for Multi-modal 3D MRI Brain Tumor Segmentation},
  author={Qiushi Yang, Yixuan Yuan},
  booktitle={MICCAI Workshop},
  year={2020}
}

@article{ravi2024sam,
  title={Sam 2: Segment anything in images and videos},
  author={Ravi, Nikhila and Gabeur, Valentin and Hu, Yuan-Ting and Hu, Ronghang and Ryali, Chaitanya and Ma, Tengyu and Khedr, Haitham and R{\"a}dle, Roman and Rolland, Chloe and Gustafson, Laura and others},
  journal={arXiv preprint arXiv:2408.00714},
  year={2024}
}

@inproceedings{sam,
  title={Segment Anything},
  author={Kirillov, Alexander and Mintun, Eric and Ravi, Nikhila and Mao, Hanzi and Rolland, Chloe and Gustafson, Laura and Xiao, Tete and Whitehead, Spencer and Berg, Alexander C. and Lo, Wan-Yen and Doll{\'a}r, Piotr and Girshick, Ross},
  booktitle={ICCV},
  year={2023}
}

@inproceedings{sam2,
  title={Sam2: Segment anything in images and videos},
  author={Ravi, N., Gabeur, V., Hu, Y.T., Hu, R., Ryali, C., Ma, T., Khedr, H., RÃ¤dle, R., Rolland, C., Gustafson, L. and Mintun, E.},
  booktitle={arXiv preprint arXiv:2408.00714},
  year={2024}
}

@inproceedings{shen2022high,
  title={High quality segmentation for ultra high-resolution images},
  author={Shen, Tiancheng and Zhang, Yuechen and Qi, Lu and Kuen, Jason and Xie, Xingyu and Wu, Jianlong and Lin, Zhe and Jia, Jiaya},
  booktitle={CVPR},
  year={2022}
}

@inproceedings{swin-unet,
  title={Swin-unet: Unet-like pure transformer for medical image segmentation},
  author={Cao, H., Wang, Y., Chen, J., Jiang, D., Zhang, X., Tian, Q. and Wang, },
  booktitle={ECCV},
  year={2022}
}

@inproceedings{takikawa2019gated,
  title={Gated-SCNN: Gated Shape CNNs for Semantic Segmentation},
  author={Takikawa, Towaki and Acuna, David and Jampani, Varun and Fidler, Sanja},
  booktitle={ICCV},
  year={2019}
}

@inproceedings{tang2021look,
  title={Look Closer to Segment Better: Boundary Patch Refinement for Instance Segmentation},
  author={Chufeng Tang and Hang Chen and Xiao Li and Jianmin Li and Zhaoxiang Zhang and Xiaolin Hu},
  booktitle={CVPR},
  year={2021}
}

@inproceedings{transfiner,
    author={Ke, Lei and Danelljan, Martin and Li, Xia and Tai, Yu-Wing and Tang, Chi-Keung and Yu, Fisher},
    title={Mask Transfiner for High-Quality Instance Segmentation},
    booktitle ={CVPR},
    year = {2022}
}

@inproceedings{vmt,
    title = {Video Mask Transfiner for High-Quality Video Instance Segmentation},
    author = {Ke, Lei and Ding, Henghui and Danelljan, Martin and Tai, Yu-Wing and Tang, Chi-Keung and Yu, Fisher},
    booktitle = {ECCV},
    year = {2022}
}

@article{wang2023segrefiner,
  title={Segrefiner: Towards model-agnostic segmentation refinement with discrete diffusion process},
  author={Wang, Mengyu and Ding, Henghui and Liew, Jun Hao and Liu, Jiajun and Zhao, Yao and Wei, Yunchao},
  journal={arXiv preprint arXiv:2312.12425},
  year={2023}
}

@article{xu2024embodiedsam,
  title={Embodiedsam: Online segment any 3d thing in real time},
  author={Xu, Xiuwei and Chen, Huangxing and Zhao, Linqing and Wang, Ziwei and Zhou, Jie and Lu, Jiwen},
  journal={arXiv preprint arXiv:2408.11811},
  year={2024}
}

@article{yang2024samurai,
  title={Samurai: Adapting segment anything model for zero-shot visual tracking with motion-aware memory},
  author={Yang, Cheng-Yen and Huang, Hsiang-Wei and Chai, Wenhao and Jiang, Zhongyu and Hwang, Jenq-Neng},
  journal={arXiv preprint arXiv:2411.11922},
  year={2024}
}

@inproceedings{yuan2020segfix,
  title={Segfix: Model-agnostic boundary refinement for segmentation},
  author={Yuan, Yuhui and Xie, Jingyi and Chen, Xilin and Wang, Jingdong},
  booktitle={ECCV},
  year={2020}
}

@inproceedings{zhao2017pyramid,
  title={Pyramid scene parsing network},
  author={Zhao, Hengshuang and Shi, Jianping and Qi, Xiaojuan and Wang, Xiaogang and Jia, Jiaya},
  booktitle={CVPR},
  year={2017}
}

@inproceedings{zhao2018icnet,
  title={Icnet for real-time semantic segmentation on high-resolution images},
  author={Zhao, Hengshuang and Qi, Xiaojuan and Shen, Xiaoyong and Shi, Jianping and Jia, Jiaya},
  booktitle= {ECCV},
  year={2018}
}

