@STRING{ACCV  = {Proc. Asian Conf. Comp. Vis.}}
@STRING{CVPR  = {Proc. IEEE Conf. Comp. Vis. Patt. Recogn.}}
@STRING{ECCV  = {Proc. Eur. Conf. Comp. Vis.}}
@STRING{BMVC  = {Proc. British Machine  Vis. Conf.}}
@STRING{ICCV  = {Proc. IEEE Int. Conf. Comp. Vis.}}
@STRING{ICIP  = {Proc. IEEE Int. Conf. Image Process.}}
@STRING{ICPR  = {Proc. Int. Conf. Patt. Recogn.}}

@STRING{ICML  = {Proc. Int. Conf. Mach. Learn.}}
@STRING{ICLR  = {Proc. Int. Conf. Learn. Representations}}
@STRING{UAI   = {Proc. Conf. Uncertainty in Artificial Intelli.}}
@STRING{COLT  = {Proc. Annual Conf. Learn. Theory}}


@STRING{IJCAI   = {Proc. Int. Joint Conf. Artificial Intell.}}
@STRING{AAAI    = {Proc. {AAAI} Conf. Artificial Intell.}}


@STRING{AISTATS = {Proc. Int. Conf. Artificial Intell. \& Stat.}}
@STRING{NIPS    = {Proc. Advances in Neural Inf. Process. Syst.}}
@STRING{KDD     = {Proc. {ACM SIGKDD} Int. Conf. Knowledge discovery \& data mining}}

@STRING{MM      = {Proc. {ACM} Int. Conf. Multimedia}}
@STRING{ACMMM   = {Proc. {ACM} Int. Conf. Multimedia}}

@STRING{IROS   = {Proc. {IEEE/RSJ} Int. Conf. Intelligent Robots \& Systems}}


@STRING{JMLR    = {J. Mach. Learn. Res.}}
@STRING{ML      = {Mach. Learn.}}
@STRING{MS      = {Management Sci.}}

@STRING{PR      = {Pattern Recogn.}}

@STRING{TAC         = "{IEEE} Trans. Autom. Control"}
@STRING{TCSVT       = "{IEEE} Trans. Circuits Syst. Video Technol."}
@STRING{TSP         = "{IEEE} Trans. Signal Process."}
@STRING{TSTSP       = "{IEEE} J. Sel. Topics Signal Process."}


@STRING{TIT         = "{IEEE} Trans. Inf. Theory"}
@STRING{TKDE        = "{IEEE} Trans. Knowl. Data Eng."}

@STRING{TNN         = "{IEEE} Trans. Neural Netw."}
@STRING{TNNLS       = "{IEEE} Trans. Neural Netw. \& Learn. Syst."}
@STRING{TIP         = "{IEEE} Trans. Image Process."}
@STRING{TMM         = "{IEEE} Trans. Multimedia"}


@STRING{JRA         = "{IEEE} J. Robot. Autom."}
@STRING{TPAMI       = "{IEEE} Trans. Pattern Anal. Mach. Intell."}
@STRING{PAMI       = "{IEEE} Trans. Pattern Anal. Mach. Intell."}

@STRING{TRA         = "{IEEE} Trans. Robot. Autom."}
@STRING{TRO         = "{IEEE} Trans. Robot."}
@STRING{TSMC        = "{IEEE} Trans. Syst., Man, Cybern."}
@STRING{TSMCA       = "{IEEE} Trans. Syst., Man, Cybern. {A}"}
@STRING{TSMCB       = "{IEEE} Trans. Syst., Man, Cybern. {B}"}
@STRING{TSMCC       = "{IEEE} Trans. Syst., Man, Cybern. {C}"}

@STRING{IEEE_PROC   = "Proc. {IEEE}"}
@STRING{IEEEPROC    = "Proc. {IEEE}"}

@STRING{IJCV  = "Int. J. Comput. Vision"}
@STRING{CVIU  = {Comp. Vis. Image Understanding}}

@STRING{CoRR  = {arXiv: Comp. Res. Repository}}

@STRING{IC3DV  = {Int. Conf. 3D Vision}}
@STRING{ICRA  = {Proc. IEEE Int. Conf. Robotics & Automation.}}
@STRING{WACV  = {IEEE Winter. Conf.  Applications of Comp. Vis.}}
@STRING{ICASSP  = {Proc. IEEE Int. Conf. Acoust. Sph. Sig Process.}}
@STRING{TMI         = "{IEEE} Trans. Med. Imaging"}

@STRING{ICDAR         = "Proc. Int. Conf. Document Analysis  Recogn."}


@book{szeliski2022computer,
  title={Computer vision: algorithms and applications},
  author={Szeliski, Richard},
  year={2022},
  publisher={Springer Nature}
}
@inproceedings{he2017mask,
	title={Mask r-cnn},
	author={He, Kaiming and Gkioxari, Georgia and Doll{\'a}r, Piotr and Girshick, Ross},
	booktitle={ICCV},
	year={2017}
}
@inproceedings{dai2016instance,
  title={Instance-aware semantic segmentation via multi-task network cascades},
  author={Dai, Jifeng and He, Kaiming and Sun, Jian},
  booktitle={CVPR},
  year={2016}
}


@inproceedings{kirillov2019panoptic,
  title={Panoptic segmentation},
  author={Kirillov, Alexander and He, Kaiming and Girshick, Ross and Rother, Carsten and Doll{\'a}r, Piotr},
  booktitle={CVPR},
  year={2019}
}

@inproceedings{long2015fully,
  title={Fully convolutional networks for semantic segmentation},
  author={Long, Jonathan and Shelhamer, Evan and Darrell, Trevor},
  booktitle={CVPR},
  year={2015}
}

@inproceedings{tian2020conditional,
  title={Conditional convolutions for instance segmentation},
  author={Tian, Zhi and Shen, Chunhua and Chen, Hao},
  booktitle={ECCV},
  year={2020},
}

@inproceedings{wang2020solo,
  title={Solo: Segmenting objects by locations},
  author={Wang, Xinlong and Kong, Tao and Shen, Chunhua and Jiang, Yuning and Li, Lei},
  booktitle={ECCV},
  year={2020},
}
@inproceedings{chen2019hybrid,
  title={Hybrid task cascade for instance segmentation},
  author={Chen, Kai and Pang, Jiangmiao and Wang, Jiaqi and Xiong, Yu and Li, Xiaoxiao and Sun, Shuyang and Feng, Wansen and Liu, Ziwei and Shi, Jianping and Ouyang, Wanli and others},
  booktitle={CVPR},
  year={2019}
}


@article{EVA-CLIP,
  title={EVA-CLIP: Improved Training Techniques for CLIP at Scale},
  author={Sun, Quan and Fang, Yuxin and Wu, Ledell and Wang, Xinlong and Cao, Yue},
  journal={arXiv preprint arXiv:2303.15389},
  year={2023}
}

@article{SegGPT,
  title={SegGPT: Segmenting Everything In Context},
  author={Wang, Xinlong and Zhang, Xiaosong and Cao, Yue and Wang, Wen and Shen, Chunhua and Huang, Tiejun},
  journal={arXiv preprint arXiv:2304.03284},
  year={2023}
}


=========================yy
@article{alexey2020image,
  title={An image is worth 16x16 words: Transformers for image recognition at scale},
  author={Alexey, Dosovitskiy},
  journal={arXiv preprint arXiv: 2010.11929},
  year={2020}
}

@article{ding2024sam2long,
  title={Sam2long: Enhancing sam 2 for long video segmentation with a training-free memory tree},
  author={Ding, Shuangrui and Qian, Rui and Dong, Xiaoyi and Zhang, Pan and Zang, Yuhang and Cao, Yuhang and Guo, Yuwei and Lin, Dahua and Wang, Jiaqi},
  journal={arXiv preprint arXiv:2410.16268},
  year={2024}
}



@inproceedings{liu2024segment,
  title={Segment anything with precise interaction},
  author={Liu, Mengzhen and Wang, Mengyu and Ding, Henghui and Xu, Yilong and Zhao, Yao and Wei, Yunchao},
  booktitle={Proceedings of the 32nd ACM International Conference on Multimedia},
  pages={3790--3799},
  year={2024}

}

@inproceedings{liu2018receptive,
  title={Receptive field block net for accurate and fast object detection},
  author={Liu, Songtao and Huang, Di and others},
  booktitle={Proceedings of the European conference on computer vision (ECCV)},
  pages={385--400},
  year={2018}
}


@inproceedings{liu2024rethinking,
  title={Rethinking Interactive Image Segmentation with Low Latency High Quality and Diverse Prompts},
  author={Liu, Qin and Cho, Jaemin and Bansal, Mohit and Niethammer, Marc},
  booktitle={Proceedings of the IEEE/CVF Conference on Computer Vision and Pattern Recognition},
  pages={3773--3782},
  year={2024}
}

@article{ravi2024sam,
  title={Sam 2: Segment anything in images and videos},
  author={Ravi, Nikhila and Gabeur, Valentin and Hu, Yuan-Ting and Hu, Ronghang and Ryali, Chaitanya and Ma, Tengyu and Khedr, Haitham and R{\"a}dle, Roman and Rolland, Chloe and Gustafson, Laura and others},
  journal={arXiv preprint arXiv:2408.00714},
  year={2024}
}

@inproceedings{ryali2023hiera,
  title={Hiera: A hierarchical vision transformer without the bells-and-whistles},
  author={Ryali, Chaitanya and Hu, Yuan-Ting and Bolya, Daniel and Wei, Chen and Fan, Haoqi and Huang, Po-Yao and Aggarwal, Vaibhav and Chowdhury, Arkabandhu and Poursaeed, Omid and Hoffman, Judy and others},
  booktitle={International Conference on Machine Learning},
  pages={29441--29454},
  year={2023},
  organization={PMLR}
}

@article{shen2023anything,
  title={Anything-3d: Towards single-view anything reconstruction in the wild},
  author={Shen, Qiuhong and Yang, Xingyi and Wang, Xinchao},
  journal={arXiv preprint arXiv:2304.10261},
  year={2023}
}

@article{tang2023can,
  title={Can sam segment anything? when sam meets camouflaged object detection},
  author={Tang, Lv and Xiao, Haoke and Li, Bo},
  journal={arXiv preprint arXiv:2304.04709},
  year={2023}
}

@article{wang2023segrefiner,
  title={Segrefiner: Towards model-agnostic segmentation refinement with discrete diffusion process},
  author={Wang, Mengyu and Ding, Henghui and Liew, Jun Hao and Liu, Jiajun and Zhao, Yao and Wei, Yunchao},
  journal={arXiv preprint arXiv:2312.12425},
  year={2023}
}

@article{wu2023medical,
  title={Medical sam adapter: Adapting segment anything model for medical image segmentation},
  author={Wu, Junde and Ji, Wei and Liu, Yuanpei and Fu, Huazhu and Xu, Min and Xu, Yanwu and Jin, Yueming},
  journal={arXiv preprint arXiv:2304.12620},
  year={2023}
}

@article{xie2023edit,
  title={Edit everything: A text-guided generative system for images editing},
  author={Xie, Defeng and Wang, Ruichen and Ma, Jian and Chen, Chen and Lu, Haonan and Yang, Dong and Shi, Fobo and Lin, Xiaodong},
  journal={arXiv preprint arXiv:2304.14006},
  year={2023}
}

@article{xu2024embodiedsam,
  title={Embodiedsam: Online segment any 3d thing in real time},
  author={Xu, Xiuwei and Chen, Huangxing and Zhao, Linqing and Wang, Ziwei and Zhou, Jie and Lu, Jiwen},
  journal={arXiv preprint arXiv:2408.11811},
  year={2024}
}

@article{yang2024samurai,
  title={Samurai: Adapting segment anything model for zero-shot visual tracking with motion-aware memory},
  author={Yang, Cheng-Yen and Huang, Hsiang-Wei and Chai, Wenhao and Jiang, Zhongyu and Hwang, Jenq-Neng},
  journal={arXiv preprint arXiv:2411.11922},
  year={2024}
}

@article{yu2023inpaint,
  title={Inpaint anything: Segment anything meets image inpainting},
  author={Yu, Tao and Feng, Runseng and Feng, Ruoyu and Liu, Jinming and Jin, Xin and Zeng, Wenjun and Chen, Zhibo},
  journal={arXiv preprint arXiv:2304.06790},
  year={2023}
}

@inproceedings{yu2024multi,
  title={Multi-view Aggregation Network for Dichotomous Image Segmentation},
  author={Yu, Qian and Zhao, Xiaoqi and Pang, Youwei and Zhang, Lihe and Lu, Huchuan},
  booktitle={Proceedings of the IEEE/CVF Conference on Computer Vision and Pattern Recognition},
  pages={3921--3930},
  year={2024}
}


% ============================== HQ-SAM ref ==============================
@inproceedings{maskfreevis,
    author={Ke, Lei and Danelljan, Martin and Ding, Henghui and Tai, Yu-Wing and Tang, Chi-Keung and Yu, Fisher},
    title={Mask-Free Video Instance Segmentation},
    booktitle = {CVPR},
    year = {2023}
} 

@inproceedings{clip,
  title={Learning transferable visual models from natural language supervision},
  author={Radford, Alec and Kim, Jong Wook and Hallacy, Chris and Ramesh, Aditya and Goh, Gabriel and Agarwal, Sandhini and Sastry, Girish and Askell, Amanda and Mishkin, Pamela and Clark, Jack and others},
  booktitle= {ICML},
  year={2021}
}

@inproceedings{gupta2019lvis,
  title={Lvis: A dataset for large vocabulary instance segmentation},
  author={Gupta, Agrim and Dollar, Piotr and Girshick, Ross},
  booktitle={CVPR},
  year={2019}
}

@inproceedings{dino,
      title={DINO: DETR with Improved DeNoising Anchor Boxes for End-to-End Object Detection}, 
      author={Hao Zhang and Feng Li and Shilong Liu and Lei Zhang and Hang Su and Jun Zhu and Lionel M. Ni and Heung-Yeung Shum},
      booktitle={ICLR},
      year={2023}
}

@article{ghiasi2022vision,
  title={What do Vision Transformers Learn? A Visual Exploration},
  author={Ghiasi, Amin and Kazemi, Hamid and Borgnia, Eitan and Reich, Steven and Shu, Manli and Goldblum, Micah and Wilson, Andrew Gordon and Goldstein, Tom},
  journal={arXiv preprint arXiv:2212.06727},
  year={2022}
}

@article{cheng2021mask2former,
  title={Mask2former for video instance segmentation},
  author={Cheng, Bowen and Choudhuri, Anwesa and Misra, Ishan and Kirillov, Alexander and Girdhar, Rohit and Schwing, Alexander G},
  journal={arXiv preprint arXiv:2112.10764},
  year={2021}
}

@inproceedings{zou2023generalized,
  title={Generalized decoding for pixel, image, and language},
  author={Zou, Xueyan and Dou, Zi-Yi and Yang, Jianwei and Gan, Zhe and Li, Linjie and Li, Chunyuan and Dai, Xiyang and Behl, Harkirat and Wang, Jianfeng and Yuan, Lu and others},
  booktitle={CVPR},
  year={2023}
}

@article{liu2023grounding,
  title={Grounding dino: Marrying dino with grounded pre-training for open-set object detection},
  author={Liu, Shilong and Zeng, Zhaoyang and Ren, Tianhe and Li, Feng and Zhang, Hao and Yang, Jie and Li, Chunyuan and Yang, Jianwei and Su, Hang and Zhu, Jun and others},
  journal={arXiv preprint arXiv:2303.05499},
  year={2023}
}

@inproceedings{li2022exploring,
  title={Exploring plain vision transformer backbones for object detection},
  author={Li, Yanghao and Mao, Hanzi and Girshick, Ross and He, Kaiming},
  booktitle={ECCV},
  year={2022}
}


@inproceedings{hu2021lora,
  title={Lora: Low-rank adaptation of large language models},
  author={Hu, Edward J and Shen, Yelong and Wallis, Phillip and Allen-Zhu, Zeyuan and Li, Yuanzhi and Wang, Shean and Wang, Lu and Chen, Weizhu},
  booktitle={ICLR},
  year={2022}
}

@inproceedings{yang2023aim,
  title={AIM: Adapting image models for efficient video action recognition},
  author={Yang, Taojiannan and Zhu, Yi and Xie, Yusheng and Zhang, Aston and Chen, Chen and Li, Mu},
  booktitle={ICLR},
  year={2023}
}

@inproceedings{cascadepsp,
  title={{CascadePSP}: Toward Class-Agnostic and Very High-Resolution Segmentation via Global and Local Refinement},
  author={Cheng, Ho Kei and Chung, Jihoon and Tai, Yu-Wing and Tang, Chi-Keung},
  booktitle={CVPR},
  year={2020}
}

@inproceedings{zeng2019towards,
  title={Towards high-resolution salient object detection},
  author={Zeng, Yi and Zhang, Pingping and Zhang, Jianming and Lin, Zhe and Lu, Huchuan},
  booktitle= {ICCV},
  year={2019}
}

@article{bommasani2021opportunities,
  title={On the opportunities and risks of foundation models},
  author={Bommasani, Rishi and Hudson, Drew A and Adeli, Ehsan and Altman, Russ and Arora, Simran and von Arx, Sydney and Bernstein, Michael S and Bohg, Jeannette and Bosselut, Antoine and Brunskill, Emma and others},
  journal={arXiv preprint arXiv:2108.07258},
  year={2021}
}

@inproceedings{brown2020language,
  title={Language models are few-shot learners},
  author={Brown, Tom and Mann, Benjamin and Ryder, Nick and Subbiah, Melanie and Kaplan, Jared D and Dhariwal, Prafulla and Neelakantan, Arvind and Shyam, Pranav and Sastry, Girish and Askell, Amanda and others},
  booktitle={NeurIPS},
  year={2020}
}

@inproceedings{shen2022high,
  title={High quality segmentation for ultra high-resolution images},
  author={Shen, Tiancheng and Zhang, Yuechen and Qi, Lu and Kuen, Jason and Xie, Xingyu and Wu, Jianlong and Lin, Zhe and Jia, Jiaya},
  booktitle={CVPR},
  year={2022}
}

@article{xing2022class,
  title={Class-aware visual prompt tuning for vision-language pre-trained model},
  author={Xing, Yinghui and Wu, Qirui and Cheng, De and Zhang, Shizhou and Liang, Guoqiang and Zhang, Yanning},
  journal={arXiv preprint arXiv:2208.08340},
  year={2022}
}

@inproceedings{jia2022visual,
  title={Visual prompt tuning},
  author={Jia, Menglin and Tang, Luming and Chen, Bor-Chun and Cardie, Claire and Belongie, Serge and Hariharan, Bharath and Lim, Ser-Nam},
  booktitle= {ECCV},
  year={2022},
}

@article{yao2021cpt,
  title={Cpt: Colorful prompt tuning for pre-trained vision-language models},
  author={Yao, Yuan and Zhang, Ao and Zhang, Zhengyan and Liu, Zhiyuan and Chua, Tat-Seng and Sun, Maosong},
  journal={arXiv preprint arXiv:2109.11797},
  year={2021}
}

@article{zhou2022coop,
    title={Learning to Prompt for Vision-Language Models},
    author={Zhou, Kaiyang and Yang, Jingkang and Loy, Chen Change and Liu, Ziwei},
    journal={International Journal of Computer Vision},
    year={2022}
}


@article{li2021prefix,
  title={Prefix-tuning: Optimizing continuous prompts for generation},
  author={Li, Xiang Lisa and Liang, Percy},
  journal={arXiv preprint arXiv:2101.00190},
  year={2021}
}

@inproceedings{hinterstoisser2018pre,
  title={On pre-trained image features and synthetic images for deep learning},
  author={Hinterstoisser, Stefan and Lepetit, Vincent and Wohlhart, Paul and Konolige, Kurt},
  booktitle={ECCV Workshops},
  year={2018}
}


@inproceedings{houlsby2019parameter,
  title={Parameter-efficient transfer learning for NLP},
  author={Houlsby, Neil and Giurgiu, Andrei and Jastrzebski, Stanislaw and Morrone, Bruna and De Laroussilhe, Quentin and Gesmundo, Andrea and Attariyan, Mona and Gelly, Sylvain},
  booktitle={ICML},
  year={2019}
}



@inproceedings{zhou2022zegclip,
  title={ZegCLIP: Towards adapting CLIP for zero-shot semantic segmentation},
  author={Zhou, Ziqin and Lei, Yinjie and Zhang, Bowen and Liu, Lingqiao and Liu, Yifan},
  booktitle={CVPR},
  year={2023}
}


@inproceedings{tang2021look,
  title={Look Closer to Segment Better: Boundary Patch Refinement for Instance Segmentation},
  author={Chufeng Tang and Hang Chen and Xiao Li and Jianmin Li and Zhaoxiang Zhang and Xiaolin Hu},
  booktitle={CVPR},
  year={2021}
}

@inproceedings{zhao2017pyramid,
  title={Pyramid scene parsing network},
  author={Zhao, Hengshuang and Shi, Jianping and Qi, Xiaojuan and Wang, Xiaogang and Jia, Jiaya},
  booktitle={CVPR},
  year={2017}
}

@inproceedings{takikawa2019gated,
  title={Gated-SCNN: Gated Shape CNNs for Semantic Segmentation},
  author={Takikawa, Towaki and Acuna, David and Jampani, Varun and Fidler, Sanja},
  booktitle={ICCV},
  year={2019}
}

@inproceedings{yuan2020segfix,
  title={Segfix: Model-agnostic boundary refinement for segmentation},
  author={Yuan, Yuhui and Xie, Jingyi and Chen, Xilin and Wang, Jingdong},
  booktitle={ECCV},
  year={2020}
}

@inproceedings{dias2019semantic,
  title={Semantic segmentation refinement by monte carlo region growing of high confidence detections},
  author={Dias, Philipe Ambrozio and Medeiros, Henry},
  booktitle= {ACCV},
  year={2019}
}

@inproceedings{krahenbuhl2011efficient,
  title={Efficient inference in fully connected crfs with gaussian edge potentials},
  author={Kr{\"a}henb{\"u}hl, Philipp and Koltun, Vladlen},
  booktitle={NeurIPS},
  year={2011}
}

@inproceedings{zhao2018icnet,
  title={Icnet for real-time semantic segmentation on high-resolution images},
  author={Zhao, Hengshuang and Qi, Xiaojuan and Shen, Xiaoyong and Shi, Jianping and Jia, Jiaya},
  booktitle= {ECCV},
  year={2018}
}

@inproceedings{de2023intra,
  title={Intra-Batch Supervision for Panoptic Segmentation on High-Resolution Images},
  author={de Geus, Daan and Dubbelman, Gijs},
  booktitle= {WACV},
  year={2023}
}

@inproceedings{yang2019video,
  title={Video instance segmentation},
  author={Yang, Linjie and Fan, Yuchen and Xu, Ning},
  booktitle= {ICCV},
  year={2019}
}

@inproceedings{lin2017refinenet,
  title={Refinenet: Multi-path refinement networks for high-resolution semantic segmentation},
  author={Lin, Guosheng and Milan, Anton and Shen, Chunhua and Reid, Ian},
  booktitle= {CVPR},
  year={2017}
}

@inproceedings{vmt,
    title = {Video Mask Transfiner for High-Quality Video Instance Segmentation},
    author = {Ke, Lei and Ding, Henghui and Danelljan, Martin and Tai, Yu-Wing and Tang, Chi-Keung and Yu, Fisher},
    booktitle = {ECCV},
    year = {2022}
}

@inproceedings{ghiasi2021simple,
  title={Simple copy-paste is a strong data augmentation method for instance segmentation},
  author={Ghiasi, Golnaz and Cui, Yin and Srinivas, Aravind and Qian, Rui and Lin, Tsung-Yi and Cubuk, Ekin D and Le, Quoc V and Zoph, Barret},
  booktitle= {CVPR},
  year={2021}
}

@inproceedings{kirillov2020pointrend,
  title={Pointrend: Image segmentation as rendering},
  author={Kirillov, Alexander and Wu, Yuxin and He, Kaiming and Girshick, Ross},
  booktitle= {CVPR},
  year={2020}
}

@inproceedings{cheng2021boundary,
  title={Boundary {IoU}: Improving Object-Centric Image Segmentation Evaluation},
  author={Bowen Cheng and Ross Girshick and Piotr Doll{\'a}r and Alexander C. Berg and Alexander Kirillov},
  booktitle={CVPR},
  year={2021}
}

@inproceedings{cordts2016cityscapes,
  title={The cityscapes dataset for semantic urban scene understanding},
  author={Cordts, Marius and Omran, Mohamed and Ramos, Sebastian and Rehfeld, Timo and Enzweiler, Markus and Benenson, Rodrigo and Franke, Uwe and Roth, Stefan and Schiele, Bernt},
  booktitle= {CVPR},
  year={2016}
}

@inproceedings{lin2014microsoft,
  title={Microsoft coco: Common objects in context},
  author={Lin, Tsung-Yi and Maire, Michael and Belongie, Serge and Hays, James and Perona, Pietro and Ramanan, Deva and Doll{\'a}r, Piotr and Zitnick, C Lawrence},
  booktitle= {ECCV},
  year={2014}
}

@inproceedings{uvo,
  title={Unidentified video objects: A benchmark for dense, open-world segmentation},
  author={Wang, Weiyao and Feiszli, Matt and Wang, Heng and Tran, Du},
  booktitle= {CVPR},
  year={2021}
}

@article{trotter2020ndd20,
  title={NDD20: A large-scale few-shot dolphin dataset for coarse and fine-grained categorisation},
  author={Trotter, Cameron and Atkinson, Georgia and Sharpe, Matt and Richardson, Kirsten and McGough, A Stephen and Wright, Nick and Burville, Ben and Berggren, Per},
  journal={arXiv preprint arXiv:2005.13359},
  year={2020}
}

@inproceedings{li2022dn,
  title={Dn-detr: Accelerate detr training by introducing query denoising},
  author={Li, Feng and Zhang, Hao and Liu, Shilong and Guo, Jian and Ni, Lionel M and Zhang, Lei},
  booktitle={CVPR},
  year={2022}
}

@article{Pont-Tuset_arXiv_2017,
  author = {Jordi Pont-Tuset and Federico Perazzi and Sergi Caelles and Pablo Arbel\'aez and Alexander Sorkine-Hornung and Luc {Van Gool}},
  title = {The 2017 DAVIS Challenge on Video Object Segmentation},
  journal = {arXiv:1704.00675},
  year = {2017}
}


@article{kuznetsova2020open,
  title={The open images dataset v4: Unified image classification, object detection, and visual relationship detection at scale},
  author={Kuznetsova, Alina and Rom, Hassan and Alldrin, Neil and Uijlings, Jasper and Krasin, Ivan and Pont-Tuset, Jordi and Kamali, Shahab and Popov, Stefan and Malloci, Matteo and Kolesnikov, Alexander and others},
  journal={IJCV},
  volume={128},
  number={7},
  pages={1956--1981},
  year={2020},
  publisher={Springer}
}

            
@inproceedings{sam,
  title={Segment Anything},
  author={Kirillov, Alexander and Mintun, Eric and Ravi, Nikhila and Mao, Hanzi and Rolland, Chloe and Gustafson, Laura and Xiao, Tete and Whitehead, Spencer and Berg, Alexander C. and Lo, Wan-Yen and Doll{\'a}r, Piotr and Girshick, Ross},
  booktitle={ICCV},
  year={2023}
}

@article{mobile_sam,
  title={Faster Segment Anything: Towards Lightweight SAM for Mobile Applications},
  author={Zhang, Chaoning and Han, Dongshen and Qiao, Yu and Kim, Jung Uk and Bae, Sung-Ho and Lee, Seungkyu and Hong, Choong Seon},
  journal={arXiv preprint arXiv:2306.14289},
  year={2023}
}

@inproceedings{transfiner,
    author={Ke, Lei and Danelljan, Martin and Li, Xia and Tai, Yu-Wing and Tang, Chi-Keung and Yu, Fisher},
    title={Mask Transfiner for High-Quality Instance Segmentation},
    booktitle ={CVPR},
    year = {2022}
}  


@InProceedings{qin2022,
      author={Xuebin Qin and Hang Dai and Xiaobin Hu and Deng-Ping Fan and Ling Shao and Luc Van Gool},
      title={Highly Accurate Dichotomous Image Segmentation},
      booktitle= {ECCV},
      year={2022}
}

@InProceedings{wen2023patchdct,
  title={Patchdct: Patch refinement for high quality instance segmentation},
  author={Wen, Qinrou and Yang, Jirui and Yang, Xue and Liang, Kewei},
  booktitle={ICLR},
  year={2023}
}

@inproceedings{carion2020end,
  title={End-to-end object detection with transformers},
  author={Carion, Nicolas and Massa, Francisco and Synnaeve, Gabriel and Usunier, Nicolas and Kirillov, Alexander and Zagoruyko, Sergey},
  booktitle={ECCV},
  year={2020}
}

@article{qilu2022finegrained,
  title={Fine-Grained Entity Segmentation},
  author={Lu, Qi and Jason Kuen and Weidong, Guo and Tiancheng, Shen and Jiuxiang, Gu and Wenbo, Li and Jiaya, Jia and Zhe, Lin and Ming-Hsuan, Yang},
  journal={arXiv preprint arxiv:2211.05776},
  year={2022}
}

@Inproceedings{liew2021deep,
  title          = {Deep Interactive Thin Object Selection},
  author         = {Liew, Jun Hao and Cohen, Scott and Price, Brian and Mai, Long and Feng, Jiashi},
  booktitle      = {WACV},
  year           = {2021}
}

@article{shi2015hierarchical,
  title={Hierarchical image saliency detection on extended CSSD},
  author={Shi, Jianping and Yan, Qiong and Xu, Li and Jia, Jiaya},
  journal= {TPAMI},
  volume={38},
  number={4},
  pages={717--729},
  year={2015},
  publisher={IEEE}
}

@inproceedings{li2020fss,
  title={Fss-1000: A 1000-class dataset for few-shot segmentation},
  author={Li, Xiang and Wei, Tianhan and Chen, Yau Pun and Tai, Yu-Wing and Tang, Chi-Keung},
  booktitle= {CVPR},
  year={2020}
}

@article{cheng2014global,
  title={Global contrast based salient region detection},
  author={Cheng, Ming-Ming and Mitra, Niloy J and Huang, Xiaolei and Torr, Philip HS and Hu, Shi-Min},
  journal= {TPAMI},
  volume={37},
  number={3},
  pages={569--582},
  year={2014},
  publisher={IEEE}
}

@inproceedings{yang2013saliency,
  title={Saliency detection via graph-based manifold ranking},
  author={Yang, Chuan and Zhang, Lihe and Lu, Huchuan and Ruan, Xiang and Yang, Ming-Hsuan},
  booktitle={CVPR},
  year={2013}
}

@inproceedings{Semantic-SAM,
  title={Segment and Recognize Anything at Any Granularity},
  author={Feng Li, Hao Zhang, Peize Sun, Xueyan Zou, Shilong Liu, Chunyuan Li, Jianwei Yang, Lei Zhang, Jianfeng Gao},
  booktitle={ECCV},
  year={2024}
}
@inproceedings{SEEM,
  title={Segment Everything Everywhere All at Once},
  author={Xueyan Zou, Jianwei Yang, Hao Zhang, Feng Li, Linjie Li, Jianfeng Wang, Lijuan Wang, Jianfeng Gao, Yong Jae Lee},
  booktitle={NeurIPS},
  year={2023}
}
@inproceedings{Gaussian-Grouping,
  title={Gaussian Grouping: Segment and Edit Anything in 3D Scenes},
  author={Mingqiao Ye, Martin Danelljan, Fisher Yu, and Lei Ke},
  booktitle={ECCV},
  year={2024}
}

@inproceedings{unet,
  title={U-Net: Convolutional Networks for Biomedical Image Segmentation},
  author={Olaf Ronneberger, Philipp Fischer, Thomas Brox},
  booktitle={MICCAI},
  year={2015}
}
@inproceedings{medseg1,
  title={Learning Dynamic Convolutions for Multi-modal 3D MRI Brain Tumor Segmentation},
  author={Qiushi Yang, Yixuan Yuan},
  booktitle={MICCAI Workshop},
  year={2020}
}
@inproceedings{Panoptic-deeplab,
  title={Panoptic-deeplab: A simple, strong, and fast baseline for bottom-up panoptic segmentation},
  author={Cheng, Bowen, Maxwell D. Collins, Yukun Zhu, Ting Liu, Thomas S. Huang, Hartwig Adam, and Liang-Chieh Chen},
  booktitle={CVPR},
  year={2020}
}
@inproceedings{deeplab-v3,
  title={Rethinking Atrous Convolution for Semantic Image Segmentation},
  author={Liang-Chieh Chen, George Papandreou, Florian Schroff, Hartwig Adam},
  booktitle={arXiv preprint arXiv:1706.05587},
  year={2017}
}
@inproceedings{hrnet,
  title={Deep high-resolution representation learning for visual recognition},
  author={Wang, J., Sun, K., Cheng, T., Jiang, B., Deng, C., Zhao, Y., Liu, D., Mu, Y., Tan, M., Wang, X. and Liu, W.},
  booktitle={TPAMI},
  year={2020}
}
@inproceedings{maskformer,
  title={Per-Pixel Classification is Not All You Need for Semantic Segmentation},
  author={Bowen Cheng, Alex Schwing, Alexander Kirillov},
  booktitle={NeurIPS},
  year={2021}
}
@inproceedings{mask2former,
  title={Masked-attention mask transformer for universal image segmentation},
  author={Cheng, Bowen, Ishan Misra, Alexander G. Schwing, Alexander Kirillov, and Rohit Girdhar},
  booktitle={CVPR},
  year={2022}
}
@inproceedings{swin-unet,
  title={Swin-unet: Unet-like pure transformer for medical image segmentation},
  author={Cao, H., Wang, Y., Chen, J., Jiang, D., Zhang, X., Tian, Q. and Wang, },
  booktitle={ECCV},
  year={2022}
}
@inproceedings{SegFormer,
  title={SegFormer: Simple and efficient design for semantic segmentation with transformers},
  author={Xie, Enze, Wenhai Wang, Zhiding Yu, Anima Anandkumar, Jose M. Alvarez, and Ping Luo},
  booktitle={NeurIPS},
  year={2021}
}






% ==================== Experiments ====================
@inproceedings{STCN,
  title={Rethinking space-time networks with improved memory coverage for efficient video object segmentation},
  author={Ho Kei Cheng, Yu-Wing Tai, and Chi-Keung Tang},
  booktitle={NeurIPS},
  year={2021}
}
@inproceedings{RDE,
  title={Recurrent dynamic embedding for video object segmentation},
  author={Mingxing Li, Liucheng Hu, Zhiwei Xiong, Bang Zhang, Pan Pan, and Dong Liu},
  booktitle={CVPR},
  year={2022}
}
@inproceedings{SwinB-DeAOT-L,
  title={Decoupling features in hierarchical propagation for video object segmentation},
  author={Zongxin Yang and Yi Yang},
  booktitle={NeurIPS},
  year={2022}
}
@inproceedings{XMem,
  title={Xmem: Long-term video object segmentation with an atkinson-shiffrin memory model},
  author={Ho Kei Cheng and Alexander G Schwing},
  booktitle={ECCV},
  year={2022}
}
@inproceedings{hq-sam,
  title={Segment Anything in High Quality},
  author={Lei Ke, Mingqiao Ye, Martin Danelljan, Yifan Liu, Yu-Wing Tai, Chi-Keung Tang, Fisher Yu},
  booktitle={NeurIPS},
  year={2023}
}
@inproceedings{sam2,
  title={Sam2: Segment anything in images and videos},
  author={Ravi, N., Gabeur, V., Hu, Y.T., Hu, R., Ryali, C., Ma, T., Khedr, H., Rädle, R., Rolland, C., Gustafson, L. and Mintun, E.},
  booktitle={arXiv preprint arXiv:2408.00714},
  year={2024}
}



@article{ma2024segment,
  title={Segment anything in medical images},
  author={Ma, Jun and He, Yuting and Li, Feifei and Han, Lin and You, Chenyu and Wang, Bo},
  journal={Nature Communications},
  volume={15},
  number={1},
  pages={654},
  year={2024},
  publisher={Nature Publishing Group UK London}
}