@article{JMLR:v9:vandermaaten08a,
  author  = {Laurens van der Maaten and Geoffrey Hinton},
  title   = {Visualizing Data using t-SNE},
  journal = {Journal of Machine Learning Research},
  year    = {2008},
  volume  = {9},
  number  = {86},
  pages   = {2579--2605},
  url     = {http://jmlr.org/papers/v9/vandermaaten08a.html}
}

@misc{dgcnn,
      title={Dynamic Graph CNN for Learning on Point Clouds}, 
      author={Yue Wang and Yongbin Sun and Ziwei Liu and Sanjay E. Sarma and Michael M. Bronstein and Justin M. Solomon},
      year={2019},
      eprint={1801.07829},
      archivePrefix={arXiv},
      primaryClass={cs.CV},
      url={https://arxiv.org/abs/1801.07829}, 
}

@misc{mcinnes2020umapuniformmanifoldapproximation,
      title={UMAP: Uniform Manifold Approximation and Projection for Dimension Reduction}, 
      author={Leland McInnes and John Healy and James Melville},
      year={2020},
      eprint={1802.03426},
      archivePrefix={arXiv},
      primaryClass={stat.ML},
      url={https://arxiv.org/abs/1802.03426}, 
}

@article{moon2019visualizing,
  title={Visualizing structure and transitions in high-dimensional biological data},
  author={Moon, Kevin R and Van Dijk, David and Wang, Zheng and Gigante, Scott and Burkhardt, Daniel B and Chen, William S and Yim, Kristina and Elzen, Antonia van den and Hirn, Matthew J and Coifman, Ronald R and others},
  journal={Nature biotechnology},
  volume={37},
  number={12},
  pages={1482--1492},
  year={2019},
  publisher={Nature Publishing Group US New York}
}

@misc{pointmlp,
      title={Rethinking Network Design and Local Geometry in Point Cloud: A Simple Residual MLP Framework}, 
      author={Xu Ma and Can Qin and Haoxuan You and Haoxi Ran and Yun Fu},
      year={2022},
      eprint={2202.07123},
      archivePrefix={arXiv},
      primaryClass={cs.CV},
      url={https://arxiv.org/abs/2202.07123}, 
}

@misc{pointnet,
      title={PointNet: Deep Learning on Point Sets for 3D Classification and Segmentation}, 
      author={Charles R. Qi and Hao Su and Kaichun Mo and Leonidas J. Guibas},
      year={2017},
      eprint={1612.00593},
      archivePrefix={arXiv},
      primaryClass={cs.CV},
      url={https://arxiv.org/abs/1612.00593}, 
}

@article{pointnet++,
  author       = {Charles Ruizhongtai Qi and
                  Li Yi and
                  Hao Su and
                  Leonidas J. Guibas},
  title        = {PointNet++: Deep Hierarchical Feature Learning on Point Sets in a
                  Metric Space},
  journal      = {CoRR},
  volume       = {abs/1706.02413},
  year         = {2017},
  url          = {http://arxiv.org/abs/1706.02413},
  eprinttype    = {arXiv},
  eprint       = {1706.02413},
  timestamp    = {Fri, 25 Oct 2024 13:29:35 +0200},
  biburl       = {https://dblp.org/rec/journals/corr/QiYSG17.bib},
  bibsource    = {dblp computer science bibliography, https://dblp.org}
}

@misc{pointtransformer,
      title={Point Transformer}, 
      author={Hengshuang Zhao and Li Jiang and Jiaya Jia and Philip Torr and Vladlen Koltun},
      year={2021},
      eprint={2012.09164},
      archivePrefix={arXiv},
      primaryClass={cs.CV},
      url={https://arxiv.org/abs/2012.09164}, 
}

