@inproceedings{abad2020hierarchical,
  title={Hierarchical federated learning across heterogeneous cellular networks},
  author={Abad, Mehdi Salehi Heydar and Ozfatura, Emre and Gunduz, Deniz and Ercetin, Ozgur},
  booktitle={Proceedings of ICASSP 2020-2020 IEEE International Conference on Acoustics, Speech and Signal Processing (ICASSP)},
  pages={8866--8870},
  year={2020},
  organization={IEEE}
}

@inproceedings{chen2020asynchronous,
  title={Asynchronous online federated learning for edge devices with non-iid data},
  author={Chen, Yujing and Ning, Yue and Slawski, Martin and Rangwala, Huzefa},
  booktitle={Proceedings of IEEE International Conference on Big Data (Big Data)},
  pages={15--24},
  year={2020},
  organization={IEEE}
}

@article{ghosh2020efficient,
  title={An efficient framework for clustered federated learning},
  author={Ghosh, Avishek and Chung, Jichan and Yin, Dong and Ramchandran, Kannan},
  journal={Advances in Neural Information Processing Systems},
  volume={33},
  pages={19586--19597},
  year={2020}
}

@article{horvath2021fjord,
  title={Fjord: Fair and accurate federated learning under heterogeneous targets with ordered dropout},
  author={Horvath, Samuel and Laskaridis, Stefanos and Almeida, Mario and Leontiadis, Ilias and Venieris, Stylianos and Lane, Nicholas},
  journal={Advances in Neural Information Processing Systems},
  volume={34},
  pages={12876--12889},
  year={2021}
}

@inproceedings{islam2024fedclust,
  title={FedClust: Tackling Data Heterogeneity in Federated Learning through Weight-Driven Client Clustering},
  author={Islam, Md Sirajul and Javaherian, Simin and Xu, Fei and Yuan, Xu and Chen, Li and Tzeng, Nian-Feng},
  booktitle={Proceedings of the 53rd International Conference on Parallel Processing},
  pages={474--483},
  year={2024}
}

@article{javaherian2024fedfair,
  title={FedFair\^{}3: Unlocking Threefold Fairness in Federated Learning},
  author={Javaherian, Simin and Panta, Sanjeev and Williams, Shelby and Islam, Md Sirajul and Chen, Li},
  journal={in Proceedings of IEEE International Conference on Communications (ICC)},
  pages={1--7},
  year={2024}
}

@inproceedings{lai2021oort,
  title={Oort: Efficient Federated Learning via Guided Participant Selection},
  author={Lai, Fan and Zhu, Xiangfeng and Madhyastha, Harsha V and Chowdhury, Mosharaf},
  booktitle={Proceedings of the Symposium on Operating Systems Design and Implementation},
  pages={19--35},
  year={2021}
}

@article{li20201federated,
  title={Federated optimization in heterogeneous networks},
  author={Li, Tian and Sahu, Anit Kumar and Zaheer, Manzil and Sanjabi, Maziar and Talwalkar, Ameet and Smith, Virginia},
  journal={Proceedings of Machine Learning and Systems},
  volume={2},
  pages={429--450},
  year={2020}
}

@inproceedings{li2021ditto,
  title={Ditto: Fair and robust federated learning through personalization},
  author={Li, Tian and Hu, Shengyuan and Beirami, Ahmad and Smith, Virginia},
  booktitle={Proceedings of International Conference on Machine Learning},
  pages={6357--6368},
  year={2021},
  organization={PMLR}
}

@inproceedings{li2022fedhisyn,
  title={FedHiSyn: A hierarchical synchronous federated learning framework for resource and data heterogeneity},
  author={Li, Guanghao and Hu, Yue and Zhang, Miao and Liu, Ji and Yin, Quanjun and Peng, Yong and Dou, Dejing},
  booktitle={Proceedings of the 51st International Conference on Parallel Processing},
  pages={1--11},
  year={2022}
}

@inproceedings{li2022pyramidfl,
  title={PyramidFL: A fine-grained client selection framework for efficient federated learning},
  author={Li, Chenning and Zeng, Xiao and Zhang, Mi and Cao, Zhichao},
  booktitle={Proceedings of the 28th Annual International Conference on Mobile Computing And Networking},
  pages={158--171},
  year={2022}
}

@article{liu2023fedasmu,
  title={FedASMU: Efficient Asynchronous Federated Learning with Dynamic Staleness-aware Model Update},
  author={Liu, Ji and Jia, Juncheng and Che, Tianshi and Huo, Chao and Ren, Jiaxiang and Zhou, Yang and Dai, Huaiyu and Dou, Dejing},
  journal={arXiv preprint arXiv:2312.05770},
  year={2023}
}

@article{ma2021fedsa,
  title={FedSA: A semi-asynchronous federated learning mechanism in heterogeneous edge computing},
  author={Ma, Qianpiao and Xu, Yang and Xu, Hongli and Jiang, Zhida and Huang, Liusheng and Huang, He},
  journal={IEEE Journal on Selected Areas in Communications},
  volume={39},
  number={12},
  pages={3654--3672},
  year={2021},
  publisher={IEEE}
}

@inproceedings{mcmahan2017communication,
  title={Communication-efficient learning of deep networks from decentralized data},
  author={McMahan, Brendan and Moore, Eider and Ramage, Daniel and Hampson, Seth and y Arcas, Blaise Aguera},
  booktitle={Artificial intelligence and statistics},
  pages={1273--1282},
  year={2017},
  organization={PMLR}
}

@inproceedings{nguyen2022federated,
  title={Federated learning with buffered asynchronous aggregation},
  author={Nguyen, John and Malik, Kshitiz and Zhan, Hongyuan and Yousefpour, Ashkan and Rabbat, Mike and Malek, Mani and Huba, Dzmitry},
  booktitle={International Conference on Artificial Intelligence and Statistics},
  pages={3581--3607},
  year={2022},
  organization={PMLR}
}

@article{wu2020safa,
  title={SAFA: A semi-asynchronous protocol for fast federated learning with low overhead},
  author={Wu, Wentai and He, Ligang and Lin, Weiwei and Mao, Rui and Maple, Carsten and Jarvis, Stephen},
  journal={IEEE Transactions on Computers},
  volume={70},
  number={5},
  pages={655--668},
  year={2020},
  publisher={IEEE}
}

@article{xie2019asynchronous,
  title={Asynchronous federated optimization},
  author={Xie, Cong and Koyejo, Sanmi and Gupta, Indranil},
  journal={arXiv preprint arXiv:1903.03934},
  year={2019}
}

@article{zhang2022fedduap,
  title={Fedduap: Federated learning with dynamic update and adaptive pruning using shared data on the server},
  author={Zhang, Hong and Liu, Ji and Jia, Juncheng and Zhou, Yang and Dai, Huaiyu and Dou, Dejing},
  journal={arXiv preprint arXiv:2204.11536},
  year={2022}
}

@inproceedings{zhang2023fedala,
  title={Fedala: Adaptive local aggregation for personalized federated learning},
  author={Zhang, Jianqing and Hua, Yang and Wang, Hao and Song, Tao and Xue, Zhengui and Ma, Ruhui and Guan, Haibing},
  booktitle={Proceedings of the AAAI Conference on Artificial Intelligence},
  volume={37},
  number={9},
  pages={11237--11244},
  year={2023}
}

@inproceedings{zhang2023timelyfl,
  title={TimelyFL: Heterogeneity-aware Asynchronous Federated Learning with Adaptive Partial Training},
  author={Zhang, Tuo and Gao, Lei and Lee, Sunwoo and Zhang, Mi and Avestimehr, Salman},
  booktitle={Proceedings of the IEEE/CVF Conference on Computer Vision and Pattern Recognition},
  pages={5063--5072},
  year={2023}
}

@inproceedings{zhou2024asynchronous,
  title={Towards Efficient Asynchronous Federated Learning in Heterogeneous Edge Environments},
  author={Zhou, Yajie and Pang, Xiaoyi and Wang, Zhibo and Hu, Jiahui and Sun, Peng and Ren, Kui},
  booktitle={Proceedings of the IEEE Conference on Computer Communications (INFOCOM)},
  year={2024}
}

