@article{ho2013more,
  title={More effective distributed ml via a stale synchronous parallel parameter server},
  author={Ho, Qirong and Cipar, James and Cui, Henggang and Lee, Seunghak and Kim, Jin Kyu and Gibbons, Phillip B and Gibson, Garth A and Ganger, Greg and Xing, Eric P},
  journal={Proceedings of Advances in Neural Information Processing Systems},
  volume={26},
  year={2013}
}
@inproceedings{islam2024fedclust,
  title={FedClust: Tackling Data Heterogeneity in Federated Learning through Weight-Driven Client Clustering},
  author={Islam, Md Sirajul and Javaherian, Simin and Xu, Fei and Yuan, Xu and Chen, Li and Tzeng, Nian-Feng},
  booktitle={Proceedings of the 53rd International Conference on Parallel Processing},
  pages={474--483},
  year={2024}
}

@article{zhou2022towards,
  title={Towards efficient and stable K-asynchronous federated learning with unbounded stale gradients on non-IID data},
  author={Zhou, Zihao and Li, Yanan and Ren, Xuebin and Yang, Shusen},
  journal={IEEE Transactions on Parallel and Distributed Systems},
  volume={33},
  number={12},
  pages={3291--3305},
  year={2022},
  publisher={IEEE}
}
@article{darlow2018cinic,
  title={Cinic-10 is not imagenet or cifar-10},
  author={Darlow, Luke N and Crowley, Elliot J and Antoniou, Antreas and Storkey, Amos J},
  journal={arXiv preprint arXiv:1810.03505},
  year={2018}
}
@inproceedings{zhou2024asynchronous,
  title={Towards Efficient Asynchronous Federated Learning in Heterogeneous Edge Environments},
  author={Zhou, Yajie and Pang, Xiaoyi and Wang, Zhibo and Hu, Jiahui and Sun, Peng and Ren, Kui},
  booktitle={Proceedings of the IEEE Conference on Computer Communications (INFOCOM)},
  year={2024}
}

@inproceedings{li2023plato,
  title={Plato: An open-source research framework for production federated learning},
  author={Li, Baochun and Su, Ningxin and Ying, Chen and Wang, Fei},
  booktitle={Proceedings of the ACM Turing Award Celebration Conference-China 2023},
  pages={1--2},
  year={2023}
}
@inproceedings{su2022asynchronous,
  title={How Asynchronous can Federated Learning Be?},
  author={Su, Ningxin and Li, Baochun},
  booktitle={2022 IEEE/ACM 30th International Symposium on Quality of Service (IWQoS)},
  pages={1--11},
  year={2022},
  organization={IEEE}
}
@inproceedings{zhang2023timelyfl,
  title={TimelyFL: Heterogeneity-aware Asynchronous Federated Learning with Adaptive Partial Training},
  author={Zhang, Tuo and Gao, Lei and Lee, Sunwoo and Zhang, Mi and Avestimehr, Salman},
  booktitle={Proceedings of the IEEE/CVF Conference on Computer Vision and Pattern Recognition},
  pages={5063--5072},
  year={2023}
}
@inproceedings{nguyen2022federated,
  title={Federated learning with buffered asynchronous aggregation},
  author={Nguyen, John and Malik, Kshitiz and Zhan, Hongyuan and Yousefpour, Ashkan and Rabbat, Mike and Malek, Mani and Huba, Dzmitry},
  booktitle={International Conference on Artificial Intelligence and Statistics},
  pages={3581--3607},
  year={2022},
  organization={PMLR}
}
@inproceedings{chen2020asynchronous,
  title={Asynchronous online federated learning for edge devices with non-iid data},
  author={Chen, Yujing and Ning, Yue and Slawski, Martin and Rangwala, Huzefa},
  booktitle={Proceedings of IEEE International Conference on Big Data (Big Data)},
  pages={15--24},
  year={2020},
  organization={IEEE}
}
@article{xie2019asynchronous,
  title={Asynchronous federated optimization},
  author={Xie, Cong and Koyejo, Sanmi and Gupta, Indranil},
  journal={arXiv preprint arXiv:1903.03934},
  year={2019}
}
@article{liu2023fedasmu,
  title={FedASMU: Efficient Asynchronous Federated Learning with Dynamic Staleness-aware Model Update},
  author={Liu, Ji and Jia, Juncheng and Che, Tianshi and Huo, Chao and Ren, Jiaxiang and Zhou, Yang and Dai, Huaiyu and Dou, Dejing},
  journal={arXiv preprint arXiv:2312.05770},
  year={2023}
}
@article{wang2022asyncfeded,
  title={Asyncfeded: Asynchronous federated learning with euclidean distance based adaptive weight aggregation},
  author={Wang, Qiyuan and Yang, Qianqian and He, Shibo and Shi, Zhiguo and Chen, Jiming},
  journal={arXiv preprint arXiv:2205.13797},
  year={2022}
}
@article{ma2021fedsa,
  title={FedSA: A semi-asynchronous federated learning mechanism in heterogeneous edge computing},
  author={Ma, Qianpiao and Xu, Yang and Xu, Hongli and Jiang, Zhida and Huang, Liusheng and Huang, He},
  journal={IEEE Journal on Selected Areas in Communications},
  volume={39},
  number={12},
  pages={3654--3672},
  year={2021},
  publisher={IEEE}
}
@article{chen2021fedsa,
  title={FedSA: A staleness-aware asynchronous federated learning algorithm with non-IID data},
  author={Chen, Ming and Mao, Bingcheng and Ma, Tianyi},
  journal={Future Generation Computer Systems},
  volume={120},
  pages={1--12},
  year={2021},
  publisher={Elsevier}
}
@inproceedings{wu2022kafl,
  title={KAFL: achieving high training efficiency for fast-k asynchronous federated learning},
  author={Wu, Xueyu and Wang, Cho-Li},
  booktitle={2022 IEEE 42nd International Conference on Distributed Computing Systems (ICDCS)},
  pages={873--883},
  year={2022},
  organization={IEEE}
}
@article{wu2020safa,
  title={SAFA: A semi-asynchronous protocol for fast federated learning with low overhead},
  author={Wu, Wentai and He, Ligang and Lin, Weiwei and Mao, Rui and Maple, Carsten and Jarvis, Stephen},
  journal={IEEE Transactions on Computers},
  volume={70},
  number={5},
  pages={655--668},
  year={2020},
  publisher={IEEE}
}
@article{javaherian2024fedfair,
  title={FedFair\^{}3: Unlocking Threefold Fairness in Federated Learning},
  author={Javaherian, Simin and Panta, Sanjeev and Williams, Shelby and Islam, Md Sirajul and Chen, Li},
  journal={in Proceedings of IEEE International Conference on Communications (ICC)},
  pages={1--7},
  year={2024}
}
@inproceedings{mcmahan2017communication,
  title={Communication-efficient learning of deep networks from decentralized data},
  author={McMahan, Brendan and Moore, Eider and Ramage, Daniel and Hampson, Seth and y Arcas, Blaise Aguera},
  booktitle={Artificial intelligence and statistics},
  pages={1273--1282},
  year={2017},
  organization={PMLR}
}
@article{lecun1998gradient,
  title={Gradient-based learning applied to document recognition},
  author={LeCun, Yann and Bottou, L{\'e}on and Bengio, Yoshua and Haffner, Patrick},
  journal={Proceedings of the IEEE},
  volume={86},
  number={11},
  pages={2278--2324},
  year={1998},
  publisher={Ieee}
}
@inproceedings{cohen2017emnist,
  title={EMNIST: Extending MNIST to handwritten letters},
  author={Cohen, Gregory and Afshar, Saeed and Tapson, Jonathan and Van Schaik, Andre},
  booktitle={Proceedings of International Joint Conference on Neural Networks (IJCNN)},
  pages={2921--2926},
  year={2017},
  organization={IEEE}
}
@online{gdpr,
  title = {{ EU. 2018. European Union's General Data Protection Regulation (GDPR)}},
  organization = {{European Union}},
  url = {https://eugdpr.org/},
  note = {Accessed 2024-04}
}
@article{liu2021federated,
  title={Federated learning meets natural language processing: A survey},
  author={Liu, Ming and Ho, Stella and Wang, Mengqi and Gao, Longxiang and Jin, Yuan and Zhang, He},
  journal={arXiv preprint arXiv:2107.12603},
  year={2021}
}
@inproceedings{jiang2022pisces,
  title={Pisces: Efficient federated learning via guided asynchronous training},
  author={Jiang, Zhifeng and Wang, Wei and Li, Baochun and Li, Bo},
  booktitle={Proceedings of the 13th Symposium on Cloud Computing},
  pages={370--385},
  year={2022}
}
@inproceedings{yang2021characterizing,
  title={Characterizing impacts of heterogeneity in federated learning upon large-scale smartphone data},
  author={Yang, Chengxu and Wang, Qipeng and Xu, Mengwei and Chen, Zhenpeng and Bian, Kaigui and Liu, Yunxin and Liu, Xuanzhe},
  booktitle={Proceedings of the Web Conference 2021},
  pages={935--946},
  year={2021}
}
@article{xu2023asynchronous,
  title={Asynchronous federated learning on heterogeneous devices: A survey},
  author={Xu, Chenhao and Qu, Youyang and Xiang, Yong and Gao, Longxiang},
  journal={Computer Science Review},
  volume={50},
  pages={100595},
  year={2023},
  publisher={Elsevier}
}
@inproceedings{zhou2022efficient,
  title={Efficient device scheduling with multi-job federated learning},
  author={Zhou, Chendi and Liu, Ji and Jia, Juncheng and Zhou, Jingbo and Zhou, Yang and Dai, Huaiyu and Dou, Dejing},
  booktitle={Proceedings of the AAAI Conference on Artificial Intelligence},
  volume={36},
  number={9},
  pages={9971--9979},
  year={2022}
}
@inproceedings{zhang2023fedala,
  title={Fedala: Adaptive local aggregation for personalized federated learning},
  author={Zhang, Jianqing and Hua, Yang and Wang, Hao and Song, Tao and Xue, Zhengui and Ma, Ruhui and Guan, Haibing},
  booktitle={Proceedings of the AAAI Conference on Artificial Intelligence},
  volume={37},
  number={9},
  pages={11237--11244},
  year={2023}
}
@article{wang2020tackling,
  title={Tackling the objective inconsistency problem in heterogeneous federated optimization},
  author={Wang, Jianyu and Liu, Qinghua and Liang, Hao and Joshi, Gauri and Poor, H Vincent},
  journal={Advances in neural information processing systems},
  volume={33},
  pages={7611--7623},
  year={2020}
}
@inproceedings{shi2020device,
  title={Device scheduling with fast convergence for wireless federated learning},
  author={Shi, Wenqi and Zhou, Sheng and Niu, Zhisheng},
  booktitle={ICC 2020-2020 IEEE International Conference on Communications (ICC)},
  pages={1--6},
  year={2020},
  organization={IEEE}
}
@inproceedings{li2022pyramidfl,
  title={PyramidFL: A fine-grained client selection framework for efficient federated learning},
  author={Li, Chenning and Zeng, Xiao and Zhang, Mi and Cao, Zhichao},
  booktitle={Proceedings of the 28th Annual International Conference on Mobile Computing And Networking},
  pages={158--171},
  year={2022}
}
@inproceedings{nishio2019client,
  title={Client selection for federated learning with heterogeneous resources in mobile edge},
  author={Nishio, Takayuki and Yonetani, Ryo},
  booktitle={ICC 2019-2019 IEEE international conference on communications (ICC)},
  pages={1--7},
  year={2019},
  organization={IEEE}
}
@article{zhang2022fedduap,
  title={Fedduap: Federated learning with dynamic update and adaptive pruning using shared data on the server},
  author={Zhang, Hong and Liu, Ji and Jia, Juncheng and Zhou, Yang and Dai, Huaiyu and Dou, Dejing},
  journal={arXiv preprint arXiv:2204.11536},
  year={2022}
}
@article{horvath2021fjord,
  title={Fjord: Fair and accurate federated learning under heterogeneous targets with ordered dropout},
  author={Horvath, Samuel and Laskaridis, Stefanos and Almeida, Mario and Leontiadis, Ilias and Venieris, Stylianos and Lane, Nicholas},
  journal={Advances in Neural Information Processing Systems},
  volume={34},
  pages={12876--12889},
  year={2021}
}
@inproceedings{li2022fedhisyn,
  title={FedHiSyn: A hierarchical synchronous federated learning framework for resource and data heterogeneity},
  author={Li, Guanghao and Hu, Yue and Zhang, Miao and Liu, Ji and Yin, Quanjun and Peng, Yong and Dou, Dejing},
  booktitle={Proceedings of the 51st International Conference on Parallel Processing},
  pages={1--11},
  year={2022}
}
@inproceedings{abad2020hierarchical,
  title={Hierarchical federated learning across heterogeneous cellular networks},
  author={Abad, Mehdi Salehi Heydar and Ozfatura, Emre and Gunduz, Deniz and Ercetin, Ozgur},
  booktitle={Proceedings of ICASSP 2020-2020 IEEE International Conference on Acoustics, Speech and Signal Processing (ICASSP)},
  pages={8866--8870},
  year={2020},
  organization={IEEE}
}
@article{krizhevsky2009learning,
  title={Learning multiple layers of features from tiny images},
  author={Krizhevsky, Alex and Hinton, Geoffrey and others},
  year={2009},
  publisher={Toronto, ON, Canada}
}
@article{acar2021federated,
  title={Federated learning based on dynamic regularization},
  author={Acar, Durmus Alp Emre and Zhao, Yue and Navarro, Ramon Matas and Mattina, Matthew and Whatmough, Paul N and Saligrama, Venkatesh},
  journal={ International Conference on Learning Representations},
  year={2020}
}
@article{luo2022pgfed,
  title={PGFed: Personalize Each Client's Global Objective for Federated Learning},
  author={Luo, Jun and Mendieta, Matias and Chen, Chen and Wu, Shandong},
  journal={International Conference on Computer Vision},
  year={2023}
}
@article{kairouz2021advances,
  title={Advances and open problems in federated learning},
  author={Kairouz, Peter and McMahan, H Brendan and Avent, Brendan and Bellet, Aur{\'e}lien and Bennis, Mehdi and Bhagoji, Arjun Nitin and Bonawitz, Kallista and Charles, Zachary and Cormode, Graham and Cummings, Rachel and others},
  journal={Foundations and Trends{\textregistered} in Machine Learning},
  volume={14},
  number={1--2},
  pages={1--210},
  year={2021},
  publisher={Now Publishers, Inc.}
}
@inproceedings{he2016deep,
  title={Deep residual learning for image recognition},
  author={He, Kaiming and Zhang, Xiangyu and Ren, Shaoqing and Sun, Jian},
  booktitle={Proceedings of the IEEE conference on computer vision and pattern recognition},
  pages={770--778},
  year={2016}
}
@article{ghosh2020efficient,
  title={An efficient framework for clustered federated learning},
  author={Ghosh, Avishek and Chung, Jichan and Yin, Dong and Ramchandran, Kannan},
  journal={Advances in Neural Information Processing Systems},
  volume={33},
  pages={19586--19597},
  year={2020}
}
@inproceedings{karimireddy2020scaffold,
  title={Scaffold: Stochastic controlled averaging for federated learning},
  author={Karimireddy, Sai Praneeth and Kale, Satyen and Mohri, Mehryar and Reddi, Sashank and Stich, Sebastian and Suresh, Ananda Theertha},
  booktitle={International Conference on Machine Learning},
  pages={5132--5143},
  year={2020},
  organization={PMLR}
}
@article{long2023multi,
  title={Multi-center federated learning: clients clustering for better personalization},
  author={Long, Guodong and Xie, Ming and Shen, Tao and Zhou, Tianyi and Wang, Xianzhi and Jiang, Jing},
  journal={World Wide Web},
  volume={26},
  number={1},
  pages={481--500},
  year={2023},
  publisher={Springer}
}
@article{paszke2019pytorch,
  title={Pytorch: An imperative style, high-performance deep learning library},
  author={Paszke, Adam and Gross, Sam and Massa, Francisco and Lerer, Adam and Bradbury, James and Chanan, Gregory and Killeen, Trevor and Lin, Zeming and Gimelshein, Natalia and Antiga, Luca and others},
  journal={Advances in neural information processing systems},
  volume={32},
  year={2019}
}
@article{sattler2020clustered,
  title={Clustered federated learning: Model-agnostic distributed multitask optimization under privacy constraints},
  author={Sattler, Felix and M{\"u}ller, Klaus-Robert and Samek, Wojciech},
  journal={IEEE transactions on neural networks and learning systems},
  volume={32},
  number={8},
  pages={3710--3722},
  year={2020},
  publisher={IEEE}
}
@article{mansour2020three,
  title={Three approaches for personalization with applications to federated learning},
  author={Mansour, Yishay and Mohri, Mehryar and Ro, Jae and Suresh, Ananda Theertha},
  journal={arXiv preprint arXiv:2002.10619},
  year={2020}
}
@article{li2020,
  title={Federated learning: Challenges, methods, and future directions},
  author={Li, Tian and Sahu, Anit Kumar and Talwalkar, Ameet and Smith, Virginia},
  journal={IEEE signal processing magazine},
  volume={37},
  number={3},
  pages={50--60},
  year={2020},
  publisher={IEEE}
}
@article{duan2020fedgroup,
  title={FedGroup: Efficient clustered federated learning via decomposed data-driven measure},
  author={Duan, Moming and Liu, Duo and Ji, Xinyuan and Liu, Renping and Liang, Liang and Chen, Xianzhang and Tan, Yujuan},
  journal={arXiv preprint arXiv:2010.06870},
  year={2020}
}
@inproceedings{briggs2020federated,
  title={Federated learning with hierarchical clustering of local updates to improve training on non-IID data},
  author={Briggs, Christopher and Fan, Zhong and Andras, Peter},
  booktitle={2020 International Joint Conference on Neural Networks (IJCNN)},
  pages={1--9},
  year={2020},
  organization={IEEE}
}
@article{bonawitz2019towards,
  title={Towards federated learning at scale: System design},
  author={Bonawitz, Keith and Eichner, Hubert and Grieskamp, Wolfgang and Huba, Dzmitry and Ingerman, Alex and Ivanov, Vladimir and Kiddon, Chloe and Kone{\v{c}}n{\`y}, Jakub and Mazzocchi, Stefano and McMahan, Brendan and others},
  journal={Proceedings of machine learning and systems},
  volume={1},
  pages={374--388},
  year={2019}
}
@inproceedings{liu2020fedvision,
  title={Fedvision: An online visual object detection platform powered by federated learning},
  author={Liu, Yang and Huang, Anbu and Luo, Yun and Huang, He and Liu, Youzhi and Chen, Yuanyuan and Feng, Lican and Chen, Tianjian and Yu, Han and Yang, Qiang},
  booktitle={Proceedings of the AAAI Conference on Artificial Intelligence},
  volume={34},
  number={08},
  pages={13172--13179},
  year={2020}
}
@inproceedings{lai2021oort,
  title={Oort: Efficient Federated Learning via Guided Participant Selection},
  author={Lai, Fan and Zhu, Xiangfeng and Madhyastha, Harsha V and Chowdhury, Mosharaf},
  booktitle={Proceedings of the Symposium on Operating Systems Design and Implementation},
  pages={19--35},
  year={2021}
}
@article{li20201federated,
  title={Federated optimization in heterogeneous networks},
  author={Li, Tian and Sahu, Anit Kumar and Zaheer, Manzil and Sanjabi, Maziar and Talwalkar, Ameet and Smith, Virginia},
  journal={Proceedings of Machine Learning and Systems},
  volume={2},
  pages={429--450},
  year={2020}
}
@article{li2019convergence,
  title={On the convergence of fedavg on non-iid data},
  author={Li, Xiang and Huang, Kaixuan and Yang, Wenhao and Wang, Shusen and Zhang, Zhihua},
  journal={arXiv preprint arXiv:1907.02189},
  year={2019}
}
@article{sattler2019robust,
  title={Robust and communication-efficient federated learning from non-iid data},
  author={Sattler, Felix and Wiedemann, Simon and M{\"u}ller, Klaus-Robert and Samek, Wojciech},
  journal={IEEE transactions on neural networks and learning systems},
  volume={31},
  number={9},
  pages={3400--3413},
  year={2019},
  publisher={IEEE}
}
@inproceedings{ouyang2021clusterfl,
  title={Clusterfl: a similarity-aware federated learning system for human activity recognition},
  author={Ouyang, Xiaomin and Xie, Zhiyuan and Zhou, Jiayu and Huang, Jianwei and Xing, Guoliang},
  booktitle={Proceedings of the 19th Annual International Conference on Mobile Systems, Applications, and Services},
  pages={54--66},
  year={2021}
}
@inproceedings{mohri2019agnostic,
  title={Agnostic federated learning},
  author={Mohri, Mehryar and Sivek, Gary and Suresh, Ananda Theertha},
  booktitle={International Conference on Machine Learning},
  pages={4615--4625},
  year={2019},
  organization={PMLR}
}
@article{hanzely2020federated,
  title={Federated learning of a mixture of global and local models},
  author={Hanzely, Filip and Richt{\'a}rik, Peter},
  journal={arXiv preprint arXiv:2002.05516},
  year={2020}
}
@article{cho2020client,
  title={Client selection in federated learning: Convergence analysis and power-of-choice selection strategies},
  author={Cho, Yae Jee and Wang, Jianyu and Joshi, Gauri},
  journal={arXiv preprint arXiv:2010.01243},
  year={2020}
}
@article{simonyan2014very,
  title={Very deep convolutional networks for large-scale image recognition},
  author={Simonyan, Karen and Zisserman, Andrew},
  journal={arXiv preprint arXiv:1409.1556},
  year={2014}
}
@article{zhao2018federated,
  title={Federated learning with non-iid data},
  author={Zhao, Yue and Li, Meng and Lai, Liangzhen and Suda, Naveen and Civin, Damon and Chandra, Vikas},
  journal={arXiv preprint arXiv:1806.00582},
  year={2018}
}
@article{yang2018applied,
  title={Applied federated learning: Improving google keyboard query suggestions},
  author={Yang, Timothy and Andrew, Galen and Eichner, Hubert and Sun, Haicheng and Li, Wei and Kong, Nicholas and Ramage, Daniel and Beaufays, Fran{\c{c}}oise},
  journal={arXiv preprint arXiv:1812.02903},
  year={2018}
}
@inproceedings{mendieta2022local,
  title={Local learning matters: Rethinking data heterogeneity in federated learning},
  author={Mendieta, Matias and Yang, Taojiannan and Wang, Pu and Lee, Minwoo and Ding, Zhengming and Chen, Chen},
  booktitle={Proceedings of the IEEE/CVF Conference on Computer Vision and Pattern Recognition},
  pages={8397--8406},
  year={2022}
}
@article{jiang2019improving,
  title={Improving federated learning personalization via model agnostic meta learning},
  author={Jiang, Yihan and Kone{\v{c}}n{\`y}, Jakub and Rush, Keith and Kannan, Sreeram},
  journal={arXiv preprint arXiv:1909.12488},
  year={2019}
}
@article{jiang2021flashe,
  title={Flashe: Additively symmetric homomorphic encryption for cross-silo federated learning},
  author={Jiang, Zhifeng and Wang, Wei and Liu, Yang},
  journal={arXiv preprint arXiv:2109.00675},
  year={2021}
}
@article{fallah2020personalized,
  title={Personalized federated learning with theoretical guarantees: A model-agnostic meta-learning approach},
  author={Fallah, Alireza and Mokhtari, Aryan and Ozdaglar, Asuman},
  journal={Advances in Neural Information Processing Systems},
  volume={33},
  pages={3557--3568},
  year={2020}
}
@inproceedings{tu2021feddl,
  title={Feddl: Federated learning via dynamic layer sharing for human activity recognition},
  author={Tu, Linlin and Ouyang, Xiaomin and Zhou, Jiayu and He, Yuze and Xing, Guoliang},
  booktitle={Proceedings of the 19th ACM Conference on Embedded Networked Sensor Systems},
  pages={15--28},
  year={2021}
}
@inproceedings{li2022federated,
  title={Federated learning on non-iid data silos: An experimental study},
  author={Li, Qinbin and Diao, Yiqun and Chen, Quan and He, Bingsheng},
  booktitle={Proceedings of IEEE 38th International Conference on Data Engineering (ICDE)},
  pages={965--978},
  year={2022},
  organization={IEEE}
}
@article{tan2022towards,
  title={Towards personalized federated learning},
  author={Tan, Alysa Ziying and Yu, Han and Cui, Lizhen and Yang, Qiang},
  journal={IEEE Transactions on Neural Networks and Learning Systems},
  year={2022},
  publisher={IEEE}
}
@article{deng2020adaptive,
  title={Adaptive personalized federated learning},
  author={Deng, Yuyang and Kamani, Mohammad Mahdi and Mahdavi, Mehrdad},
  journal={arXiv preprint arXiv:2003.13461},
  year={2020}
}
@article{lecun1989backpropagation,
  title={Backpropagation applied to handwritten zip code recognition},
  author={LeCun, Yann and Boser, Bernhard and Denker, John S and Henderson, Donnie and Howard, Richard E and Hubbard, Wayne and Jackel, Lawrence D},
  journal={Neural Computation},
  volume={1},
  number={4},
  pages={541--551},
  year={1989},
  publisher={MIT Press}
}
@inproceedings{li2021ditto,
  title={Ditto: Fair and robust federated learning through personalization},
  author={Li, Tian and Hu, Shengyuan and Beirami, Ahmad and Smith, Virginia},
  booktitle={Proceedings of International Conference on Machine Learning},
  pages={6357--6368},
  year={2021},
  organization={PMLR}
}
@inproceedings{wang2020optimizing,
  title={Optimizing federated learning on non-iid data with reinforcement learning},
  author={Wang, Hao and Kaplan, Zakhary and Niu, Di and Li, Baochun},
  booktitle={IEEE INFOCOM 2020-IEEE Conference on Computer Communications},
  pages={1698--1707},
  year={2020},
  organization={IEEE}
}
@article{smith2017federated,
  title={Federated multi-task learning},
  author={Smith, Virginia and Chiang, Chao-Kai and Sanjabi, Maziar and Talwalkar, Ameet S},
  journal={Advances in neural information processing systems},
  volume={30},
  year={2017}
}
@article{hard2018federated,
  title={Federated learning for mobile keyboard prediction},
  author={Hard, Andrew and Rao, Kanishka and Mathews, Rajiv and Ramaswamy, Swaroop and Beaufays, Fran{\c{c}}oise and Augenstein, Sean and Eichner, Hubert and Kiddon, Chlo{\'e} and Ramage, Daniel},
  journal={arXiv preprint arXiv:1811.03604},
  year={2018}
}
@article{morafah2023flis,
  title={FLIS: Clustered federated learning via inference similarity for non-IID data distribution},
  author={Morafah, Mahdi and Vahidian, Saeed and Wang, Weijia and Lin, Bill},
  journal={IEEE Open Journal of the Computer Society},
  year={2023},
  publisher={IEEE}
}
@article{vahidian2022efficient,
  title={Efficient Distribution Similarity Identification in Clustered Federated Learning via Principal Angles Between Client Data Subspaces},
  author={Vahidian, Saeed and Morafah, Mahdi and Wang, Weijia and Kungurtsev, Vyacheslav and Chen, Chen and Shah, Mubarak and Lin, Bill},
  journal={arXiv preprint arXiv:2209.10526},
  year={2022}
}
@article{long2018transferable,
  title={Transferable representation learning with deep adaptation networks},
  author={Long, Mingsheng and Cao, Yue and Cao, Zhangjie and Wang, Jianmin and Jordan, Michael I},
  journal={IEEE transactions on pattern analysis and machine intelligence},
  volume={41},
  number={12},
  pages={3071--3085},
  year={2018},
  publisher={IEEE}
}
@article{gong2022adaptive,
  title={Adaptive Clustered Federated Learning for Heterogeneous Data in Edge Computing},
  author={Gong, Biyao and Xing, Tianzhang and Liu, Zhidan and Wang, Junfeng and Liu, Xiuya},
  journal={Mobile Networks and Applications},
  volume={27},
  number={4},
  pages={1520--1530},
  year={2022},
  publisher={Springer}
}
  
@article{li2020,
  title={Federated optimization in heterogeneous networks},
  author={Li, Tian and Sahu, Anit Kumar and Zaheer, Manzil and Sanjabi, Maziar and Talwalkar, Ameet and Smith, Virginia},
  journal={Proceedings of Machine learning and systems},
  volume={2},
  pages={429--450},
  year={2020}
}
@article{yosinski2014transferable,
  title={How transferable are features in deep neural networks?},
  author={Yosinski, Jason and Clune, Jeff and Bengio, Yoshua and Lipson, Hod},
  journal={Advances in neural information processing systems},
  volume={27},
  year={2014}
}
@article{liang2020think,
  title={Think locally, act globally: Federated learning with local and global representations},
  author={Liang, Paul Pu and Liu, Terrance and Ziyin, Liu and Allen, Nicholas B and Auerbach, Randy P and Brent, David and Salakhutdinov, Ruslan and Morency, Louis-Philippe},
  journal={arXiv preprint arXiv:2001.01523},
  year={2020}
}
@article{fallah2020personalized,
  title={Personalized federated learning with theoretical guarantees: A model-agnostic meta-learning approach},
  author={Fallah, Alireza and Mokhtari, Aryan and Ozdaglar, Asuman},
  journal={Advances in Neural Information Processing Systems},
  volume={33},
  pages={3557--3568},
  year={2020}
}
@article{xiao2017fashion,
  title={Fashion-mnist: a novel image dataset for benchmarking machine learning algorithms},
  author={Xiao, Han and Rasul, Kashif and Vollgraf, Roland},
  journal={arXiv preprint arXiv:1708.07747},
  year={2017}
}
@article{netzer2011reading,
  title={Reading digits in natural images with unsupervised feature learning},
  author={Netzer, Yuval and Wang, Tao and Coates, Adam and Bissacco, Alessandro and Wu, Bo and Ng, Andrew Y},
  year={2011}
}
@article{deng2020adaptive,
  title={Adaptive personalized federated learning},
  author={Deng, Yuyang and Kamani, Mohammad Mahdi and Mahdavi, Mehrdad},
  journal={arXiv preprint arXiv:2003.13461},
  year={2020}
}
@article{gretton2012kernel,
  title={A kernel two-sample test},
  author={Gretton, Arthur and Borgwardt, Karsten M and Rasch, Malte J and Sch{\"o}lkopf, Bernhard and Smola, Alexander},
  journal={The Journal of Machine Learning Research},
  volume={13},
  number={1},
  pages={723--773},
  year={2012},
  publisher={JMLR. org}
}
@article{day1984efficient,
  title={Efficient algorithms for agglomerative hierarchical clustering methods},
  author={Day, William HE and Edelsbrunner, Herbert},
  journal={Journal of classification},
  volume={1},
  number={1},
  pages={7--24},
  year={1984},
  publisher={Springer}
}
@inproceedings{hershey2007approximating,
  title={Approximating the Kullback Leibler divergence between Gaussian mixture models},
  author={Hershey, John R and Olsen, Peder A},
  booktitle={2007 IEEE International Conference on Acoustics, Speech and Signal Processing-ICASSP'07},
  volume={4},
  pages={IV--317},
  year={2007},
  organization={IEEE}
}




