@inproceedings{chen2022cross,
	title={Cross-modal ambiguity learning for multimodal fake news detection},
	author={Chen, Yixuan and Li, Dongsheng and Zhang, Peng and Sui, Jie and Lv, Qin and Tun, Lu and Shang, Li},
	booktitle={Proceedings of the ACM Web Conference 2022},
	pages={2897--2905},
	year={2022}
}

@inproceedings{dun2021kan,
  title={Kan: Knowledge-aware attention network for fake news detection},
  author={Dun, Yaqian and Tu, Kefei and Chen, Chen and Hou, Chunyan and Yuan, Xiaojie},
  booktitle={Proceedings of the AAAI conference on artificial intelligence},
  volume={35},
  number={1},
  pages={81--89},
  year={2021}
}

@article{jiang2023similarity,
	title={Similarity-aware multimodal prompt learning for fake news detection},
	author={Jiang, Ye and Yu, Xiaomin and Wang, Yimin and Xu, Xiaoman and Song, Xingyi and Maynard, Diana},
	journal={Information Sciences},
	volume={647},
	pages={119446},
	year={2023},
	publisher={Elsevier}
}

@article{lu2019vilbert,
  title={Vilbert: Pretraining task-agnostic visiolinguistic representations for vision-and-language tasks},
  author={Lu, Jiasen and Batra, Dhruv and Parikh, Devi and Lee, Stefan},
  journal={Advances in neural information processing systems},
  volume={32},
  year={2019}
}

@inproceedings{qi2021improving,
	title={Improving fake news detection by using an entity-enhanced framework to fuse diverse multimodal clues},
	author={Qi, Peng and Cao, Juan and Li, Xirong and Liu, Huan and Sheng, Qiang and Mi, Xiaoyue and He, Qin and Lv, Yongbiao and Guo, Chenyang and Yu, Yingchao},
	booktitle={Proceedings of the 29th ACM International Conference on Multimedia},
	pages={1212--1220},
	year={2021}
}

@inproceedings{qi2024sniffer,
  title={SNIFFER: Multimodal Large Language Model for Explainable Out-of-Context Misinformation Detection},
  author={Qi, Peng and Yan, Zehong and Hsu, Wynne and Lee, Mong Li},
  booktitle={Proceedings of the IEEE/CVF Conference on Computer Vision and Pattern Recognition},
  pages={13052--13062},
  year={2024}
}

@inproceedings{qian2021hierarchical,
  title={Hierarchical multi-modal contextual attention network for fake news detection},
  author={Qian, Shengsheng and Wang, Jinguang and Hu, Jun and Fang, Quan and Xu, Changsheng},
  booktitle={Proceedings of the 44th international ACM SIGIR conference on research and development in information retrieval},
  pages={153--162},
  year={2021}
}

@inproceedings{radford2021learning,
	title={Learning transferable visual models from natural language supervision},
	author={Radford, Alec and Kim, Jong Wook and Hallacy, Chris and Ramesh, Aditya and Goh, Gabriel and Agarwal, Sandhini and Sastry, Girish and Askell, Amanda and Mishkin, Pamela and Clark, Jack and others},
	booktitle={International conference on machine learning},
	pages={8748--8763},
	year={2021},
	organization={PMLR}
}

@inproceedings{wei2022cross,
	title={Cross-modal knowledge distillation in multi-modal fake news detection},
	author={Wei, Zimian and Pan, Hengyue and Qiao, Linbo and Niu, Xin and Dong, Peijie and Li, Dongsheng},
	booktitle={ICASSP 2022-2022 IEEE International Conference on Acoustics, Speech and Signal Processing (ICASSP)},
	pages={4733--4737},
	year={2022},
	organization={IEEE}
}

@inproceedings{wu2023see,
  title={See how you read? multi-reading habits fusion reasoning for multi-modal fake news detection},
  author={Wu, Lianwei and Liu, Pusheng and Zhang, Yanning},
  booktitle={Proceedings of the AAAI Conference on Artificial Intelligence},
  volume={37},
  number={11},
  pages={13736--13744},
  year={2023}
}

@article{xue2021detecting,
  title={Detecting fake news by exploring the consistency of multimodal data},
  author={Xue, Junxiao and Wang, Yabo and Tian, Yichen and Li, Yafei and Shi, Lei and Wei, Lin},
  journal={Information Processing \& Management},
  volume={58},
  number={5},
  pages={102610},
  year={2021},
  publisher={Elsevier}
}

@inproceedings{zhang2019multi,
  title={Multi-modal knowledge-aware event memory network for social media rumor detection},
  author={Zhang, Huaiwen and Fang, Quan and Qian, Shengsheng and Xu, Changsheng},
  booktitle={Proceedings of the 27th ACM international conference on multimedia},
  pages={1942--1951},
  year={2019}
}

@inproceedings{zhang2021mining,
  title={Mining dual emotion for fake news detection},
  author={Zhang, Xueyao and Cao, Juan and Li, Xirong and Sheng, Qiang and Zhong, Lei and Shu, Kai},
  booktitle={Proceedings of the web conference 2021},
  pages={3465--3476},
  year={2021}
}

@inproceedings{zhang2023hierarchical,
  title={Hierarchical Semantic Enhancement Network for Multimodal Fake News Detection},
  author={Zhang, Qiang and Liu, Jiawei and Zhang, Fanrui and Xie, Jingyi and Zha, Zheng-Jun},
  booktitle={Proceedings of the 31st ACM International Conference on Multimedia},
  pages={3424--3433},
  year={2023}
}

@inproceedings{zhang2024escnet,
  title={ESCNet: Entity-enhanced and Stance Checking Network for Multi-modal Fact-Checking},
  author={Zhang, Fanrui and Liu, Jiawei and Xie, Jingyi and Zhang, Qiang and Xu, Yongchao and Zha, Zheng-Jun},
  booktitle={Proceedings of the ACM on Web Conference 2024},
  pages={2429--2440},
  year={2024}
}

@inproceedings{zhangnatural,
  title={Natural Language-centered Inference Network for Multi-modal Fake News Detection},
  author={Zhang, Qiang and Liu, Jiawei and Zhang, Fanrui and Xie, Jingyi and Zha, Zheng-Jun},
  booktitle={Proceedings of the Thirty-Third International Joint Conference on
               Artificial Intelligence, {IJCAI-24}},
  volume={2024},
  pages={2542-2550},
  year={2024}
}

@inproceedings{zheng2022mfan,
  title={MFAN: Multi-modal Feature-enhanced Attention Networks for Rumor Detection.},
  author={Zheng, Jiaqi and Zhang, Xi and Guo, Sanchuan and Wang, Quan and Zang, Wenyu and Zhang, Yongdong},
  booktitle={Proceedings of the Thirty-First International Joint Conference on
               Artificial Intelligence, {IJCAI-22}},
  volume={2022},
  pages={2413--2419},
  year={2022}
}

@inproceedings{zhou2020similarity,
  title={Similarity-Aware Multi-modal Fake News Detection},
  author={Zhou, Xinyi and Wu, Jindi and Zafarani, Reza},
  booktitle={Pacific-Asia Conference on knowledge discovery and data mining},
  pages={354--367},
  year={2020},
  organization={Springer}
}

