@article{allcott2017social,
  title={Social media and fake news in the 2016 election},
  author={Allcott, Hunt and Gentzkow, Matthew},
  journal={J. Econ. Perspect.},
  volume={31},
  number={2},
  pages={211--236},
  year={2017},
  publisher={American Economic Association 2014 Broadway, Suite 305, Nashville, TN 37203-2418}
}

@article{radford2019language,
  title={Language models are unsupervised multitask learners},
  author={Radford, Alec and Wu, Jeffrey and Child, Rewon and Luan, David and Amodei, Dario and Sutskever, Ilya and others},
  journal={OpenAI blog},
  volume={1},
  number={8},
  pages={9},
  year={2019}
}

@article{touvron2023llama,
  title={Llama: Open and efficient foundation language models},
  author={Touvron, Hugo and Lavril, Thibaut and Izacard, Gautier and Martinet, Xavier and Lachaux, Marie-Anne and Lacroix, Timoth{\'e}e and Rozi{\`e}re, Baptiste and Goyal, Naman and Hambro, Eric and Azhar, Faisal and others},
  journal={arXiv preprint arXiv:2302.13971},
  year={2023}
}

@article{goodfellow2014generative,
  title={Generative adversarial nets},
  author={Goodfellow, Ian and Pouget-Abadie, Jean and Mirza, Mehdi and Xu, Bing and Warde-Farley, David and Ozair, Sherjil and Courville, Aaron and Bengio, Yoshua},
  journal={Advances in neural information processing systems},
  volume={27},
  year={2014}
}

@article{dhariwal2021diffusion,
  title={Diffusion models beat gans on image synthesis},
  author={Dhariwal, Prafulla and Nichol, Alexander},
  journal={Advances in neural information processing systems},
  volume={34},
  pages={8780--8794},
  year={2021}
}

@article{shishah2021fake,
	title={Fake news detection using BERT model with joint learning},
	author={Shishah, Wesam},
	journal={Arabian Journal for Science and Engineering},
	volume={46},
	number={9},
	pages={9115--9127},
	year={2021},
	publisher={Springer}
}

@inproceedings{wu24unified,
	title={Unified Evidence Enhancement Inference Framework for Fake News Detection},
	author={Wu, Lianwei and Wang, Linyong and Zhao, Yongqiang},
	booktitle={Proceedings of the Thirty-Third International Joint Conference on Artificial Intelligence, IJCAI-24},
	year={2024},
	pages={6541--6549}
}

@article{sun2023inconsistent,
  title={Inconsistent matters: A knowledge-guided dual-consistency network for multi-modal rumor detection},
  author={Sun, Mengzhu and Zhang, Xi and Ma, Jianqiang and Xie, Sihong and Liu, Yazheng and Philip, S Yu},
  journal={IEEE Transactions on Knowledge and Data Engineering},
  volume={35},
  number={12},
  pages={12736--12749},
  year={2023},
  publisher={IEEE}
}

@incollection{singhal2021inter,
	title={Inter-modality discordance for multimodal fake news detection},
	author={Singhal, Shivangi and Dhawan, Mudit and Shah, Rajiv Ratn and Kumaraguru, Ponnurangam},
	booktitle={ACM Multimedia Asia},
	pages={1--7},
	year={2021}
}

@inproceedings{singhal2022leveraging,
  title={Leveraging intra and inter modality relationship for multimodal fake news detection},
  author={Singhal, Shivangi and Pandey, Tanisha and Mrig, Saksham and Shah, Rajiv Ratn and Kumaraguru, Ponnurangam},
  booktitle={Companion Proceedings of the Web Conference 2022},
  pages={726--734},
  year={2022}
}

@inproceedings{qi2021improving,
	title={Improving fake news detection by using an entity-enhanced framework to fuse diverse multimodal clues},
	author={Qi, Peng and Cao, Juan and Li, Xirong and Liu, Huan and Sheng, Qiang and Mi, Xiaoyue and He, Qin and Lv, Yongbiao and Guo, Chenyang and Yu, Yingchao},
	booktitle={Proceedings of the 29th ACM International Conference on Multimedia},
	pages={1212--1220},
	year={2021}
}

@inproceedings{wei2022cross,
	title={Cross-modal knowledge distillation in multi-modal fake news detection},
	author={Wei, Zimian and Pan, Hengyue and Qiao, Linbo and Niu, Xin and Dong, Peijie and Li, Dongsheng},
	booktitle={ICASSP 2022-2022 IEEE International Conference on Acoustics, Speech and Signal Processing (ICASSP)},
	pages={4733--4737},
	year={2022},
	organization={IEEE}
}

@article{devlin2018bert,
  title={Bert: Pre-training of deep bidirectional transformers for language understanding},
  author={Devlin, Jacob and Chang, Ming-Wei and Lee, Kenton and Toutanova, Kristina},
  journal={arXiv preprint arXiv:1810.04805},
  year={2018}
}

@article{lecun1998gradient,
  title={Gradient-based learning applied to document recognition},
  author={LeCun, Yann and Bottou, L{\'e}on and Bengio, Yoshua and Haffner, Patrick},
  journal={Proceedings of the IEEE},
  volume={86},
  number={11},
  pages={2278--2324},
  year={1998},
  publisher={Ieee}
}

@inproceedings{he2016deep,
  title={Deep residual learning for image recognition},
  author={He, Kaiming and Zhang, Xiangyu and Ren, Shaoqing and Sun, Jian},
  booktitle={Proceedings of the IEEE conference on computer vision and pattern recognition},
  pages={770--778},
  year={2016}
}

@article{simonyan2014very,
  title={Very deep convolutional networks for large-scale image recognition},
  author={Simonyan, Karen and Zisserman, Andrew},
  journal={arXiv preprint arXiv:1409.1556},
  year={2014}
}

@article{hochreiter1997long,
  title={Long short-term memory},
  author={Hochreiter, Sepp and Schmidhuber, J{\"u}rgen},
  journal={Neural computation},
  volume={9},
  number={8},
  pages={1735--1780},
  year={1997},
  publisher={MIT press}
}

@article{kim2014convolutional,
  title={Convolutional neural networks for sentence classification},
  author={Kim, Yoon},
  journal={arXiv preprint arXiv:1408.5882},
  year={2014}
}



@article{vaswani2017attention,
  title={Attention is all you need},
  author={Vaswani, Ashish and Shazeer, Noam and Parmar, Niki and Uszkoreit, Jakob and Jones, Llion and Gomez, Aidan N and Kaiser, {\L}ukasz and Polosukhin, Illia},
  journal={Advances in neural information processing systems},
  volume={30},
  year={2017}
}

@article{wang2023cross,
  title={Cross-modal Contrastive Learning for Multimodal Fake News Detection},
  author={Wang, Longzheng and Zhang, Chuang and Xu, Hongbo and Zhang, Shuai and Xu, Xiaohan and Wang, Siqi},
  journal={arXiv preprint arXiv:2302.14057},
  year={2023}
}

@article{khosla2020supervised,
	title={Supervised contrastive learning},
	author={Khosla, Prannay and Teterwak, Piotr and Wang, Chen and Sarna, Aaron and Tian, Yonglong and Isola, Phillip and Maschinot, Aaron and Liu, Ce and Krishnan, Dilip},
	journal={Advances in neural information processing systems},
	volume={33},
	pages={18661--18673},
	year={2020}
}

@inproceedings{ying2023bootstrapping,
  title={Bootstrapping multi-view representations for fake news detection},
  author={Ying, Qichao and Hu, Xiaoxiao and Zhou, Yangming and Qian, Zhenxing and Zeng, Dan and Ge, Shiming},
  booktitle={Proceedings of the AAAI conference on Artificial Intelligence},
  volume={37},
  number={4},
  pages={5384--5392},
  year={2023}
}

@article{zhang2015deep,
  title={Deep Neural Networks in Machine Translation: An Overview.},
  author={Zhang, Jiajun and Zong, Chengqing and others},
  journal={IEEE Intell. Syst.},
  volume={30},
  number={5},
  pages={16--25},
  year={2015}
}

@article{liu2021mgrc,
  title={MGRC: An end-to-end multigranularity reading comprehension model for question answering},
  author={Liu, Qian and Geng, Xiubo and Huang, Heyan and Qin, Tao and Lu, Jie and Jiang, Daxin},
  journal={IEEE Transactions on Neural Networks and Learning Systems},
  year={2021},
  publisher={IEEE}
}

@article{zong2022bgnn,
  title={BGNN-XML: Bilateral Graph Neural Networks for Extreme Multi-label Text Classification},
  author={Zong, Daoming and Sun, Shiliang},
  journal={IEEE Transactions on Knowledge and Data Engineering},
  year={2022},
  publisher={IEEE}
}

@article{dosovitskiy2020image,
  title={An image is worth 16x16 words: Transformers for image recognition at scale},
  author={Dosovitskiy, Alexey and Beyer, Lucas and Kolesnikov, Alexander and Weissenborn, Dirk and Zhai, Xiaohua and Unterthiner, Thomas and Dehghani, Mostafa and Minderer, Matthias and Heigold, Georg and Gelly, Sylvain and others},
  journal={arXiv preprint arXiv:2010.11929},
  year={2020}
}

@inproceedings{deng2009imagenet,
  title={Imagenet: A large-scale hierarchical image database},
  author={Deng, Jia and Dong, Wei and Socher, Richard and Li, Li-Jia and Li, Kai and Fei-Fei, Li},
  booktitle={2009 IEEE conference on computer vision and pattern recognition},
  pages={248--255},
  year={2009},
  organization={Ieee}
}

@article{song2023vision,
  title={Vision transformers for single image dehazing},
  author={Song, Yuda and He, Zhuqing and Qian, Hui and Du, Xin},
  journal={IEEE Transactions on Image Processing},
  volume={32},
  pages={1927--1941},
  year={2023},
  publisher={IEEE}
}

@article{cao2022vdtr,
  title={Vdtr: Video deblurring with transformer},
  author={Cao, Mingdeng and Fan, Yanbo and Zhang, Yong and Wang, Jue and Yang, Yujiu},
  journal={IEEE Transactions on Circuits and Systems for Video Technology},
  volume={33},
  number={1},
  pages={160--171},
  year={2022},
  publisher={IEEE}
}

@inproceedings{chen2022cross,
	title={Cross-modal ambiguity learning for multimodal fake news detection},
	author={Chen, Yixuan and Li, Dongsheng and Zhang, Peng and Sui, Jie and Lv, Qin and Tun, Lu and Shang, Li},
	booktitle={Proceedings of the ACM Web Conference 2022},
	pages={2897--2905},
	year={2022}
}

@article{vu2020question,
  title={A question-centric model for visual question answering in medical imaging},
  author={Vu, Minh H and L{\"o}fstedt, Tommy and Nyholm, Tufve and Sznitman, Raphael},
  journal={IEEE transactions on medical imaging},
  volume={39},
  number={9},
  pages={2856--2868},
  year={2020},
  publisher={IEEE}
}

@article{qian2022scene,
  title={Scene graph refinement network for visual question answering},
  author={Qian, Tianwen and Chen, Jingjing and Chen, Shaoxiang and Wu, Bo and Jiang, Yu-Gang},
  journal={IEEE Transactions on Multimedia},
  year={2022},
  publisher={IEEE}
}

@article{yu2018adaptive,
  title={Adaptive semi-supervised feature selection for cross-modal retrieval},
  author={Yu, En and Sun, Jiande and Li, Jing and Chang, Xiaojun and Han, Xian-Hua and Hauptmann, Alexander G},
  journal={IEEE Transactions on Multimedia},
  volume={21},
  number={5},
  pages={1276--1288},
  year={2018},
  publisher={IEEE}
}

@article{yu2022deep,
  title={Deep discrete cross-modal hashing with multiple supervision},
  author={Yu, En and Ma, Jianhua and Sun, Jiande and Chang, Xiaojun and Zhang, Huaxiang and Hauptmann, Alexander G},
  journal={Neurocomputing},
  volume={486},
  pages={215--224},
  year={2022},
  publisher={Elsevier}
}

@article{yang2020image,
  title={Image-text multimodal emotion classification via multi-view attentional network},
  author={Yang, Xiaocui and Feng, Shi and Wang, Daling and Zhang, Yifei},
  journal={IEEE Transactions on Multimedia},
  volume={23},
  pages={4014--4026},
  year={2020},
  publisher={IEEE}
}

@article{zhu2022multimodal,
  title={Multimodal sentiment analysis with image-text interaction network},
  author={Zhu, Tong and Li, Leida and Yang, Jufeng and Zhao, Sicheng and Liu, Hantao and Qian, Jiansheng},
  journal={IEEE Transactions on Multimedia},
  year={2022},
  publisher={IEEE}
}

@inproceedings{volkova2017separating,
  title={Separating facts from fiction: Linguistic models to classify suspicious and trusted news posts on twitter},
  author={Volkova, Svitlana and Shaffer, Kyle and Jang, Jin Yea and Hodas, Nathan},
  booktitle={Proceedings of the 55th annual meeting of the association for computational linguistics (volume 2: Short papers)},
  pages={647--653},
  year={2017}
}

@article{bond2017lyin,
  title={‘Lyin'Ted’,‘Crooked Hillary’, and ‘Deceptive Donald’: Language of Lies in the 2016 US Presidential Debates},
  author={Bond, Gary D and Holman, Rebecka D and Eggert, Jamie-Ann L and Speller, Lassiter F and Garcia, Olivia N and Mejia, Sasha C and Mcinnes, Kohlby W and Ceniceros, Eleny C and Rustige, Rebecca},
  journal={Applied Cognitive Psychology},
  volume={31},
  number={6},
  pages={668--677},
  year={2017},
  publisher={Wiley Online Library}
}

@article{potthast2017stylometric,
  title={A stylometric inquiry into hyperpartisan and fake news},
  author={Potthast, Martin and Kiesel, Johannes and Reinartz, Kevin and Bevendorff, Janek and Stein, Benno},
  journal={arXiv preprint arXiv:1702.05638},
  year={2017}
}

@inproceedings{chen2015misleading,
  title={Misleading online content: recognizing clickbait as" false news"},
  author={Chen, Yimin and Conroy, Niall J and Rubin, Victoria L},
  booktitle={Proceedings of the 2015 ACM on workshop on multimodal deception detection},
  pages={15--19},
  year={2015}
}

@inproceedings{castillo2011information,
  title={Information credibility on twitter},
  author={Castillo, Carlos and Mendoza, Marcelo and Poblete, Barbara},
  booktitle={Proceedings of the 20th international conference on World wide web},
  pages={675--684},
  year={2011}
}

@article{hunt1966experiments,
  title={Experiments in induction.},
  author={Hunt, Earl B and Marin, Janet and Stone, Philip J},
  year={1966},
  publisher={Academic press}
}

@article{lukasik2019gaussian,
  title={Gaussian processes for rumour stance classification in social media},
  author={Lukasik, Michal and Bontcheva, Kalina and Cohn, Trevor and Zubiaga, Arkaitz and Liakata, Maria and Procter, Rob},
  journal={ACM Transactions on Information Systems (TOIS)},
  volume={37},
  number={2},
  pages={1--24},
  year={2019},
  publisher={ACM New York, NY, USA}
}

@article{ma2016detecting,
  title={Detecting rumors from microblogs with recurrent neural networks},
  author={Ma, Jing and Gao, Wei and Mitra, Prasenjit and Kwon, Sejeong and Jansen, Bernard J and Wong, Kam-Fai and Cha, Meeyoung},
  year={2016},
  publisher={AAAI Press}
}

@inproceedings{chen2018call,
  title={Call attention to rumors: Deep attention based recurrent neural networks for early rumor detection},
  author={Chen, Tong and Li, Xue and Yin, Hongzhi and Zhang, Jun},
  booktitle={Trends and Applications in Knowledge Discovery and Data Mining: PAKDD 2018 Workshops, BDASC, BDM, ML4Cyber, PAISI, DaMEMO, Melbourne, VIC, Australia, June 3, 2018, Revised Selected Papers 22},
  pages={40--52},
  year={2018},
  organization={Springer}
}

@article{jiang2023topic,
  title={Topic-aware hierarchical multi-attention network for text classification},
  author={Jiang, Ye and Wang, Yimin},
  journal={International Journal of Machine Learning and Cybernetics},
  volume={14},
  number={5},
  pages={1863--1875},
  year={2023},
  publisher={Springer}
}

@incollection{jiang2020comparing,
  title={Comparing topic-aware neural networks for bias detection of news},
  author={Jiang, Ye and Wang, Yimin and Song, Xingyi and Maynard, Diana},
  booktitle={ECAI 2020},
  pages={2054--2061},
  year={2020},
  publisher={IOS Press}
}

@article{jiang2023team,
  title={Team qust at semeval-2023 task 3: A comprehensive study of monolingual and multilingual approaches for detecting online news genre, framing and persuasion techniques},
  author={Jiang, Ye},
  journal={arXiv preprint arXiv:2304.04190},
  year={2023}
}

@inproceedings{qi2019exploiting,
  title={Exploiting multi-domain visual information for fake news detection},
  author={Qi, Peng and Cao, Juan and Yang, Tianyun and Guo, Junbo and Li, Jintao},
  booktitle={2019 IEEE international conference on data mining (ICDM)},
  pages={518--527},
  year={2019},
  organization={IEEE}
}

@inproceedings{jin2017multimodal,
  title={Multimodal fusion with recurrent neural networks for rumor detection on microblogs},
  author={Jin, Zhiwei and Cao, Juan and Guo, Han and Zhang, Yongdong and Luo, Jiebo},
  booktitle={Proceedings of the 25th ACM international conference on Multimedia},
  pages={795--816},
  year={2017}
}

@inproceedings{wang2018eann,
  title={Eann: Event adversarial neural networks for multi-modal fake news detection},
  author={Wang, Yaqing and Ma, Fenglong and Jin, Zhiwei and Yuan, Ye and Xun, Guangxu and Jha, Kishlay and Su, Lu and Gao, Jing},
  booktitle={Proceedings of the 24th acm sigkdd international conference on knowledge discovery \& data mining},
  pages={849--857},
  year={2018}
}

@inproceedings{zhang2020bdann,
  title={BDANN: BERT-based domain adaptation neural network for multi-modal fake news detection},
  author={Zhang, Tong and Wang, Di and Chen, Huanhuan and Zeng, Zhiwei and Guo, Wei and Miao, Chunyan and Cui, Lizhen},
  booktitle={2020 international joint conference on neural networks (IJCNN)},
  pages={1--8},
  year={2020},
  organization={IEEE}
}

@inproceedings{khattar2019mvae,
  title={Mvae: Multimodal variational autoencoder for fake news detection},
  author={Khattar, Dhruv and Goud, Jaipal Singh and Gupta, Manish and Varma, Vasudeva},
  booktitle={The world wide web conference},
  pages={2915--2921},
  year={2019}
}

@article{song2021multimodal,
  title={A multimodal fake news detection model based on crossmodal attention residual and multichannel convolutional neural networks},
  author={Song, Chenguang and Ning, Nianwen and Zhang, Yunlei and Wu, Bin},
  journal={Information Processing \& Management},
  volume={58},
  number={1},
  pages={102437},
  year={2021},
  publisher={Elsevier}
}

@inproceedings{qian2021hierarchical,
  title={Hierarchical multi-modal contextual attention network for fake news detection},
  author={Qian, Shengsheng and Wang, Jinguang and Hu, Jun and Fang, Quan and Xu, Changsheng},
  booktitle={Proceedings of the 44th international ACM SIGIR conference on research and development in information retrieval},
  pages={153--162},
  year={2021}
}

@inproceedings{wu2021multimodal,
  title={Multimodal fusion with co-attention networks for fake news detection},
  author={Wu, Yang and Zhan, Pengwei and Zhang, Yunjian and Wang, Liming and Xu, Zhen},
  booktitle={Findings of the association for computational linguistics: ACL-IJCNLP 2021},
  pages={2560--2569},
  year={2021}
}

@article{lu2016hierarchical,
  title={Hierarchical question-image co-attention for visual question answering},
  author={Lu, Jiasen and Yang, Jianwei and Batra, Dhruv and Parikh, Devi},
  journal={Advances in neural information processing systems},
  volume={29},
  year={2016}
}

@inproceedings{zhou2020similarity,
  title={Similarity-Aware Multi-modal Fake News Detection},
  author={Zhou, Xinyi and Wu, Jindi and Zafarani, Reza},
  booktitle={Pacific-Asia Conference on knowledge discovery and data mining},
  pages={354--367},
  year={2020},
  organization={Springer}
}

@article{jiang2023similarity,
	title={Similarity-aware multimodal prompt learning for fake news detection},
	author={Jiang, Ye and Yu, Xiaomin and Wang, Yimin and Xu, Xiaoman and Song, Xingyi and Maynard, Diana},
	journal={Information Sciences},
	volume={647},
	pages={119446},
	year={2023},
	publisher={Elsevier}
}

@inproceedings{radford2021learning,
	title={Learning transferable visual models from natural language supervision},
	author={Radford, Alec and Kim, Jong Wook and Hallacy, Chris and Ramesh, Aditya and Goh, Gabriel and Agarwal, Sandhini and Sastry, Girish and Askell, Amanda and Mishkin, Pamela and Clark, Jack and others},
	booktitle={International conference on machine learning},
	pages={8748--8763},
	year={2021},
	organization={PMLR}
}

@article{xue2021detecting,
  title={Detecting fake news by exploring the consistency of multimodal data},
  author={Xue, Junxiao and Wang, Yabo and Tian, Yichen and Li, Yafei and Shi, Lei and Wei, Lin},
  journal={Information Processing \& Management},
  volume={58},
  number={5},
  pages={102610},
  year={2021},
  publisher={Elsevier}
}

@inproceedings{singhal2019spotfake,
  title={Spotfake: A multi-modal framework for fake news detection},
  author={Singhal, Shivangi and Shah, Rajiv Ratn and Chakraborty, Tanmoy and Kumaraguru, Ponnurangam and Satoh, Shin'ichi},
  booktitle={2019 IEEE fifth international conference on multimedia big data (BigMM)},
  pages={39--47},
  year={2019},
  organization={IEEE}
}

@article{nakamura2019r,
  title={r/fakeddit: A new multimodal benchmark dataset for fine-grained fake news detection},
  author={Nakamura, Kai and Levy, Sharon and Wang, William Yang},
  journal={arXiv preprint arXiv:1911.03854},
  year={2019}
}

@inproceedings{wu2023see,
  title={See how you read? multi-reading habits fusion reasoning for multi-modal fake news detection},
  author={Wu, Lianwei and Liu, Pusheng and Zhang, Yanning},
  booktitle={Proceedings of the AAAI Conference on Artificial Intelligence},
  volume={37},
  number={11},
  pages={13736--13744},
  year={2023}
}

@inproceedings{lao2024frequency,
  title={Frequency spectrum is more effective for multimodal representation and fusion: A multimodal spectrum rumor detector},
  author={Lao, An and Zhang, Qi and Shi, Chongyang and Cao, Longbing and Yi, Kun and Hu, Liang and Miao, Duoqian},
  booktitle={Proceedings of the AAAI Conference on Artificial Intelligence},
  volume={38},
  number={16},
  pages={18426--18434},
  year={2024}
}

@inproceedings{wang2024fake,
  title={Fake news detection via multi-scale semantic alignment and cross-modal attention},
  author={Wang, Jiandong and Zhang, Hongguang and Liu, Chun and Yang, Xiongjun},
  booktitle={Proceedings of the 47th International ACM SIGIR Conference on Research and Development in Information Retrieval},
  pages={2406--2410},
  year={2024}
}

@article{yu2024racmc,
  title={RaCMC: Residual-Aware Compensation Network with Multi-Granularity Constraints for Fake News Detection},
  author={Yu, Xinquan and Sheng, Ziqi and Lu, Wei and Luo, Xiangyang and Zhou, Jiantao},
  journal={arXiv preprint arXiv:2412.18254},
  year={2024}
}

@inproceedings{zheng2022mfan,
  title={MFAN: Multi-modal Feature-enhanced Attention Networks for Rumor Detection.},
  author={Zheng, Jiaqi and Zhang, Xi and Guo, Sanchuan and Wang, Quan and Zang, Wenyu and Zhang, Yongdong},
  booktitle={Proceedings of the Thirty-First International Joint Conference on
               Artificial Intelligence, {IJCAI-22}},
  volume={2022},
  pages={2413--2419},
  year={2022}
}

@inproceedings{zhangnatural,
  title={Natural Language-centered Inference Network for Multi-modal Fake News Detection},
  author={Zhang, Qiang and Liu, Jiawei and Zhang, Fanrui and Xie, Jingyi and Zha, Zheng-Jun},
  booktitle={Proceedings of the Thirty-Third International Joint Conference on
               Artificial Intelligence, {IJCAI-24}},
  volume={2024},
  pages={2542-2550},
  year={2024}
}

@article{wang2024deepfaker,
  title={DEEPFAKER: a unified evaluation platform for facial deepfake and detection models},
  author={Wang, Li and Meng, Xiangtao and Li, Dan and Zhang, Xuhong and Ji, Shouling and Guo, Shanqing},
  journal={ACM Transactions on Privacy and Security},
  volume={27},
  number={1},
  pages={1--34},
  year={2024},
  publisher={ACM New York, NY}
}


@inproceedings{zhang2023hierarchical,
  title={Hierarchical Semantic Enhancement Network for Multimodal Fake News Detection},
  author={Zhang, Qiang and Liu, Jiawei and Zhang, Fanrui and Xie, Jingyi and Zha, Zheng-Jun},
  booktitle={Proceedings of the 31st ACM International Conference on Multimedia},
  pages={3424--3433},
  year={2023}
}

@inproceedings{wu2021multimodal,
  title={Multimodal fusion with co-attention networks for fake news detection},
  author={Wu, Yang and Zhan, Pengwei and Zhang, Yunjian and Wang, Liming and Xu, Zhen},
  booktitle={Findings of the association for computational linguistics: ACL-IJCNLP 2021},
  pages={2560--2569},
  year={2021}
}

@inproceedings{zhao2023chatspot,
  title={Chatspot: Bootstrapping multimodal llms via precise referring instruction tuning},
  author={Zhao, Liang and Yu, En and Ge, Zheng and Yang, Jinrong and Wei, Haoran and Zhou, Hongyu and Sun, Jianjian and Peng, Yuang and Dong, Runpei and Han, Chunrui and others},
  booktitle={Proceedings of the Thirty-Third International Joint Conference on
               Artificial Intelligence, {IJCAI-24}},
  pages={1743--1752},
  year={2023}
}

@inproceedings{wu2024unified,
  title={Unified evidence enhancement inference framework for fake news detection},
  author={Wu, Lianwei and Wang, Linyong and Zhao, Yongqiang},
  booktitle={Proceedings of the Thirty-Third International Joint Conference on Artificial Intelligence, IJCAI-24},
  pages={6541--6549},
  year={2024}
}

@article{ouyang2022training,
  title={Training language models to follow instructions with human feedback},
  author={Ouyang, Long and Wu, Jeffrey and Jiang, Xu and Almeida, Diogo and Wainwright, Carroll and Mishkin, Pamela and Zhang, Chong and Agarwal, Sandhini and Slama, Katarina and Ray, Alex and others},
  journal={Advances in neural information processing systems},
  volume={35},
  pages={27730--27744},
  year={2022}
}

@inproceedings{li2022blip,
  title={Blip: Bootstrapping language-image pre-training for unified vision-language understanding and generation},
  author={Li, Junnan and Li, Dongxu and Xiong, Caiming and Hoi, Steven},
  booktitle={International conference on machine learning},
  pages={12888--12900},
  year={2022},
  organization={PMLR}
}

@article{zhou2020survey,
  title={A survey of fake news: Fundamental theories, detection methods, and opportunities},
  author={Zhou, Xinyi and Zafarani, Reza},
  journal={ACM Computing Surveys (CSUR)},
  volume={53},
  number={5},
  pages={1--40},
  year={2020},
  publisher={ACM New York, NY, USA}
}

@article{shu2017fake,
  title={Fake news detection on social media: A data mining perspective},
  author={Shu, Kai and Sliva, Amy and Wang, Suhang and Tang, Jiliang and Liu, Huan},
  journal={ACM SIGKDD explorations newsletter},
  volume={19},
  number={1},
  pages={22--36},
  year={2017},
  publisher={ACM New York, NY, USA}
}

@inproceedings{yu2017convolutional,
  title={A Convolutional Approach for Misinformation Identification.},
  author={Yu, Feng and Liu, Qiang and Wu, Shu and Wang, Liang and Tan, Tieniu and others},
  booktitle={Proceedings of the Thirty-Third International Joint Conference on Artificial Intelligence, IJCAI-17},
  pages={3901--3907},
  year={2017}
}

@inproceedings{li2023blip,
  title={Blip-2: Bootstrapping language-image pre-training with frozen image encoders and large language models},
  author={Li, Junnan and Li, Dongxu and Savarese, Silvio and Hoi, Steven},
  booktitle={International conference on machine learning},
  pages={19730--19742},
  year={2023},
  organization={PMLR}
}

@inproceedings{dun2021kan,
  title={Kan: Knowledge-aware attention network for fake news detection},
  author={Dun, Yaqian and Tu, Kefei and Chen, Chen and Hou, Chunyan and Yuan, Xiaojie},
  booktitle={Proceedings of the AAAI conference on artificial intelligence},
  volume={35},
  number={1},
  pages={81--89},
  year={2021}
}

@inproceedings{zhang2019multi,
  title={Multi-modal knowledge-aware event memory network for social media rumor detection},
  author={Zhang, Huaiwen and Fang, Quan and Qian, Shengsheng and Xu, Changsheng},
  booktitle={Proceedings of the 27th ACM international conference on multimedia},
  pages={1942--1951},
  year={2019}
}

@inproceedings{qi2024sniffer,
  title={SNIFFER: Multimodal Large Language Model for Explainable Out-of-Context Misinformation Detection},
  author={Qi, Peng and Yan, Zehong and Hsu, Wynne and Lee, Mong Li},
  booktitle={Proceedings of the IEEE/CVF Conference on Computer Vision and Pattern Recognition},
  pages={13052--13062},
  year={2024}
}

@inproceedings{zhang2024escnet,
  title={ESCNet: Entity-enhanced and Stance Checking Network for Multi-modal Fact-Checking},
  author={Zhang, Fanrui and Liu, Jiawei and Xie, Jingyi and Zhang, Qiang and Xu, Yongchao and Zha, Zheng-Jun},
  booktitle={Proceedings of the ACM on Web Conference 2024},
  pages={2429--2440},
  year={2024}
}

@inproceedings{zhang2021mining,
  title={Mining dual emotion for fake news detection},
  author={Zhang, Xueyao and Cao, Juan and Li, Xirong and Sheng, Qiang and Zhong, Lei and Shu, Kai},
  booktitle={Proceedings of the web conference 2021},
  pages={3465--3476},
  year={2021}
}


@article{lu2019vilbert,
  title={Vilbert: Pretraining task-agnostic visiolinguistic representations for vision-and-language tasks},
  author={Lu, Jiasen and Batra, Dhruv and Parikh, Devi and Lee, Stefan},
  journal={Advances in neural information processing systems},
  volume={32},
  year={2019}
}