@article{albrecht2018autonomous,
  title={Autonomous agents modelling other agents: A comprehensive survey and open problems},
  author={Albrecht, Stefano V and Stone, Peter},
  journal={Artificial Intelligence},
  volume={258},
  pages={66--95},
  year={2018},
  publisher={Elsevier}
}

@inproceedings{fisac2019hierarchical,
  title={Hierarchical game-theoretic planning for autonomous vehicles},
  author={Fisac, Jaime F and Bronstein, Eli and Stefansson, Elis and Sadigh, Dorsa and Sastry, S Shankar and Dragan, Anca D},
  booktitle={2019 International conference on robotics and automation (ICRA)},
  pages={9590--9596},
  year={2019},
  organization={IEEE}
}

@inproceedings{hu2020other,
  title={“other-play” for zero-shot coordination},
  author={Hu, Hengyuan and Lerer, Adam and Peysakhovich, Alex and Foerster, Jakob},
  booktitle={International Conference on Machine Learning},
  pages={4399--4410},
  year={2020},
  organization={PMLR}
}

@article{luo2022survey,
  title={A survey on model-based reinforcement learning},
  author={Luo, Fan-Ming and Xu, Tian and Lai, Hang and Chen, Xiong-Hui and Zhang, Weinan and Yu, Yang},
  journal={arXiv preprint arXiv:2206.09328},
  year={2022}
}

@article{mahdinia2021integration,
  title={Integration of automated vehicles in mixed traffic: Evaluating changes in performance of following human-driven vehicles},
  author={Mahdinia, Iman and Mohammadnazar, Amin and Arvin, Ramin and Khattak, Asad J},
  journal={Accident Analysis \& Prevention},
  volume={152},
  pages={106006},
  year={2021},
  publisher={Elsevier}
}

@inproceedings{mirsky2022survey,
  title={A survey of ad hoc teamwork research},
  author={Mirsky, Reuth and Carlucho, Ignacio and Rahman, Arrasy and Fosong, Elliot and Macke, William and Sridharan, Mohan and Stone, Peter and Albrecht, Stefano V},
  booktitle={European Conference on Multi-Agent Systems},
  pages={275--293},
  year={2022},
  organization={Springer}
}

@article{moerland2023model,
  title={Model-based reinforcement learning: A survey},
  author={Moerland, Thomas M and Broekens, Joost and Plaat, Aske and Jonker, Catholijn M and others},
  journal={Foundations and Trends{\textregistered} in Machine Learning},
  volume={16},
  number={1},
  pages={1--118},
  year={2023},
  publisher={Now Publishers, Inc.}
}

@inproceedings{sadigh2016planning,
  title={Planning for autonomous cars that leverage effects on human actions.},
  author={Sadigh, Dorsa and Sastry, Shankar and Seshia, Sanjit A and Dragan, Anca D},
  booktitle={Robotics: Science and systems},
  volume={2},
  pages={1--9},
  year={2016},
  organization={Ann Arbor, MI, USA}
}

@article{sadigh2018planning,
  title={Planning for cars that coordinate with people: leveraging effects on human actions for planning and active information gathering over human internal state},
  author={Sadigh, Dorsa and Landolfi, Nick and Sastry, Shankar S and Seshia, Sanjit A and Dragan, Anca D},
  journal={Autonomous Robots},
  volume={42},
  pages={1405--1426},
  year={2018},
  publisher={Springer}
}

@inproceedings{sharma2018human,
  title={Human factors in modelling mixed traffic of traditional, connected, and automated vehicles},
  author={Sharma, Anshuman and Ali, Yasir and Saifuzzaman, Mohammad and Zheng, Zuduo and Haque, Md Mazharul},
  booktitle={Advances in Human Factors in Simulation and Modeling: Proceedings of the AHFE 2017 International Conference on Human Factors in Simulation and Modeling, July 17--21, 2017, The Westin Bonaventure Hotel, Los Angeles, California, USA 8},
  pages={262--273},
  year={2018},
  organization={Springer}
}

@inproceedings{sikchi2022learning,
  title={Learning off-policy with online planning},
  author={Sikchi, Harshit and Zhou, Wenxuan and Held, David},
  booktitle={Conference on Robot Learning},
  pages={1622--1633},
  year={2022},
  organization={PMLR}
}

@inproceedings{tian2022safety,
  title={Safety assurances for human-robot interaction via confidence-aware game-theoretic human models},
  author={Tian, Ran and Sun, Liting and Bajcsy, Andrea and Tomizuka, Masayoshi and Dragan, Anca D},
  booktitle={2022 International Conference on Robotics and Automation (ICRA)},
  pages={11229--11235},
  year={2022},
  organization={IEEE}
}

@article{wu2017flow,
  title={Flow: Architecture and benchmarking for reinforcement learning in traffic control},
  author={Wu, Cathy and Kreidieh, Aboudy and Parvate, Kanaad and Vinitsky, Eugene and Bayen, Alexandre M},
  journal={arXiv preprint arXiv:1710.05465},
  volume={10},
  year={2017}
}

@article{xiao2019learning,
  title={Learning to combat compounding-error in model-based reinforcement learning},
  author={Xiao, Chenjun and Wu, Yifan and Ma, Chen and Schuurmans, Dale and M{\"u}ller, Martin},
  journal={arXiv preprint arXiv:1912.11206},
  year={2019}
}

@article{zheng2020analyzing,
  title={Analyzing the impact of automated vehicles on uncertainty and stability of the mixed traffic flow},
  author={Zheng, Fangfang and Liu, Can and Liu, Xiaobo and Jabari, Saif Eddin and Lu, Liang},
  journal={Transportation research part C: emerging technologies},
  volume={112},
  pages={203--219},
  year={2020},
  publisher={Elsevier}
}

@article{zhu2018analysis,
  title={Analysis of mixed traffic flow with human-driving and autonomous cars based on car-following model},
  author={Zhu, Wen-Xing and Zhang, H Michael},
  journal={Physica A: Statistical Mechanics and its Applications},
  volume={496},
  pages={274--285},
  year={2018},
  publisher={Elsevier}
}

