@article{sadigh2018planning,
  title={Planning for cars that coordinate with people: leveraging effects on human actions for planning and active information gathering over human internal state},
  author={Sadigh, Dorsa and Landolfi, Nick and Sastry, Shankar S and Seshia, Sanjit A and Dragan, Anca D},
  journal={Autonomous Robots},
  volume={42},
  pages={1405--1426},
  year={2018},
  publisher={Springer}
}

@article{xiao2019learning,
  title={Learning to combat compounding-error in model-based reinforcement learning},
  author={Xiao, Chenjun and Wu, Yifan and Ma, Chen and Schuurmans, Dale and M{\"u}ller, Martin},
  journal={arXiv preprint arXiv:1912.11206},
  year={2019}
}

@article{delon2020wasserstein,
  title={A Wasserstein-type distance in the space of Gaussian mixture models},
  author={Delon, Julie and Desolneux, Agnes},
  journal={SIAM Journal on Imaging Sciences},
  volume={13},
  number={2},
  pages={936--970},
  year={2020},
  publisher={SIAM}
}

@article{devroye2018total,
  title={The total variation distance between high-dimensional Gaussians with the same mean},
  author={Devroye, Luc and Mehrabian, Abbas and Reddad, Tommy},
  journal={arXiv preprint arXiv:1810.08693},
  year={2018}
}

@article{wu2017flow,
  title={Flow: Architecture and benchmarking for reinforcement learning in traffic control},
  author={Wu, Cathy and Kreidieh, Aboudy and Parvate, Kanaad and Vinitsky, Eugene and Bayen, Alexandre M},
  journal={arXiv preprint arXiv:1710.05465},
  volume={10},
  year={2017}
}

@article{hoogendoorn2014automated,
  title={Automated driving, traffic flow efficiency, and human factors: Literature review},
  author={Hoogendoorn, Raymond and van Arerm, Bart and Hoogendoom, Serge},
  journal={Transportation Research Record},
  volume={2422},
  number={1},
  pages={113--120},
  year={2014},
  publisher={SAGE Publications Sage CA: Los Angeles, CA}
}

@article{fagnant2015preparing,
  title={Preparing a nation for autonomous vehicles: opportunities, barriers and policy recommendations},
  author={Fagnant, Daniel J and Kockelman, Kara},
  journal={Transportation Research Part A: Policy and Practice},
  volume={77},
  pages={167--181},
  year={2015},
  publisher={Elsevier}
}

@article{talebpour2016influence,
  title={Influence of connected and autonomous vehicles on traffic flow stability and throughput},
  author={Talebpour, Alireza and Mahmassani, Hani S},
  journal={Transportation research part C: emerging technologies},
  volume={71},
  pages={143--163},
  year={2016},
  publisher={Elsevier}
}

@article{ye2018modeling,
  title={Modeling connected and autonomous vehicles in heterogeneous traffic flow},
  author={Ye, Lanhang and Yamamoto, Toshiyuki},
  journal={Physica A: Statistical Mechanics and its Applications},
  volume={490},
  pages={269--277},
  year={2018},
  publisher={Elsevier}
}

@article{yuen2021factors,
  title={Factors influencing autonomous vehicle adoption: An application of the technology acceptance model and innovation diffusion theory},
  author={Yuen, Kum Fai and Cai, Lanhui and Qi, Guanqiu and Wang, Xueqin},
  journal={Technology Analysis \& Strategic Management},
  volume={33},
  number={5},
  pages={505--519},
  year={2021},
  publisher={Taylor \& Francis}
}

@article{jing2020determinants,
  title={The determinants behind the acceptance of autonomous vehicles: A systematic review},
  author={Jing, Peng and Xu, Gang and Chen, Yuexia and Shi, Yuji and Zhan, Fengping},
  journal={Sustainability},
  volume={12},
  number={5},
  pages={1719},
  year={2020},
  publisher={MDPI}
}

@article{litman2020autonomous,
  title={Autonomous vehicle implementation predictions: Implications for transport planning},
  author={Litman, Todd},
  year={2020}
}

@inproceedings{tian2022safety,
  title={Safety assurances for human-robot interaction via confidence-aware game-theoretic human models},
  author={Tian, Ran and Sun, Liting and Bajcsy, Andrea and Tomizuka, Masayoshi and Dragan, Anca D},
  booktitle={2022 International Conference on Robotics and Automation (ICRA)},
  pages={11229--11235},
  year={2022},
  organization={IEEE}
}

@article{sun2021complementing,
  title={On complementing end-to-end human behavior predictors with planning},
  author={Sun, Liting and Jia, Xiaogang and Dragan, Anca D},
  journal={arXiv preprint arXiv:2103.05661},
  year={2021}
}

@inproceedings{sadigh2016planning,
  title={Planning for autonomous cars that leverage effects on human actions.},
  author={Sadigh, Dorsa and Sastry, Shankar and Seshia, Sanjit A and Dragan, Anca D},
  booktitle={Robotics: Science and systems},
  volume={2},
  pages={1--9},
  year={2016},
  organization={Ann Arbor, MI, USA}
}

@inproceedings{fisac2019hierarchical,
  title={Hierarchical game-theoretic planning for autonomous vehicles},
  author={Fisac, Jaime F and Bronstein, Eli and Stefansson, Elis and Sadigh, Dorsa and Sastry, S Shankar and Dragan, Anca D},
  booktitle={2019 International conference on robotics and automation (ICRA)},
  pages={9590--9596},
  year={2019},
  organization={IEEE}
}

@article{hang2020human,
  title={Human-like decision making for autonomous driving: A noncooperative game theoretic approach},
  author={Hang, Peng and Lv, Chen and Xing, Yang and Huang, Chao and Hu, Zhongxu},
  journal={IEEE Transactions on Intelligent Transportation Systems},
  volume={22},
  number={4},
  pages={2076--2087},
  year={2020},
  publisher={IEEE}
}

@article{kalantari2023modelling,
  title={Modelling vehicle-pedestrian interactions at unsignalised locations: Road users may not play the Nash equilibrium},
  author={Kalantari, Amir Hossein and Yang, Yue and Merat, Natasha and Markkula, Gustav},
  year={2023},
  publisher={PsyArXiv}
}

@inproceedings{wright2010beyond,
  title={Beyond equilibrium: Predicting human behavior in normal-form games},
  author={Wright, James and Leyton-Brown, Kevin},
  booktitle={Proceedings of the AAAI Conference on Artificial Intelligence},
  volume={24},
  number={1},
  pages={901--907},
  year={2010}
}

@article{daskalakis2009complexity,
  title={The complexity of computing a Nash equilibrium},
  author={Daskalakis, Constantinos and Goldberg, Paul W and Papadimitriou, Christos H},
  journal={Communications of the ACM},
  volume={52},
  number={2},
  pages={89--97},
  year={2009},
  publisher={ACM New York, NY, USA}
}

@article{selten1990bounded,
  title={Bounded rationality},
  author={Selten, Reinhard},
  journal={Journal of Institutional and Theoretical Economics (JITE)/Zeitschrift f{\"u}r die gesamte Staatswissenschaft},
  volume={146},
  number={4},
  pages={649--658},
  year={1990},
  publisher={JSTOR}
}

@inproceedings{liu2017path,
  title={Path planning for autonomous vehicles using model predictive control},
  author={Liu, Chang and Lee, Seungho and Varnhagen, Scott and Tseng, H Eric},
  booktitle={2017 IEEE Intelligent Vehicles Symposium (IV)},
  pages={174--179},
  year={2017},
  organization={IEEE}
}

@article{schwarting2019social,
  title={Social behavior for autonomous vehicles},
  author={Schwarting, Wilko and Pierson, Alyssa and Alonso-Mora, Javier and Karaman, Sertac and Rus, Daniela},
  journal={Proceedings of the National Academy of Sciences},
  volume={116},
  number={50},
  pages={24972--24978},
  year={2019},
  publisher={National Acad Sciences}
}

@article{zhu2018analysis,
  title={Analysis of mixed traffic flow with human-driving and autonomous cars based on car-following model},
  author={Zhu, Wen-Xing and Zhang, H Michael},
  journal={Physica A: Statistical Mechanics and its Applications},
  volume={496},
  pages={274--285},
  year={2018},
  publisher={Elsevier}
}

@article{mahdinia2021integration,
  title={Integration of automated vehicles in mixed traffic: Evaluating changes in performance of following human-driven vehicles},
  author={Mahdinia, Iman and Mohammadnazar, Amin and Arvin, Ramin and Khattak, Asad J},
  journal={Accident Analysis \& Prevention},
  volume={152},
  pages={106006},
  year={2021},
  publisher={Elsevier}
}

@inproceedings{sharma2018human,
  title={Human factors in modelling mixed traffic of traditional, connected, and automated vehicles},
  author={Sharma, Anshuman and Ali, Yasir and Saifuzzaman, Mohammad and Zheng, Zuduo and Haque, Md Mazharul},
  booktitle={Advances in Human Factors in Simulation and Modeling: Proceedings of the AHFE 2017 International Conference on Human Factors in Simulation and Modeling, July 17--21, 2017, The Westin Bonaventure Hotel, Los Angeles, California, USA 8},
  pages={262--273},
  year={2018},
  organization={Springer}
}

@article{zheng2020analyzing,
  title={Analyzing the impact of automated vehicles on uncertainty and stability of the mixed traffic flow},
  author={Zheng, Fangfang and Liu, Can and Liu, Xiaobo and Jabari, Saif Eddin and Lu, Liang},
  journal={Transportation research part C: emerging technologies},
  volume={112},
  pages={203--219},
  year={2020},
  publisher={Elsevier}
}

@article{wang2015game,
  title={Game theoretic approach for predictive lane-changing and car-following control},
  author={Wang, Meng and Hoogendoorn, Serge P and Daamen, Winnie and van Arem, Bart and Happee, Riender},
  journal={Transportation Research Part C: Emerging Technologies},
  volume={58},
  pages={73--92},
  year={2015},
  publisher={Elsevier}
}

@inproceedings{sikchi2022learning,
  title={Learning off-policy with online planning},
  author={Sikchi, Harshit and Zhou, Wenxuan and Held, David},
  booktitle={Conference on Robot Learning},
  pages={1622--1633},
  year={2022},
  organization={PMLR}
}

@article{moerland2023model,
  title={Model-based reinforcement learning: A survey},
  author={Moerland, Thomas M and Broekens, Joost and Plaat, Aske and Jonker, Catholijn M and others},
  journal={Foundations and Trends{\textregistered} in Machine Learning},
  volume={16},
  number={1},
  pages={1--118},
  year={2023},
  publisher={Now Publishers, Inc.}
}

@article{luo2022survey,
  title={A survey on model-based reinforcement learning},
  author={Luo, Fan-Ming and Xu, Tian and Lai, Hang and Chen, Xiong-Hui and Zhang, Weinan and Yu, Yang},
  journal={arXiv preprint arXiv:2206.09328},
  year={2022}
}

@article{simon1957models,
  title={Models of man; social and rational.},
  author={Simon, Herbert A},
  year={1957},
  publisher={wiley}
}

@article{kahneman2003maps,
  title={Maps of bounded rationality: Psychology for behavioral economics},
  author={Kahneman, Daniel},
  journal={American economic review},
  volume={93},
  number={5},
  pages={1449--1475},
  year={2003},
  publisher={American Economic Association}
}

@article{simon1979rational,
  title={Rational decision making in business organizations},
  author={Simon, Herbert A},
  journal={The American economic review},
  volume={69},
  number={4},
  pages={493--513},
  year={1979},
  publisher={JSTOR}
}

@book{kahneman1982judgment,
  title={Judgment under uncertainty: Heuristics and biases},
  author={Kahneman, Daniel and Slovic, Paul and Tversky, Amos},
  year={1982},
  publisher={Cambridge university press}
}

@inproceedings{abbeel2006using,
  title={Using inaccurate models in reinforcement learning},
  author={Abbeel, Pieter and Quigley, Morgan and Ng, Andrew Y},
  booktitle={Proceedings of the 23rd international conference on Machine learning},
  pages={1--8},
  year={2006}
}

@inproceedings{coates2008learning,
  title={Learning for control from multiple demonstrations},
  author={Coates, Adam and Abbeel, Pieter and Ng, Andrew Y},
  booktitle={Proceedings of the 25th international conference on Machine learning},
  pages={144--151},
  year={2008}
}

@inproceedings{kolter2008space,
  title={Space-indexed dynamic programming: learning to follow trajectories},
  author={Kolter, J Zico and Coates, Adam and Ng, Andrew Y and Gu, Yi and DuHadway, Charles},
  booktitle={Proceedings of the 25th international conference on Machine learning},
  pages={488--495},
  year={2008}
}

@article{yurtsever2020survey,
  title={A survey of autonomous driving: Common practices and emerging technologies},
  author={Yurtsever, Ekim and Lambert, Jacob and Carballo, Alexander and Takeda, Kazuya},
  journal={IEEE access},
  volume={8},
  pages={58443--58469},
  year={2020},
  publisher={IEEE}
}

@article{parekh2022review,
  title={A review on autonomous vehicles: Progress, methods and challenges},
  author={Parekh, Darsh and Poddar, Nishi and Rajpurkar, Aakash and Chahal, Manisha and Kumar, Neeraj and Joshi, Gyanendra Prasad and Cho, Woong},
  journal={Electronics},
  volume={11},
  number={14},
  pages={2162},
  year={2022},
  publisher={MDPI}
}

@inproceedings{fujimoto2018addressing,
  title={Addressing function approximation error in actor-critic methods},
  author={Fujimoto, Scott and Hoof, Herke and Meger, David},
  booktitle={International conference on machine learning},
  pages={1587--1596},
  year={2018},
  organization={PMLR}
}

@article{gelly2011monte,
  title={Monte-Carlo tree search and rapid action value estimation in computer Go},
  author={Gelly, Sylvain and Silver, David},
  journal={Artificial Intelligence},
  volume={175},
  number={11},
  pages={1856--1875},
  year={2011},
  publisher={Elsevier}
}

@inproceedings{loftin2022impossibility,
  title={On the Impossibility of Learning to Cooperate with Adaptive Partner Strategies in Repeated Games},
  author={Loftin, Robert and Oliehoek, Frans A},
  booktitle={International Conference on Machine Learning},
  pages={14197--14209},
  year={2022},
  organization={PMLR}
}

@inproceedings{mirsky2022survey,
  title={A survey of ad hoc teamwork research},
  author={Mirsky, Reuth and Carlucho, Ignacio and Rahman, Arrasy and Fosong, Elliot and Macke, William and Sridharan, Mohan and Stone, Peter and Albrecht, Stefano V},
  booktitle={European Conference on Multi-Agent Systems},
  pages={275--293},
  year={2022},
  organization={Springer}
}

@inproceedings{hu2020other,
  title={“other-play” for zero-shot coordination},
  author={Hu, Hengyuan and Lerer, Adam and Peysakhovich, Alex and Foerster, Jakob},
  booktitle={International Conference on Machine Learning},
  pages={4399--4410},
  year={2020},
  organization={PMLR}
}

@article{albrecht2018autonomous,
  title={Autonomous agents modelling other agents: A comprehensive survey and open problems},
  author={Albrecht, Stefano V and Stone, Peter},
  journal={Artificial Intelligence},
  volume={258},
  pages={66--95},
  year={2018},
  publisher={Elsevier}
}

@article{zhang2021multi,
  title={Multi-agent reinforcement learning: A selective overview of theories and algorithms},
  author={Zhang, Kaiqing and Yang, Zhuoran and Ba{\c{s}}ar, Tamer},
  journal={Handbook of reinforcement learning and control},
  pages={321--384},
  year={2021},
  publisher={Springer}
}

@book{shoham2008multiagent,
  title={Multiagent systems: Algorithmic, game-theoretic, and logical foundations},
  author={Shoham, Yoav and Leyton-Brown, Kevin},
  year={2008},
  publisher={Cambridge University Press}
}