@inproceedings{complexor, 
  title={Chain-of-Experts: When LLMs Meet Complex Operations Research Problems},
  author={Xiao, Ziyang and Zhang, Dongxiang and Wu, Yangjun and Xu, Lilin and Wang, Yuan Jessica and Han, Xiongwei and Fu, Xiaojin and Zhong, Tao and Zeng, Jia and Song, Mingli and others},
  booktitle={The Twelfth International Conference on Learning Representations},
  year={2023}
}

@InProceedings{michailidis_et_al:LIPIcs.CP.2024.20,
  author =	{Michailidis, Kostis and Tsouros, Dimos and Guns, Tias},
  title =	{{Constraint Modelling with LLMs Using In-Context Learning}},
  booktitle =	{30th International Conference on Principles and Practice of Constraint Programming (CP 2024)},
  pages =	{20:1--20:27},
  series =	{Leibniz International Proceedings in Informatics (LIPIcs)},
  ISBN =	{978-3-95977-336-2},
  ISSN =	{1868-8969},
  year =	{2024},
  volume =	{307},
  editor =	{Shaw, Paul},
  publisher =	{Schloss Dagstuhl -- Leibniz-Zentrum f{\"u}r Informatik},
  address =	{Dagstuhl, Germany},
  URL =		{https://drops.dagstuhl.de/entities/document/10.4230/LIPIcs.CP.2024.20},
  URN =		{urn:nbn:de:0030-drops-207053},
  doi =		{10.4230/LIPIcs.CP.2024.20},
  annote =	{Keywords: Constraint Modelling, Constraint Acquisition, Constraint Programming, Large Language Models, In-Context Learning, Natural Language Processing, Named Entity Recognition, Retrieval-Augmented Generation, Optimisation}
}

@inproceedings{ner4opt2023,
  title={Ner4opt: Named entity recognition for optimization modelling from natural language},
  author={Dakle, Parag Pravin and Kad{\i}o{\u{g}}lu, Serdar and Uppuluri, Karthik and Politi, Regina and Raghavan, Preethi and Rallabandi, SaiKrishna and Srinivasamurthy, Ravisutha},
  booktitle={International Conference on Integration of Constraint Programming, Artificial Intelligence, and Operations Research},
  pages={299--319},
  year={2023},
  organization={Springer}
}

@article{ner4opt2024,
  title={Ner4Opt: named entity recognition for optimization modelling from natural language},
  author={Kad{\i}o{\u{g}}lu, Serdar and Pravin Dakle, Parag and Uppuluri, Karthik and Politi, Regina and Raghavan, Preethi and Rallabandi, SaiKrishna and Srinivasamurthy, Ravisutha},
  journal={Constraints},
  pages={1--39},
  year={2024},
  publisher={Springer}
}

@misc{nl4opt,
  doi = {10.48550/ARXIV.2209.15565},
  url = {https://arxiv.org/abs/2209.15565},
  author = {Ramamonjison, Rindranirina and Li, Haley and Yu, Timothy T. and He, Shiqi and Rengan, Vishnu and Banitalebi-Dehkordi, Amin and Zhou, Zirui and Zhang, Yong},
  keywords = {Computation and Language (cs.CL), Artificial Intelligence (cs.AI), FOS: Computer and information sciences, FOS: Computer and information sciences},
  title = {Augmenting Operations Research with Auto-Formulation of Optimization Models from Problem Descriptions},
  publisher = {arXiv},
  year = {2022},
  copyright = {arXiv.org perpetual, non-exclusive license}
}

@misc{optichat,
      title={Diagnosing Infeasible Optimization Problems Using Large Language Models}, 
      author={Hao Chen and Gonzalo E. Constante-Flores and Can Li},
      year={2023},
      eprint={2308.12923},
      archivePrefix={arXiv},
      primaryClass={cs.HC},
      url={https://arxiv.org/abs/2308.12923}, 
}

@misc{optiguide,
      title={Large Language Models for Supply Chain Optimization}, 
      author={Beibin Li and Konstantina Mellou and Bo Zhang and Jeevan Pathuri and Ishai Menache},
      year={2023},
      eprint={2307.03875},
      archivePrefix={arXiv},
      primaryClass={cs.AI},
      url={https://arxiv.org/abs/2307.03875}, 
}

@misc{optimus,
      title={OptiMUS-0.3: Using Large Language Models to Model and Solve Optimization Problems at Scale}, 
      author={Ali AhmadiTeshnizi and Wenzhi Gao and Herman Brunborg and Shayan Talaei and Madeleine Udell},
      year={2024},
      eprint={2407.19633},
      archivePrefix={arXiv},
      primaryClass={cs.AI},
      url={https://arxiv.org/abs/2407.19633}, 
}

@misc{orlm,
      title={ORLM: A Customizable Framework in Training Large Models for Automated Optimization Modeling}, 
      author={Chenyu Huang and Zhengyang Tang and Dongdong Ge and Shixi Hu and Ruoqing Jiang and Benyou Wang and Zizhuo Wang and Xin Zheng},
      year={2024},
      eprint={2405.17743},
      archivePrefix={arXiv},
      primaryClass={cs.CL},
      url={https://arxiv.org/abs/2405.17743}, 
}

@misc{streamllm,
      title={Realtime Generation of Streamliners with Large Language Models}, 
      author={Florentina Voboril and Vaidyanathan Peruvemba Ramaswamy and Stefan Szeider},
      year={2024},
      eprint={2408.10268},
      archivePrefix={arXiv},
      primaryClass={cs.SE},
      url={https://arxiv.org/abs/2408.10268}, 
}

@misc{synthesis,
      title={Synthesis of Mathematical programs from Natural Language Specifications}, 
      author={Ganesh Prasath and Shirish Karande},
      year={2023},
      eprint={2304.03287},
      archivePrefix={arXiv},
      primaryClass={cs.AI},
      url={https://arxiv.org/abs/2304.03287}, 
}

@article{tsouros2023holy,
  title={Holy Grail 2.0: From Natural Language to Constraint Models},
  author={Tsouros, Dimos and Verhaeghe, Helene and Kadioglu, Serdar and Guns, Tias},
  journal={arXiv preprint arXiv:2308.01589},
  year={2023}
}

