@misc{abbe2023generalization,
      title={Generalization on the Unseen, Logic Reasoning and Degree Curriculum}, 
      author={Emmanuel Abbe and Samy Bengio and Aryo Lotfi and Kevin Rizk},
      year={2023},
      eprint={2301.13105},
      archivePrefix={arXiv},
      primaryClass={cs.LG}
}

@misc{anil2022exploring,
      title={Exploring Length Generalization in Large Language Models}, 
      author={Cem Anil and Yuhuai Wu and Anders Andreassen and Aitor Lewkowycz and Vedant Misra and Vinay Ramasesh and Ambrose Slone and Guy Gur-Ari and Ethan Dyer and Behnam Neyshabur},
      year={2022},
      eprint={2207.04901},
      archivePrefix={arXiv},
      primaryClass={cs.CL}
}

@misc{chen2023programthoughtspromptingdisentangling,
      title={Program of Thoughts Prompting: Disentangling Computation from Reasoning for Numerical Reasoning Tasks}, 
      author={Wenhu Chen and Xueguang Ma and Xinyi Wang and William W. Cohen},
      year={2023},
      eprint={2211.12588},
      archivePrefix={arXiv},
      primaryClass={cs.CL},
      url={https://arxiv.org/abs/2211.12588}, 
}

@misc{cho2024arithmetictransformerslengthgeneralizeoperand,
      title={Arithmetic Transformers Can Length-Generalize in Both Operand Length and Count}, 
      author={Hanseul Cho and Jaeyoung Cha and Srinadh Bhojanapalli and Chulhee Yun},
      year={2024},
      eprint={2410.15787},
      archivePrefix={arXiv},
      primaryClass={cs.LG},
      url={https://arxiv.org/abs/2410.15787}, 
}

@misc{cho2024positioncouplingimprovinglength,
      title={Position Coupling: Improving Length Generalization of Arithmetic Transformers Using Task Structure}, 
      author={Hanseul Cho and Jaeyoung Cha and Pranjal Awasthi and Srinadh Bhojanapalli and Anupam Gupta and Chulhee Yun},
      year={2024},
      eprint={2405.20671},
      archivePrefix={arXiv},
      primaryClass={cs.LG},
      url={https://arxiv.org/abs/2405.20671}, 
}

@misc{dziri2023faith,
      title={Faith and Fate: Limits of Transformers on Compositionality}, 
      author={Nouha Dziri and Ximing Lu and Melanie Sclar and Xiang Lorraine Li and Liwei Jiang and Bill Yuchen Lin and Peter West and Chandra Bhagavatula and Ronan Le Bras and Jena D. Hwang and Soumya Sanyal and Sean Welleck and Xiang Ren and Allyson Ettinger and Zaid Harchaoui and Yejin Choi},
      year={2023},
      eprint={2305.18654},
      archivePrefix={arXiv},
      primaryClass={cs.CL}
}

@misc{gao2023palprogramaidedlanguagemodels,
      title={PAL: Program-aided Language Models}, 
      author={Luyu Gao and Aman Madaan and Shuyan Zhou and Uri Alon and Pengfei Liu and Yiming Yang and Jamie Callan and Graham Neubig},
      year={2023},
      eprint={2211.10435},
      archivePrefix={arXiv},
      primaryClass={cs.CL},
      url={https://arxiv.org/abs/2211.10435}, 
}

@misc{hou2024universallengthgeneralizationturing,
      title={Universal Length Generalization with Turing Programs}, 
      author={Kaiying Hou and David Brandfonbrener and Sham Kakade and Samy Jelassi and Eran Malach},
      year={2024},
      eprint={2407.03310},
      archivePrefix={arXiv},
      primaryClass={cs.LG},
      url={https://arxiv.org/abs/2407.03310}, 
}

@misc{hu2023codepromptingneuralsymbolic,
      title={Code Prompting: a Neural Symbolic Method for Complex Reasoning in Large Language Models}, 
      author={Yi Hu and Haotong Yang and Zhouchen Lin and Muhan Zhang},
      year={2023},
      eprint={2305.18507},
      archivePrefix={arXiv},
      primaryClass={cs.CL},
      url={https://arxiv.org/abs/2305.18507}, 
}

@misc{hu2024casebasedrulebasedtransformersmath,
      title={Case-Based or Rule-Based: How Do Transformers Do the Math?}, 
      author={Yi Hu and Xiaojuan Tang and Haotong Yang and Muhan Zhang},
      year={2024},
      eprint={2402.17709},
      archivePrefix={arXiv},
      primaryClass={cs.AI},
      url={https://arxiv.org/abs/2402.17709}, 
}

@misc{jimenez2024swebenchlanguagemodelsresolve,
      title={SWE-bench: Can Language Models Resolve Real-World GitHub Issues?}, 
      author={Carlos E. Jimenez and John Yang and Alexander Wettig and Shunyu Yao and Kexin Pei and Ofir Press and Karthik Narasimhan},
      year={2024},
      eprint={2310.06770},
      archivePrefix={arXiv},
      primaryClass={cs.CL},
      url={https://arxiv.org/abs/2310.06770}, 
}

@misc{kazemnejad2023impact,
      title={The Impact of Positional Encoding on Length Generalization in Transformers}, 
      author={Amirhossein Kazemnejad and Inkit Padhi and Karthikeyan Natesan Ramamurthy and Payel Das and Siva Reddy},
      year={2023},
      eprint={2305.19466},
      archivePrefix={arXiv},
      primaryClass={cs.CL}
}

@misc{lee2023teaching,
      title={Teaching Arithmetic to Small Transformers}, 
      author={Nayoung Lee and Kartik Sreenivasan and Jason D. Lee and Kangwook Lee and Dimitris Papailiopoulos},
      year={2023},
      eprint={2307.03381},
      archivePrefix={arXiv},
      primaryClass={cs.LG}
}

@misc{li2024chaincodereasoninglanguage,
      title={Chain of Code: Reasoning with a Language Model-Augmented Code Emulator}, 
      author={Chengshu Li and Jacky Liang and Andy Zeng and Xinyun Chen and Karol Hausman and Dorsa Sadigh and Sergey Levine and Li Fei-Fei and Fei Xia and Brian Ichter},
      year={2024},
      eprint={2312.04474},
      archivePrefix={arXiv},
      primaryClass={cs.CL},
      url={https://arxiv.org/abs/2312.04474}, 
}

@misc{liu2022understanding,
      title={Towards Understanding Grokking: An Effective Theory of Representation Learning}, 
      author={Ziming Liu and Ouail Kitouni and Niklas Nolte and Eric J. Michaud and Max Tegmark and Mike Williams},
      year={2022},
      eprint={2205.10343},
      archivePrefix={arXiv},
      primaryClass={cs.LG}
}

@misc{mcleish2024transformersarithmeticrightembeddings,
      title={Transformers Can Do Arithmetic with the Right Embeddings}, 
      author={Sean McLeish and Arpit Bansal and Alex Stein and Neel Jain and John Kirchenbauer and Brian R. Bartoldson and Bhavya Kailkhura and Abhinav Bhatele and Jonas Geiping and Avi Schwarzschild and Tom Goldstein},
      year={2024},
      eprint={2405.17399},
      archivePrefix={arXiv},
      primaryClass={cs.LG},
      url={https://arxiv.org/abs/2405.17399}, 
}

@misc{nanda2023progress,
      title={Progress measures for grokking via mechanistic interpretability}, 
      author={Neel Nanda and Lawrence Chan and Tom Lieberum and Jess Smith and Jacob Steinhardt},
      year={2023},
      eprint={2301.05217},
      archivePrefix={arXiv},
      primaryClass={cs.LG}
}

@misc{nye2021workscratchpadsintermediatecomputation,
      title={Show Your Work: Scratchpads for Intermediate Computation with Language Models}, 
      author={Maxwell Nye and Anders Johan Andreassen and Guy Gur-Ari and Henryk Michalewski and Jacob Austin and David Bieber and David Dohan and Aitor Lewkowycz and Maarten Bosma and David Luan and Charles Sutton and Augustus Odena},
      year={2021},
      eprint={2112.00114},
      archivePrefix={arXiv},
      primaryClass={cs.LG},
      url={https://arxiv.org/abs/2112.00114}, 
}

@misc{power2022grokking,
      title={Grokking: Generalization Beyond Overfitting on Small Algorithmic Datasets}, 
      author={Alethea Power and Yuri Burda and Harri Edwards and Igor Babuschkin and Vedant Misra},
      year={2022},
      eprint={2201.02177},
      archivePrefix={arXiv},
      primaryClass={cs.LG}
}

@misc{shen2023positional,
      title={Positional Description Matters for Transformers Arithmetic}, 
      author={Ruoqi Shen and Sébastien Bubeck and Ronen Eldan and Yin Tat Lee and Yuanzhi Li and Yi Zhang},
      year={2023},
      eprint={2311.14737},
      archivePrefix={arXiv},
      primaryClass={cs.CL}
}

@misc{wang2024openhandsopenplatformai,
      title={OpenHands: An Open Platform for AI Software Developers as Generalist Agents}, 
      author={Xingyao Wang and Boxuan Li and Yufan Song and Frank F. Xu and Xiangru Tang and Mingchen Zhuge and Jiayi Pan and Yueqi Song and Bowen Li and Jaskirat Singh and Hoang H. Tran and Fuqiang Li and Ren Ma and Mingzhang Zheng and Bill Qian and Yanjun Shao and Niklas Muennighoff and Yizhe Zhang and Binyuan Hui and Junyang Lin and Robert Brennan and Hao Peng and Heng Ji and Graham Neubig},
      year={2024},
      eprint={2407.16741},
      archivePrefix={arXiv},
      primaryClass={cs.SE},
      url={https://arxiv.org/abs/2407.16741}, 
}

@misc{wu2023reasoning-or-reciting,
      title={Reasoning or Reciting? Exploring the Capabilities and Limitations of Language Models Through Counterfactual Tasks}, 
      author={Zhaofeng Wu and Linlu Qiu and Alexis Ross and Ekin Akyürek and Boyuan Chen and Bailin Wang and Najoung Kim and Jacob Andreas and Yoon Kim},
      year={2023},
      eprint={2307.02477},
      archivePrefix={arXiv},
      primaryClass={cs.CL}
}

@misc{yang2024numbercookbooknumberunderstanding,
      title={Number Cookbook: Number Understanding of Language Models and How to Improve It}, 
      author={Haotong Yang and Yi Hu and Shijia Kang and Zhouchen Lin and Muhan Zhang},
      year={2024},
      eprint={2411.03766},
      archivePrefix={arXiv},
      primaryClass={cs.CL},
      url={https://arxiv.org/abs/2411.03766}, 
}

@misc{yang2024swebenchmultimodalaisystems,
      title={SWE-bench Multimodal: Do AI Systems Generalize to Visual Software Domains?}, 
      author={John Yang and Carlos E. Jimenez and Alex L. Zhang and Kilian Lieret and Joyce Yang and Xindi Wu and Ori Press and Niklas Muennighoff and Gabriel Synnaeve and Karthik R. Narasimhan and Diyi Yang and Sida I. Wang and Ofir Press},
      year={2024},
      eprint={2410.03859},
      archivePrefix={arXiv},
      primaryClass={cs.CL},
      url={https://arxiv.org/abs/2410.03859}, 
}

@misc{zhang2023counterfactual,
      title={Counterfactual Memorization in Neural Language Models}, 
      author={Chiyuan Zhang and Daphne Ippolito and Katherine Lee and Matthew Jagielski and Florian Tramèr and Nicholas Carlini},
      year={2023},
      eprint={2112.12938},
      archivePrefix={arXiv},
      primaryClass={cs.CL}
}

@misc{zhong2023clock,
      title={The Clock and the Pizza: Two Stories in Mechanistic Explanation of Neural Networks}, 
      author={Ziqian Zhong and Ziming Liu and Max Tegmark and Jacob Andreas},
      year={2023},
      eprint={2306.17844},
      archivePrefix={arXiv},
      primaryClass={cs.LG}
}

@misc{zhou2023length,
      title={What Algorithms can Transformers Learn? A Study in Length Generalization}, 
      author={Hattie Zhou and Arwen Bradley and Etai Littwin and Noam Razin and Omid Saremi and Josh Susskind and Samy Bengio and Preetum Nakkiran},
      year={2023},
      eprint={2310.16028},
      archivePrefix={arXiv},
      primaryClass={cs.LG}
}

@misc{zhou2024transformers,
      title={Transformers Can Achieve Length Generalization But Not Robustly}, 
      author={Yongchao Zhou and Uri Alon and Xinyun Chen and Xuezhi Wang and Rishabh Agarwal and Denny Zhou},
      year={2024},
      eprint={2402.09371},
      archivePrefix={arXiv},
      primaryClass={cs.LG}
}

