@misc{yang2024numbercookbooknumberunderstanding,
      title={Number Cookbook: Number Understanding of Language Models and How to Improve It}, 
      author={Haotong Yang and Yi Hu and Shijia Kang and Zhouchen Lin and Muhan Zhang},
      year={2024},
      eprint={2411.03766},
      archivePrefix={arXiv},
      primaryClass={cs.CL},
      url={https://arxiv.org/abs/2411.03766}, 
}

@misc{hu2024casebasedrulebasedtransformersmath,
      title={Case-Based or Rule-Based: How Do Transformers Do the Math?}, 
      author={Yi Hu and Xiaojuan Tang and Haotong Yang and Muhan Zhang},
      year={2024},
      eprint={2402.17709},
      archivePrefix={arXiv},
      primaryClass={cs.AI},
      url={https://arxiv.org/abs/2402.17709}, 
}

@misc{dziri2023faithfatelimitstransformers,
      title={Faith and Fate: Limits of Transformers on Compositionality}, 
      author={Nouha Dziri and Ximing Lu and Melanie Sclar and Xiang Lorraine Li and Liwei Jiang and Bill Yuchen Lin and Peter West and Chandra Bhagavatula and Ronan Le Bras and Jena D. Hwang and Soumya Sanyal and Sean Welleck and Xiang Ren and Allyson Ettinger and Zaid Harchaoui and Yejin Choi},
      year={2023},
      eprint={2305.18654},
      archivePrefix={arXiv},
      primaryClass={cs.CL},
      url={https://arxiv.org/abs/2305.18654}, 
}


@misc{dziri2023faith,
      title={Faith and Fate: Limits of Transformers on Compositionality}, 
      author={Nouha Dziri and Ximing Lu and Melanie Sclar and Xiang Lorraine Li and Liwei Jiang and Bill Yuchen Lin and Peter West and Chandra Bhagavatula and Ronan Le Bras and Jena D. Hwang and Soumya Sanyal and Sean Welleck and Xiang Ren and Allyson Ettinger and Zaid Harchaoui and Yejin Choi},
      year={2023},
      eprint={2305.18654},
      archivePrefix={arXiv},
      primaryClass={cs.CL}
}

@misc{wu2023reasoning-or-reciting,
      title={Reasoning or Reciting? Exploring the Capabilities and Limitations of Language Models Through Counterfactual Tasks}, 
      author={Zhaofeng Wu and Linlu Qiu and Alexis Ross and Ekin Akyürek and Boyuan Chen and Bailin Wang and Najoung Kim and Jacob Andreas and Yoon Kim},
      year={2023},
      eprint={2307.02477},
      archivePrefix={arXiv},
      primaryClass={cs.CL}
}

@misc{zhang2023counterfactual,
      title={Counterfactual Memorization in Neural Language Models}, 
      author={Chiyuan Zhang and Daphne Ippolito and Katherine Lee and Matthew Jagielski and Florian Tramèr and Nicholas Carlini},
      year={2023},
      eprint={2112.12938},
      archivePrefix={arXiv},
      primaryClass={cs.CL}
}

@misc{power2022grokking,
      title={Grokking: Generalization Beyond Overfitting on Small Algorithmic Datasets}, 
      author={Alethea Power and Yuri Burda and Harri Edwards and Igor Babuschkin and Vedant Misra},
      year={2022},
      eprint={2201.02177},
      archivePrefix={arXiv},
      primaryClass={cs.LG}
}

@misc{nanda2023progress,
      title={Progress measures for grokking via mechanistic interpretability}, 
      author={Neel Nanda and Lawrence Chan and Tom Lieberum and Jess Smith and Jacob Steinhardt},
      year={2023},
      eprint={2301.05217},
      archivePrefix={arXiv},
      primaryClass={cs.LG}
}

@misc{zhong2023clock,
      title={The Clock and the Pizza: Two Stories in Mechanistic Explanation of Neural Networks}, 
      author={Ziqian Zhong and Ziming Liu and Max Tegmark and Jacob Andreas},
      year={2023},
      eprint={2306.17844},
      archivePrefix={arXiv},
      primaryClass={cs.LG}
}

@misc{liu2022understanding,
      title={Towards Understanding Grokking: An Effective Theory of Representation Learning}, 
      author={Ziming Liu and Ouail Kitouni and Niklas Nolte and Eric J. Michaud and Max Tegmark and Mike Williams},
      year={2022},
      eprint={2205.10343},
      archivePrefix={arXiv},
      primaryClass={cs.LG}
}

@misc{akyürek2023learning,
      title={What learning algorithm is in-context learning? Investigations with linear models}, 
      author={Ekin Akyürek and Dale Schuurmans and Jacob Andreas and Tengyu Ma and Denny Zhou},
      year={2023},
      eprint={2211.15661},
      archivePrefix={arXiv},
      primaryClass={cs.LG}
}



@misc{yang2023explaining,
      title={Explaining the Complex Task Reasoning of Large Language Models with Template-Content Structure}, 
      author={Haotong Yang and Fanxu Meng and Zhouchen Lin and Muhan Zhang},
      year={2023},
      eprint={2310.05452},
      archivePrefix={arXiv},
      primaryClass={cs.AI}
}

@misc{lee2023teaching,
      title={Teaching Arithmetic to Small Transformers}, 
      author={Nayoung Lee and Kartik Sreenivasan and Jason D. Lee and Kangwook Lee and Dimitris Papailiopoulos},
      year={2023},
      eprint={2307.03381},
      archivePrefix={arXiv},
      primaryClass={cs.LG}
}

@misc{kazemnejad2023impact,
      title={The Impact of Positional Encoding on Length Generalization in Transformers}, 
      author={Amirhossein Kazemnejad and Inkit Padhi and Karthikeyan Natesan Ramamurthy and Payel Das and Siva Reddy},
      year={2023},
      eprint={2305.19466},
      archivePrefix={arXiv},
      primaryClass={cs.CL}
}

@misc{shen2023positional,
      title={Positional Description Matters for Transformers Arithmetic}, 
      author={Ruoqi Shen and Sébastien Bubeck and Ronen Eldan and Yin Tat Lee and Yuanzhi Li and Yi Zhang},
      year={2023},
      eprint={2311.14737},
      archivePrefix={arXiv},
      primaryClass={cs.CL}
}



@misc{zhou2024transformers,
      title={Transformers Can Achieve Length Generalization But Not Robustly}, 
      author={Yongchao Zhou and Uri Alon and Xinyun Chen and Xuezhi Wang and Rishabh Agarwal and Denny Zhou},
      year={2024},
      eprint={2402.09371},
      archivePrefix={arXiv},
      primaryClass={cs.LG}
}

@misc{abbe2023generalization,
      title={Generalization on the Unseen, Logic Reasoning and Degree Curriculum}, 
      author={Emmanuel Abbe and Samy Bengio and Aryo Lotfi and Kevin Rizk},
      year={2023},
      eprint={2301.13105},
      archivePrefix={arXiv},
      primaryClass={cs.LG}
}

@misc{anil2022exploring,
      title={Exploring Length Generalization in Large Language Models}, 
      author={Cem Anil and Yuhuai Wu and Anders Andreassen and Aitor Lewkowycz and Vedant Misra and Vinay Ramasesh and Ambrose Slone and Guy Gur-Ari and Ethan Dyer and Behnam Neyshabur},
      year={2022},
      eprint={2207.04901},
      archivePrefix={arXiv},
      primaryClass={cs.CL}
}

@misc{hou2024universallengthgeneralizationturing,
      title={Universal Length Generalization with Turing Programs}, 
      author={Kaiying Hou and David Brandfonbrener and Sham Kakade and Samy Jelassi and Eran Malach},
      year={2024},
      eprint={2407.03310},
      archivePrefix={arXiv},
      primaryClass={cs.LG},
      url={https://arxiv.org/abs/2407.03310}, 
}

@misc{cho2024positioncouplingimprovinglength,
      title={Position Coupling: Improving Length Generalization of Arithmetic Transformers Using Task Structure}, 
      author={Hanseul Cho and Jaeyoung Cha and Pranjal Awasthi and Srinadh Bhojanapalli and Anupam Gupta and Chulhee Yun},
      year={2024},
      eprint={2405.20671},
      archivePrefix={arXiv},
      primaryClass={cs.LG},
      url={https://arxiv.org/abs/2405.20671}, 
}

@misc{mcleish2024transformersarithmeticrightembeddings,
      title={Transformers Can Do Arithmetic with the Right Embeddings}, 
      author={Sean McLeish and Arpit Bansal and Alex Stein and Neel Jain and John Kirchenbauer and Brian R. Bartoldson and Bhavya Kailkhura and Abhinav Bhatele and Jonas Geiping and Avi Schwarzschild and Tom Goldstein},
      year={2024},
      eprint={2405.17399},
      archivePrefix={arXiv},
      primaryClass={cs.LG},
      url={https://arxiv.org/abs/2405.17399}, 
}

@misc{cho2024arithmetictransformerslengthgeneralizeoperand,
      title={Arithmetic Transformers Can Length-Generalize in Both Operand Length and Count}, 
      author={Hanseul Cho and Jaeyoung Cha and Srinadh Bhojanapalli and Chulhee Yun},
      year={2024},
      eprint={2410.15787},
      archivePrefix={arXiv},
      primaryClass={cs.LG},
      url={https://arxiv.org/abs/2410.15787}, 
}

@misc{zhou2023length,
      title={What Algorithms can Transformers Learn? A Study in Length Generalization}, 
      author={Hattie Zhou and Arwen Bradley and Etai Littwin and Noam Razin and Omid Saremi and Josh Susskind and Samy Bengio and Preetum Nakkiran},
      year={2023},
      eprint={2310.16028},
      archivePrefix={arXiv},
      primaryClass={cs.LG}
}

@misc{gao2023palprogramaidedlanguagemodels,
      title={PAL: Program-aided Language Models}, 
      author={Luyu Gao and Aman Madaan and Shuyan Zhou and Uri Alon and Pengfei Liu and Yiming Yang and Jamie Callan and Graham Neubig},
      year={2023},
      eprint={2211.10435},
      archivePrefix={arXiv},
      primaryClass={cs.CL},
      url={https://arxiv.org/abs/2211.10435}, 
}

@misc{hu2023codepromptingneuralsymbolic,
      title={Code Prompting: a Neural Symbolic Method for Complex Reasoning in Large Language Models}, 
      author={Yi Hu and Haotong Yang and Zhouchen Lin and Muhan Zhang},
      year={2023},
      eprint={2305.18507},
      archivePrefix={arXiv},
      primaryClass={cs.CL},
      url={https://arxiv.org/abs/2305.18507}, 
}

@misc{chen2023programthoughtspromptingdisentangling,
      title={Program of Thoughts Prompting: Disentangling Computation from Reasoning for Numerical Reasoning Tasks}, 
      author={Wenhu Chen and Xueguang Ma and Xinyi Wang and William W. Cohen},
      year={2023},
      eprint={2211.12588},
      archivePrefix={arXiv},
      primaryClass={cs.CL},
      url={https://arxiv.org/abs/2211.12588}, 
}

@misc{nye2021workscratchpadsintermediatecomputation,
      title={Show Your Work: Scratchpads for Intermediate Computation with Language Models}, 
      author={Maxwell Nye and Anders Johan Andreassen and Guy Gur-Ari and Henryk Michalewski and Jacob Austin and David Bieber and David Dohan and Aitor Lewkowycz and Maarten Bosma and David Luan and Charles Sutton and Augustus Odena},
      year={2021},
      eprint={2112.00114},
      archivePrefix={arXiv},
      primaryClass={cs.LG},
      url={https://arxiv.org/abs/2112.00114}, 
}

@misc{jimenez2024swebenchlanguagemodelsresolve,
      title={SWE-bench: Can Language Models Resolve Real-World GitHub Issues?}, 
      author={Carlos E. Jimenez and John Yang and Alexander Wettig and Shunyu Yao and Kexin Pei and Ofir Press and Karthik Narasimhan},
      year={2024},
      eprint={2310.06770},
      archivePrefix={arXiv},
      primaryClass={cs.CL},
      url={https://arxiv.org/abs/2310.06770}, 
}

@misc{li2024chaincodereasoninglanguage,
      title={Chain of Code: Reasoning with a Language Model-Augmented Code Emulator}, 
      author={Chengshu Li and Jacky Liang and Andy Zeng and Xinyun Chen and Karol Hausman and Dorsa Sadigh and Sergey Levine and Li Fei-Fei and Fei Xia and Brian Ichter},
      year={2024},
      eprint={2312.04474},
      archivePrefix={arXiv},
      primaryClass={cs.CL},
      url={https://arxiv.org/abs/2312.04474}, 
}

@misc{yang2024swebenchmultimodalaisystems,
      title={SWE-bench Multimodal: Do AI Systems Generalize to Visual Software Domains?}, 
      author={John Yang and Carlos E. Jimenez and Alex L. Zhang and Kilian Lieret and Joyce Yang and Xindi Wu and Ori Press and Niklas Muennighoff and Gabriel Synnaeve and Karthik R. Narasimhan and Diyi Yang and Sida I. Wang and Ofir Press},
      year={2024},
      eprint={2410.03859},
      archivePrefix={arXiv},
      primaryClass={cs.CL},
      url={https://arxiv.org/abs/2410.03859}, 
}

@misc{wang2024openhandsopenplatformai,
      title={OpenHands: An Open Platform for AI Software Developers as Generalist Agents}, 
      author={Xingyao Wang and Boxuan Li and Yufan Song and Frank F. Xu and Xiangru Tang and Mingchen Zhuge and Jiayi Pan and Yueqi Song and Bowen Li and Jaskirat Singh and Hoang H. Tran and Fuqiang Li and Ren Ma and Mingzhang Zheng and Bill Qian and Yanjun Shao and Niklas Muennighoff and Yizhe Zhang and Binyuan Hui and Junyang Lin and Robert Brennan and Hao Peng and Heng Ji and Graham Neubig},
      year={2024},
      eprint={2407.16741},
      archivePrefix={arXiv},
      primaryClass={cs.SE},
      url={https://arxiv.org/abs/2407.16741}, 
}

@misc{mengPiSSAPrincipalSingular2024b,
  title = {PiSSA: Principal Singular Values and Singular Vectors Adaptation of Large Language Models},
  shorttitle = {PiSSA},
  author = {Meng, Fanxu and Wang, Zhaohui and Zhang, Muhan},
  year = {2024},
  month = may,
  number = {arXiv:2404.02948},
  eprint = {2404.02948},
  primaryclass = {cs},
  publisher = {arXiv},
  doi = {10.48550/arXiv.2404.02948},
  urldate = {2025-01-26},
  archiveprefix = {arXiv}
}

@misc{qwenQwen25TechnicalReport2025,
  title = {Qwen2.5 Technical Report},
  author = {{Qwen Team}},
  year = {2025},
  month = jan,
  number = {arXiv:2412.15115},
  eprint = {2412.15115},
  primaryclass = {cs},
  publisher = {arXiv},
  doi = {10.48550/arXiv.2412.15115},
  urldate = {2025-01-26},
  archiveprefix = {arXiv}
}
@misc{suzgunChallengingBIGBenchTasks2022,
  title = {Challenging BIG-Bench Tasks and Whether Chain-of-Thought Can Solve Them},
  author = {Suzgun, Mirac and Scales, Nathan and Sch{\"a}rli, Nathanael and Gehrmann, Sebastian and Tay, Yi and Chung, Hyung Won and Chowdhery, Aakanksha and Le, Quoc V. and Chi, Ed H. and Zhou, Denny and Wei, Jason},
  year = {2022},
  month = oct,
  number = {arXiv:2210.09261},
  eprint = {2210.09261},
  primaryclass = {cs},
  publisher = {arXiv},
  doi = {10.48550/arXiv.2210.09261},
  urldate = {2025-01-29},
  archiveprefix = {arXiv}
}
@misc{weiChainofThoughtPromptingElicits2023a,
  title = {Chain-of-Thought Prompting Elicits Reasoning in Large Language Models},
  author = {Wei, Jason and Wang, Xuezhi and Schuurmans, Dale and Bosma, Maarten and Ichter, Brian and Xia, Fei and Chi, Ed and Le, Quoc and Zhou, Denny},
  year = {2023},
  month = jan,
  number = {arXiv:2201.11903},
  eprint = {2201.11903},
  primaryclass = {cs},
  publisher = {arXiv},
  doi = {10.48550/arXiv.2201.11903},
  urldate = {2025-01-05},
  archiveprefix = {arXiv}
}


@misc{bai2023qwentechnicalreport,
      title={Qwen Technical Report}, 
      author={Jinze Bai and Shuai Bai and Yunfei Chu and Zeyu Cui and Kai Dang and Xiaodong Deng and Yang Fan and Wenbin Ge and Yu Han and Fei Huang and others},
      year={2023},
      eprint={2309.16609},
      archivePrefix={arXiv},
      primaryClass={cs.CL},
      url={https://arxiv.org/abs/2309.16609}, 
}

@misc{qwen2025qwen25technicalreport,
      title={Qwen2.5 Technical Report}, 
      author={{Qwen Team}},
      year={2025},
      eprint={2412.15115},
      archivePrefix={arXiv},
      primaryClass={cs.CL},
      url={https://arxiv.org/abs/2412.15115}, 
}

@misc{yang2024qwen2technicalreport,
      title={Qwen2 Technical Report}, 
      author={An Yang and Baosong Yang and Binyuan Hui and Bo Zheng and Bowen Yu and Chang Zhou and Chengpeng Li and Chengyuan Li and Dayiheng Liu and Fei Huang and others},
      year={2024},
      eprint={2407.10671},
      archivePrefix={arXiv},
      primaryClass={cs.CL},
      url={https://arxiv.org/abs/2407.10671}, 
}

@misc{touvron2023llamaopenefficientfoundation,
      title={LLaMA: Open and Efficient Foundation Language Models}, 
      author={Hugo Touvron and Thibaut Lavril and Gautier Izacard and Xavier Martinet and Marie-Anne Lachaux and Timothée Lacroix and Baptiste Rozière and Naman Goyal and Eric Hambro and Faisal Azhar and others},
      year={2023},
      eprint={2302.13971},
      archivePrefix={arXiv},
      primaryClass={cs.CL},
      url={https://arxiv.org/abs/2302.13971}, 
}

@misc{grattafiori2024llama3herdmodels,
      title={The Llama 3 Herd of Models}, 
      author={Aaron Grattafiori and Abhimanyu Dubey and Abhinav Jauhri and Abhinav Pandey and Abhishek Kadian and Ahmad Al-Dahle and Aiesha Letman and Akhil Mathur and Alan Schelten and Alex Vaughan and others},
      year={2024},
      eprint={2407.21783},
      archivePrefix={arXiv},
      primaryClass={cs.AI},
      url={https://arxiv.org/abs/2407.21783}, 
}

@misc{touvron2023llama2openfoundation,
      title={Llama 2: Open Foundation and Fine-Tuned Chat Models}, 
      author={Hugo Touvron and Louis Martin and Kevin Stone and Peter Albert and Amjad Almahairi and Yasmine Babaei and Nikolay Bashlykov and Soumya Batra and Prajjwal Bhargava and Shruti Bhosale and others},
      year={2023},
      eprint={2307.09288},
      archivePrefix={arXiv},
      primaryClass={cs.CL},
      url={https://arxiv.org/abs/2307.09288}, 
}

@misc{deepseekai2024deepseekv3technicalreport,
      title={DeepSeek-V3 Technical Report}, 
      author={DeepSeek-AI},
      year={2024},
      eprint={2412.19437},
      archivePrefix={arXiv},
      primaryClass={cs.CL},
      url={https://arxiv.org/abs/2412.19437}, 
}

@misc{deepseekai2024deepseekllmscalingopensource,
      title={DeepSeek LLM: Scaling Open-Source Language Models with Longtermism}, 
      author={DeepSeek-AI},
      year={2024},
      eprint={2401.02954},
      archivePrefix={arXiv},
      primaryClass={cs.CL},
      url={https://arxiv.org/abs/2401.02954}, 
}

@misc{zhao2024marcoo1openreasoningmodels,
      title={Marco-o1: Towards Open Reasoning Models for Open-Ended Solutions}, 
      author={Yu Zhao and Huifeng Yin and Bo Zeng and Hao Wang and Tianqi Shi and Chenyang Lyu and Longyue Wang and Weihua Luo and Kaifu Zhang},
      year={2024},
      eprint={2411.14405},
      archivePrefix={arXiv},
      primaryClass={cs.CL},
      url={https://arxiv.org/abs/2411.14405}, 
}

@misc{xu2025llavacotletvisionlanguage,
      title={LLaVA-CoT: Let Vision Language Models Reason Step-by-Step}, 
      author={Guowei Xu and Peng Jin and Hao Li and Yibing Song and Lichao Sun and Li Yuan},
      year={2025},
      eprint={2411.10440},
      archivePrefix={arXiv},
      primaryClass={cs.CV},
      url={https://arxiv.org/abs/2411.10440}, 
}

@misc{xu2025redstardoesscalinglongcot,
      title={RedStar: Does Scaling Long-CoT Data Unlock Better Slow-Reasoning Systems?}, 
      author={Haotian Xu and Xing Wu and Weinong Wang and Zhongzhi Li and Da Zheng and Boyuan Chen and Yi Hu and Shijia Kang and Jiaming Ji and Yingying Zhang and others},
      year={2025},
      eprint={2501.11284},
      archivePrefix={arXiv},
      primaryClass={cs.LG},
      url={https://arxiv.org/abs/2501.11284}, 
}

@misc{deepseekai2025deepseekr1incentivizingreasoningcapability,
      title={DeepSeek-R1: Incentivizing Reasoning Capability in LLMs via Reinforcement Learning}, 
      author={DeepSeek-AI},
      year={2025},
      eprint={2501.12948},
      archivePrefix={arXiv},
      primaryClass={cs.CL},
      url={https://arxiv.org/abs/2501.12948}, 
}

@misc{wang2024openropensourceframework,
      title={OpenR: An Open Source Framework for Advanced Reasoning with Large Language Models}, 
      author={Jun Wang and Meng Fang and Ziyu Wan and Muning Wen and Jiachen Zhu and Anjie Liu and Ziqin Gong and Yan Song and Lei Chen and Lionel M. Ni and Linyi Yang and Ying Wen and Weinan Zhang},
      year={2024},
      eprint={2410.09671},
      archivePrefix={arXiv},
      primaryClass={cs.AI},
      url={https://arxiv.org/abs/2410.09671}, 
}

@misc{kimiteam2025kimik15scalingreinforcement,
      title={Kimi k1.5: Scaling Reinforcement Learning with LLMs}, 
      author={Kimi Team},
      year={2025},
      eprint={2501.12599},
      archivePrefix={arXiv},
      primaryClass={cs.AI},
      url={https://arxiv.org/abs/2501.12599}, 
}

@misc{openaio1,
    author = {OpenAI},
    title = {Learning to reason with LLMs},
    year = {2024},
    url = {https://openai.com/index/learning-to-reason-with-llms/}
}

@inproceedings{Matsuda2009ACM,
  title={A Computational Model of How Learner Errors Arise from Weak Prior Knowledge},
  author={oboru Matsuda and Noboru Matsuda and Andrew Lee and William W. Cohen and K. Koedinger},
  year={2009},
  url={https://api.semanticscholar.org/CorpusID:17443854}
}

@inproceedings{Booth2007TheEO,
  title={The Effect of Prior Conceptual Knowledge on Procedural Performance and Learning in Algebra},
  author={Julie L. Booth and K. Koedinger and Robert S. Siegler},
  year={2007},
  url={https://api.semanticscholar.org/CorpusID:59909572}
}

@article{categorization,
title = {Categorization and representation of physics problems by experts and novices},
journal = {Cognitive Science},
volume = {5},
number = {2},
pages = {121-152},
year = {1981},
issn = {0364-0213},
url = {https://www.sciencedirect.com/science/article/pii/S0364021381800298},
author = {Michelene T.H. Chi and Paul J. Feltovich and Robert Glaser}
}

@misc{chatgpt,
    author= {OpenAI},
    year  = {2022},
    title = {Introducing ChatGPT},
    note  = {\url{https://openai.com/blog/chatgpt}},
}

@misc{gpt4,
      title={GPT-4 Technical Report}, 
      author={OpenAI},
      year={2023},
      eprint={2303.08774},
      archivePrefix={arXiv},
      primaryClass={cs.CL}
}

@misc{wei2023skyworkopenbilingualfoundation,
      title={Skywork: A More Open Bilingual Foundation Model}, 
      author={Tianwen Wei and Liang Zhao and Lichang Zhang and Bo Zhu and Lijie Wang and Haihua Yang and Biye Li and Cheng Cheng and Weiwei Lü and Rui Hu and others},
      year={2023},
      eprint={2310.19341},
      archivePrefix={arXiv},
      primaryClass={cs.CL},
      url={https://arxiv.org/abs/2310.19341}, 
}

@misc{gendron2024largelanguagemodelsstrong,
      title={Large Language Models Are Not Strong Abstract Reasoners}, 
      author={Gaël Gendron and Qiming Bao and Michael Witbrock and Gillian Dobbie},
      year={2024},
      eprint={2305.19555},
      archivePrefix={arXiv},
      primaryClass={cs.CL},
      url={https://arxiv.org/abs/2305.19555}, 
}

@misc{bang2023multitaskmultilingualmultimodalevaluation,
      title={A Multitask, Multilingual, Multimodal Evaluation of ChatGPT on Reasoning, Hallucination, and Interactivity}, 
      author={Yejin Bang and Samuel Cahyawijaya and Nayeon Lee and Wenliang Dai and Dan Su and Bryan Wilie and Holy Lovenia and Ziwei Ji and Tiezheng Yu and Willy Chung and Quyet V. Do and Yan Xu and Pascale Fung},
      year={2023},
      eprint={2302.04023},
      archivePrefix={arXiv},
      primaryClass={cs.CL},
      url={https://arxiv.org/abs/2302.04023}, 
}

@misc{mitchell2023comparinghumansgpt4gpt4v,
      title={Comparing Humans, GPT-4, and GPT-4V On Abstraction and Reasoning Tasks}, 
      author={Melanie Mitchell and Alessandro B. Palmarini and Arseny Moskvichev},
      year={2023},
      eprint={2311.09247},
      archivePrefix={arXiv},
      primaryClass={cs.AI},
      url={https://arxiv.org/abs/2311.09247}, 
}

@misc{yang2024languagemodelsinductivereasoners,
      title={Language Models as Inductive Reasoners}, 
      author={Zonglin Yang and Li Dong and Xinya Du and Hao Cheng and Erik Cambria and Xiaodong Liu and Jianfeng Gao and Furu Wei},
      year={2024},
      eprint={2212.10923},
      archivePrefix={arXiv},
      primaryClass={cs.CL},
      url={https://arxiv.org/abs/2212.10923}, 
}

@misc{moskvichev2023conceptarcbenchmarkevaluatingunderstanding,
      title={The ConceptARC Benchmark: Evaluating Understanding and Generalization in the ARC Domain}, 
      author={Arseny Moskvichev and Victor Vikram Odouard and Melanie Mitchell},
      year={2023},
      eprint={2305.07141},
      archivePrefix={arXiv},
      primaryClass={cs.LG},
      url={https://arxiv.org/abs/2305.07141}, 
}