@INPROCEEDINGS{10220887,
  author={Maheswari, K. Bala and Gomathi, S.},
  booktitle={2023 5th International Conference on Inventive Research in Computing Applications (ICIRCA)}, 
  title={Analyzing the Performance of Diverse Deep Learning Architectures for Weather Prediction}, 
  year={2023},
  volume={},
  number={},
  pages={738-746},
  keywords={Deep learning;Support vector machines;Atmospheric modeling;Computational modeling;Weather forecasting;Predictive models;Prediction algorithms;Deep Learning;Long Short-Term Memory (LSTM);Convolutional Neural Network (CNN);Recurrent Neural Network (RNN);Weather Forecast;KERAS;Support Vector Machine (SVM);Artificial Neural Network (ANN)},
  doi={10.1109/ICIRCA57980.2023.10220887}}

@INPROCEEDINGS{9308323,
  author={Trebing, Kevin and Mehrkanoon, Siamak},
  booktitle={IEEE Symposium Series on Computational Intelligence (IEEE-SSCI)}, 
  title={Wind speed prediction using multidimensional convolutional neural networks}, 
  pages={713-720},
  year={2020},
}

@inproceedings{aykas2021multistream,
  title={Multistream graph attention networks for wind speed forecasting},
  author={Aykas, Dogan and Mehrkanoon, Siamak},
  booktitle={IEEE Symposium Series on Computational Intelligence (SSCI)},
  pages={1--8},
  year={2021},
  organization={IEEE}
}

@article{ayzel2020rainnet,
  title={RainNet v1. 0: a convolutional neural network for radar-based precipitation nowcasting},
  author={Ayzel, Georgy and Scheffer, Tobias and Heistermann, Maik},
  journal={Geoscientific Model Development},
  volume={13},
  number={6},
  pages={2631--2644},
  year={2020},
  publisher={Copernicus GmbH}
}

@article{bilgin2021tent,
  title={\uppercase{TENT}: Tensorized encoder transformer for temperature forecasting},
  author={Bilgin, Onur and M{\k{a}}ka, Pawe{\l} and Vergutz, Thomas and Mehrkanoon, Siamak},
  journal={arXiv preprint arXiv:2106.14742},
  year={2021}
}

@article{chen2020deep,
  title={A deep learning-based methodology for precipitation nowcasting with radar},
  author={Chen, Lei and Cao, Yuan and Ma, Leiming and Zhang, Junping},
  journal={Earth and Space Science},
  volume={7},
  number={2},
  pages={e2019EA000812},
  year={2020},
  publisher={Wiley Online Library}
}

@article{kaparakis2023wf,
  title={\uppercase{WF}-\uppercase{UN}et: Weather data fusion using 3d-unet for precipitation nowcasting},
  author={Kaparakis, Christos and Mehrkanoon, Siamak},
  journal={Procedia Computer Science},
  volume={222},
  pages={223--232},
  year={2023},
  publisher={Elsevier}
}

@article{larraondo2019data,
  title={A data-driven approach to precipitation parameterizations using convolutional encoder-decoder neural networks},
  author={Larraondo, Pablo Rozas and Renzullo, Luigi J and Inza, Inaki and Lozano, Jose A},
  journal={arXiv preprint arXiv:1903.10274},
  year={2019}
}

@article{leinonen2023thunderstorm,
  title={Thunderstorm Nowcasting With Deep Learning: A Multi-Hazard Data Fusion Model},
  author={Leinonen, Jussi and Hamann, Ulrich and Sideris, Ioannis V and Germann, Urs},
  journal={Geophysical Research Letters},
  volume={50},
  number={8},
  pages={e2022GL101626},
  year={2023},
  publisher={Wiley Online Library}
}

@inproceedings{nie2021self,
  title={Self-attention UNet model for radar based precipitation nowcasting},
  author={Nie, Tengfei and Deng, Kefeng and Shao, Chengcheng and Zhao, Chengwu and Ren, Kaijun and Song, Junqiang},
  booktitle={2021 IEEE sixth international conference on data science in cyberspace (DSC)},
  pages={493--499},
  year={2021},
  organization={IEEE}
}

@inproceedings{renault2023sar,
  title={\uppercase{SAR}-\uppercase{UN}et: Small attention residual unet for explainable nowcasting tasks},
  author={Renault, Mathieu and Mehrkanoon, Siamak},
  booktitle={2023 International Joint Conference on Neural Networks (IJCNN)},
  pages={1--8},
  year={2023},
  organization={IEEE}
}

@article{reulen2024ga,
  title={\uppercase{GA}-\uppercase{S}ma\uppercase{A}t-\uppercase{GN}et: Generative adversarial small attention gnet for extreme precipitation nowcasting},
  author={Reulen, Eloy and Shi, Jie and Mehrkanoon, Siamak},
  journal={Knowledge-Based Systems},
  volume={305},
  pages={112612},
  year={2024},
  publisher={Elsevier}
}

@inproceedings{ronneberger2015unetconvolutionalnetworksbiomedical,
  title={U-net: Convolutional networks for biomedical image segmentation},
  author={Ronneberger, Olaf and Fischer, Philipp and Brox, Thomas},
  booktitle={Medical image computing and computer-assisted intervention--MICCAI 2015: 18th international conference, Munich, Germany, October 5-9, 2015, proceedings, part III 18},
  pages={234--241},
  year={2015},
  organization={Springer}
}

@article{shi2015convolutional,
  title={Convolutional LSTM network: A machine learning approach for precipitation nowcasting},
  author={Shi, Xingjian and Chen, Zhourong and Wang, Hao and Yeung, Dit-Yan and Wong, Wai-Kin and Woo, Wang-chun},
  journal={Advances in neural information processing systems},
  volume={28},
  year={2015}
}

@article{simeunovic2021spatio,
  title={Spatio-temporal graph neural networks for multi-site PV power forecasting},
  author={Simeunovi{\'c}, Jelena and Schubnel, Baptiste and Alet, Pierre-Jean and Carrillo, Rafael E},
  journal={IEEE Transactions on Sustainable Energy},
  volume={13},
  number={2},
  pages={1210--1220},
  year={2021},
  publisher={IEEE}
}

@inproceedings{singh2019weather,
  title={Weather forecasting using machine learning techniques},
  author={Singh, Siddharth and Kaushik, Mayank and Gupta, Ambuj and Malviya, Anil Kumar},
  booktitle={Proceedings of 2nd international conference on advanced computing and software engineering (ICACSE)},
  year={2019}
}

@article{trebing2021smaat,
  title={\uppercase{S}ma\uppercase{A}t-\uppercase{UN}et: Precipitation nowcasting using a small attention-UNet architecture},
  author={Trebing, Kevin and Sta\'{n}czyk, Tomasz and Mehrkanoon, Siamak},
  journal={Pattern Recognition Letters},
  volume={145},
  pages={178--186},
  year={2021},
  publisher={Elsevier}
}

@article{xiong2024spatiotemporal,
  title={Spatiotemporal Feature Fusion Transformer for Precipitation Nowcasting via Feature Crossing},
  author={Xiong, Taisong and Wang, Weiping and He, Jianxin and Su, Rui and Wang, Hao and Hu, Jinrong},
  journal={Remote Sensing},
  volume={16},
  number={14},
  pages={2685},
  year={2024},
  publisher={MDPI AG}
}

@article{zaytar2016sequence,
  title={Sequence to sequence weather forecasting with long short-term memory recurrent neural networks},
  author={Zaytar, Mohamed Akram and El Amrani, Chaker},
  journal={International Journal of Computer Applications},
  volume={143},
  number={11},
  pages={7--11},
  year={2016},
  publisher={Foundation of Computer Science}
}

