
@inproceedings{stanczyk2021deep,
title = {Deep Graph Convolutional Networks for Wind Speed Prediction},
author={Sta\`{n}czyk, Tomasz and Mehrkanoon, Siamak},
booktitle = {European Symposium on Artificial Neural Networks, Computational Intelligence and Machine Learning (ESANN)},
pages = {147--152},
year = {2021},
}


@article{mehrkanoon2019deep,
  title={Deep shared representation learning for weather elements forecasting},
  author={Mehrkanoon, Siamak},
  journal={Knowledge-Based Systems},
  volume={179},
  pages={120--128},
  year={2019},
  publisher={Elsevier}
}



@misc{precipitation, 
title ={5 minute precipitation accumulations from climatological gauge-adjusted radar dataset for The Netherlands (1 km, extended mask) in KNMI HDF5 format_2023},
author={KNMI},
url={https://dataplatform.knmi.nl/dataset/rad-nl25-rac-mfbs-em-5min-2-0}, 
journal={Precipitation - 5 minute precipitation accumulations from climatological gauge-adjusted radar dataset for The Netherlands (1 km, extended mask) in KNMI HDF5 format}, 
year={2023}, 
month={Dec}
} 

@article{CHKEIR2023106548,
  title={Nowcasting extreme rain and extreme wind speed with machine learning techniques applied to different input datasets},
  author={Chkeir, Sandy and Anesiadou, Aikaterini and Mascitelli, Alessandra and Biondi, Riccardo},
  journal={Atmospheric Research},
  volume={282},
  pages={106548},
  year={2023},
  publisher={Elsevier}
}


@article{shi2017deep,
  title={Deep learning for precipitation nowcasting: A benchmark and a new model},
  author={Shi, Xingjian and Gao, Zhihan and Lausen, Leonard and Wang, Hao and Yeung, Dit-Yan and Wong, Wai-kin and Woo, Wang-chun},
  journal={Advances in neural information processing systems},
  volume={30},
  year={2017}
}

@article{Zhang2023,
  title={Skilful nowcasting of extreme precipitation with NowcastNet},
  author={Zhang, Yuchen and Long, Mingsheng and Chen, Kaiyuan and Xing, Lanxiang and Jin, Ronghua and Jordan, Michael I and Wang, Jianmin},
  journal={Nature},
  volume={619},
  number={7970},
  pages={526--532},
  year={2023},
  publisher={Nature Publishing Group UK London}
}


@article{ayzel2020rainnet,
  title={RainNet v1. 0: a convolutional neural network for radar-based precipitation nowcasting},
  author={Ayzel, Georgy and Scheffer, Tobias and Heistermann, Maik},
  journal={Geoscientific Model Development},
  volume={13},
  number={6},
  pages={2631--2644},
  year={2020},
  publisher={Copernicus GmbH}
}

@article{wang2022predrnn,
  title={Predrnn: A recurrent neural network for spatiotemporal predictive learning},
  author={Wang, Yunbo and Wu, Haixu and Zhang, Jianjin and Gao, Zhifeng and Wang, Jianmin and Philip, S Yu and Long, Mingsheng},
  journal={IEEE Transactions on Pattern Analysis and Machine Intelligence},
  volume={45},
  number={2},
  pages={2208--2225},
  year={2022},
  publisher={IEEE}
}

@article{franch2020precipitation,
  title={Precipitation nowcasting with orographic enhanced stacked generalization: Improving deep learning predictions on extreme events},
  author={Franch, Gabriele and Nerini, Daniele and Pendesini, Marta and Coviello, Luca and Jurman, Giuseppe and Furlanello, Cesare},
  journal={Atmosphere},
  volume={11},
  number={3},
  pages={267},
  year={2020},
  publisher={MDPI}
}


@article{kaparakis2023wf,
  title={\uppercase{WF}-\uppercase{UN}et: Weather data fusion using 3d-unet for precipitation nowcasting},
  author={Kaparakis, Christos and Mehrkanoon, Siamak},
  journal={Procedia Computer Science},
  volume={222},
  pages={223--232},
  year={2023},
  publisher={Elsevier}
}

@article{reulen2024,
  title={Ga-smaat-gnet: Generative adversarial small attention gnet for extreme precipitation nowcasting},
  author={Reulen, Eloy and Shi, Jie and Mehrkanoon, Siamak},
  journal={Knowledge-Based Systems},
  volume={305},
  pages={112612},
  year={2024},
  publisher={Elsevier}
}


@inproceedings{ronneberger2015unetconvolutionalnetworksbiomedical,
  title={U-net: Convolutional networks for biomedical image segmentation},
  author={Ronneberger, Olaf and Fischer, Philipp and Brox, Thomas},
  booktitle={Medical image computing and computer-assisted intervention--MICCAI 2015: 18th international conference, Munich, Germany, October 5-9, 2015, proceedings, part III 18},
  pages={234--241},
  year={2015},
  organization={Springer}
}


@misc{KNMI, 
title={KNMI Archive}, 
journal={KNMI}, 
author={KNMI}, 
year={2024}} 

@inproceedings{10.1007/978-3-031-30678-5_14,
  title={Rainfall spatial interpolation with graph neural networks},
  author={Li, Jia and Shen, Yanyan and Chen, Lei and Ng, Charles Wang Wai},
  booktitle={International conference on database systems for advanced applications},
  pages={175--191},
  year={2023},
  organization={Springer}
}

@article{precipitation_dataset,
  title={Extreme value modeling of areal rainfall from weather radar},
  author={Overeem, A and Buishand, TA and Holleman, I and Uijlenhoet, R},
  journal={Water Resources Research},
  volume={46},
  number={9},
  year={2010},
  publisher={Wiley Online Library}
}

@misc{pykrige,
  title={PyKrige: Kriging Toolkit for Python},
  author={Murphy, Benjamin S},
  year={2021},
  publisher={Version}
}

@inproceedings{chollet2017xceptiondeeplearningdepthwise,
  title={Xception: Deep learning with depthwise separable convolutions},
  author={Chollet, Fran{\c{c}}ois},
  booktitle={Proceedings of the IEEE conference on computer vision and pattern recognition},
  pages={1251--1258},
  year={2017}
}

@inproceedings{ye20183ddepthwiseconvolutionreducing,
  title={3d depthwise convolution: Reducing model parameters in 3d vision tasks},
  author={Ye, Rongtian and Liu, Fangyu and Zhang, Liqiang},
  booktitle={Advances in Artificial Intelligence: 32nd Canadian Conference on Artificial Intelligence, Canadian AI 2019, Kingston, ON, Canada, May 28--31, 2019, Proceedings 32},
  pages={186--199},
  year={2019},
  organization={Springer}
}

@inproceedings{woo2018cbamconvolutionalblockattention,
  title={Cbam: Convolutional block attention module},
  author={Woo, Sanghyun and Park, Jongchan and Lee, Joon-Young and Kweon, In So},
  booktitle={Proceedings of the European conference on computer vision (ECCV)},
  pages={3--19},
  year={2018}
}

@inproceedings{8102132,
  title={Estimation and prediction of weather variables from surveillance data using spatio-temporal Kriging},
  author={Dalmau, Ramon and P{\'e}rez-Batlle, Marc and Prats, Xavier},
  booktitle={2017 IEEE/AIAA 36th Digital Avionics Systems Conference (DASC)},
  pages={1--8},
  year={2017},
  organization={IEEE}
}

@article{OptimizingAutomatedKrigingtoImproveSpatialInterpolationofMonthlyRainfalloverComplexTerrain,
  title={Optimizing automated kriging to improve spatial interpolation of monthly rainfall over complex terrain},
  author={Lucas, Matthew P and Longman, Ryan J and Giambelluca, Thomas W and Frazier, Abby G and Mclean, Jared and Cleveland, Sean B and Huang, Yu-Fen and Lee, Jonghyun},
  journal={Journal of Hydrometeorology},
  volume={23},
  number={4},
  pages={561--572},
  year={2022}
}

@article{klemmer2021generativemodelingspatiotemporalweather,
  title={Generative modeling of spatio-temporal weather patterns with extreme event conditioning},
  author={Klemmer, Konstantin and Saha, Sudipan and Kahl, Matthias and Xu, Tianlin and Zhu, Xiao Xiang},
  journal={arXiv preprint arXiv:2104.12469},
  year={2021}
}


@book{wilks2011,
  title={Statistical Methods in the Atmospheric Sciences},
  author={Wilks, Daniel S},
  year={2011},
  publisher={Elsevier}
}

@article{powers2011,
  title={Evaluation: from precision, recall and F-measure to ROC, informedness, markedness and correlation},
  author={Powers, David MW},
  journal={arXiv preprint arXiv:2010.16061},
  year={2020}
}


@book{jolliffe2003,
  title={Forecast Verification: A Practitionerâ€™s Guide in Atmospheric Science},
  author={Jolliffe, Ian T and Stephenson, David B},
  year={2003},
  publisher={John Wiley \& Sons}
}

@article{tharwat2020,
  title={Classification assessment methods},
  author={Tharwat, Alaa},
  journal={Applied Computing and Informatics},
  year={2020},
  publisher={Emerald Publishing Limited}
}

@book{hogan2012,
  title={Deterministic Forecast Verification},
  author={Hogan, Robin J and Mason, Ian B},
  year={2012},
  publisher={Cambridge University Press}
}


@article{tan2018evaluation,
  title={Evaluation of global precipitation measurement rainfall estimates against three dense gauge networks},
  author={Tan, Jackson and Petersen, Walter A and Kirchengast, Gottfried and Goodrich, David C and Wolff, David B},
  journal={Journal of Hydrometeorology},
  volume={19},
  number={3},
  pages={517--532},
  year={2018},
  publisher={American Meteorological Society}
}

@article{Verworn2011,
  title={Spatial interpolation of hourly rainfall--effect of additional information, variogram inference and storm properties},
  author={Verworn, A and Haberlandt, Uwe},
  journal={Hydrology and Earth System Sciences},
  volume={15},
  number={2},
  pages={569--584},
  year={2011},
  publisher={Copernicus Publications G{\"o}ttingen, Germany}
}

@article{CSEGRecorderVariograms,
  title={The Variogram Basics: A visual introduction to one of the most useful geostatistical concepts},
  author={Brown, E},
  journal={CSEG},
  volume={47},
  pages={1--30},
  year={2022}
}

@article{Matheron1963,
  title={Principles of geostatistics},
  author={Matheron, Georges},
  journal={Economic geology},
  volume={58},
  number={8},
  pages={1246--1266},
  year={1963},
  publisher={Society of Economic Geologists}
}

@book{Isaaks1989,
  author = {Isaaks, E. H. and Srivastava, R. M.},
  title = {An Introduction to Applied Geostatistics},
  publisher = {Oxford University Press},
  year = {1989},
  isbn = {978-0195050134}
}
@article{3dDSCConv,
  title={LVNet: A lightweight volumetric convolutional neural network for real-time and high-performance recognition of 3D objects},
  author={Li, Lianwei and Qin, Shiyin and Yang, Ning and Hong, Li and Dai, Yang and Wang, Zhiqiang},
  journal={Multimedia Tools and Applications},
  volume={83},
  number={21},
  pages={61047--61063},
  year={2024},
  publisher={Springer}
}

@inproceedings{kurth2022fourcastnet,
  title={Fourcastnet: Accelerating global high-resolution weather forecasting using adaptive fourier neural operators},
  author={Kurth, Thorsten and Subramanian, Shashank and Harrington, Peter and Pathak, Jaideep and Mardani, Morteza and Hall, David and Miele, Andrea and Kashinath, Karthik and Anandkumar, Anima},
  booktitle={Proceedings of the platform for advanced scientific computing conference},
  pages={1--11},
  year={2023}
}

@article{mcc,
  title={The advantages of the Matthews correlation coefficient (MCC) over F1 score and accuracy in binary classification evaluation},
  author={Chicco, Davide and Jurman, Giuseppe},
  journal={BMC genomics},
  volume={21},
  pages={1--13},
  year={2020},
  publisher={Springer}
}

@book{beersma2019neerslagstatistiek,
  title={Neerslagstatistiek en-reeksen voor het waterbeheer 2019},
  author={Beersma, Jules and Hakvoort, Hans and Jilderda, Rudmer and Overeem, Aart and Versteeg, Rudolf},
  volume={19},
  year={2019},
  publisher={STOWA}
}
@article{van2023improving,
  title={Improving precipitation nowcasting for high-intensity events using deep generative models with balanced loss and temperature data: A case study in the Netherlands},
  author={van Nooten, Charlotte Cambier and Schreurs, Koert and Wijnands, Jasper S and Leijnse, Hidde and Schmeits, Maurice and Whan, Kirien and Shapovalova, Yuliya},
  journal={Artificial Intelligence for the Earth Systems},
  volume={2},
  number={4},
  year={2023},
  publisher={American Meteorological Society}
}
@article{bouget2021fusion,
  title={Fusion of rain radar images and wind forecasts in a deep learning model applied to rain nowcasting},
  author={Bouget, Vincent and B{\'e}r{\'e}ziat, Dominique and Brajard, Julien and Charantonis, Anastase and Filoche, Arthur},
  journal={Remote Sensing},
  volume={13},
  number={2},
  pages={246},
  year={2021},
  publisher={MDPI}
}
@inproceedings{ko2022deep,
  title={Deep-learning-based precipitation nowcasting with ground weather station data and radar data},
  author={Ko, Jihoon and Lee, Kyuhan and Hwang, Hyunjin and Shin, Kijung},
  booktitle={2022 IEEE International Conference on Data Mining Workshops (ICDMW)},
  pages={1063--1070},
  year={2022},
  organization={IEEE}
}
@article{tran2019computer,
  title={Computer vision in precipitation nowcasting: Applying image quality assessment metrics for training deep neural networks},
  author={Tran, Quang-Khai and Song, Sa-kwang},
  journal={Atmosphere},
  volume={10},
  number={5},
  pages={244},
  year={2019},
  publisher={MDPI}
}

@article{trebing2021smaat,
  title={\uppercase{S}ma\uppercase{A}t-\uppercase{UN}et: Precipitation nowcasting using a small attention-UNet architecture},
  author={Trebing, Kevin and Sta\'{n}czyk, Tomasz and Mehrkanoon, Siamak},
  journal={Pattern Recognition Letters},
  volume={145},
  pages={178--186},
  year={2021},
  publisher={Elsevier}
}


@article{vatamany2025graph,
  title={Graph dual-stream convolutional attention fusion for precipitation nowcasting},
  author={Vatam{\'a}ny, L{\'o}r{\'a}nd and Mehrkanoon, Siamak},
  journal={Engineering Applications of Artificial Intelligence},
  volume={141},
  pages={109788},
  year={2025},
  publisher={Elsevier}
}

@article{ren2021deep,
  title={Deep learning-based weather prediction: a survey},
  author={Ren, Xiaoli and Li, Xiaoyong and Ren, Kaijun and Song, Junqiang and Xu, Zichen and Deng, Kefeng and Wang, Xiang},
  journal={Big Data Research},
  volume={23},
  pages={100178},
  year={2021},
  publisher={Elsevier}
}



@article{ayzel2019all,
  title={All convolutional neural networks for radar-based precipitation nowcasting},
  author={Ayzel, G and Heistermann, M and Sorokin, A and Nikitin, O and Lukyanova, O},
  journal={Procedia Computer Science},
  volume={150},
  pages={186--192},
  year={2019},
  publisher={Elsevier}
}

@article{li2024quantitative,
  title={Quantitative Applications of Weather Satellite Data for Nowcasting: Progress and Challenges},
  author={Li, Jun and Zheng, Jing and Li, Bo and Min, Min and Liu, Yanan and Liu, Chian-Yi and Li, Zhenglong and Menzel, W Paul and Schmit, Timothy J and Cintineo, John L and others},
  journal={Journal of Meteorological Research},
  volume={38},
  number={3},
  pages={399--413},
  year={2024},
  publisher={Springer}
}

@article{wilson2010nowcasting,
  title={Nowcasting challenges during the Beijing Olympics: Successes, failures, and implications for future nowcasting systems},
  author={Wilson, James W and Feng, Yerong and Chen, Min and Roberts, Rita D},
  journal={Weather and Forecasting},
  volume={25},
  number={6},
  pages={1691--1714},
  year={2010},
  publisher={American Meteorological Society}
}

@article{heye2017precipitation,
  title={Precipitation nowcasting: Leveraging deep recurrent convolutional neural networks},
  author={Heye, Alexander and Venkatesan, Karthik and Cain, Jericho},
  journal={Proceedings of the Cray User Group (CUG)},
  volume={2017},
  year={2017},
  publisher={Cray User Group Washington}
}

@inproceedings{aykas2021multistream,
  title={Multistream graph attention networks for wind speed forecasting},
  author={Aykas, Dogan and Mehrkanoon, Siamak},
  booktitle={IEEE Symposium Series on Computational Intelligence (SSCI)},
  pages={1--8},
  year={2021},
  organization={IEEE}
}

@article{bilgin2021tent,
  title={\uppercase{TENT}: Tensorized encoder transformer for temperature forecasting},
  author={Bilgin, Onur and M{\k{a}}ka, Pawe{\l} and Vergutz, Thomas and Mehrkanoon, Siamak},
  journal={arXiv preprint arXiv:2106.14742},
  year={2021}
}

@inproceedings{singh2019weather,
  title={Weather forecasting using machine learning techniques},
  author={Singh, Siddharth and Kaushik, Mayank and Gupta, Ambuj and Malviya, Anil Kumar},
  booktitle={Proceedings of 2nd international conference on advanced computing and software engineering (ICACSE)},
  year={2019}
}

@article{zaytar2016sequence,
  title={Sequence to sequence weather forecasting with long short-term memory recurrent neural networks},
  author={Zaytar, Mohamed Akram and El Amrani, Chaker},
  journal={International Journal of Computer Applications},
  volume={143},
  number={11},
  pages={7--11},
  year={2016},
  publisher={Foundation of Computer Science}
}

@article{shi2015convolutional,
  title={Convolutional LSTM network: A machine learning approach for precipitation nowcasting},
  author={Shi, Xingjian and Chen, Zhourong and Wang, Hao and Yeung, Dit-Yan and Wong, Wai-Kin and Woo, Wang-chun},
  journal={Advances in neural information processing systems},
  volume={28},
  year={2015}
}

@article{simeunovic2021spatio,
  title={Spatio-temporal graph neural networks for multi-site PV power forecasting},
  author={Simeunovi{\'c}, Jelena and Schubnel, Baptiste and Alet, Pierre-Jean and Carrillo, Rafael E},
  journal={IEEE Transactions on Sustainable Energy},
  volume={13},
  number={2},
  pages={1210--1220},
  year={2021},
  publisher={IEEE}
}

@article{larraondo2019data,
  title={A data-driven approach to precipitation parameterizations using convolutional encoder-decoder neural networks},
  author={Larraondo, Pablo Rozas and Renzullo, Luigi J and Inza, Inaki and Lozano, Jose A},
  journal={arXiv preprint arXiv:1903.10274},
  year={2019}
}

@inproceedings{nie2021self,
  title={Self-attention UNet model for radar based precipitation nowcasting},
  author={Nie, Tengfei and Deng, Kefeng and Shao, Chengcheng and Zhao, Chengwu and Ren, Kaijun and Song, Junqiang},
  booktitle={2021 IEEE sixth international conference on data science in cyberspace (DSC)},
  pages={493--499},
  year={2021},
  organization={IEEE}
}

@inproceedings{renault2023sar,
  title={\uppercase{SAR}-\uppercase{UN}et: Small attention residual unet for explainable nowcasting tasks},
  author={Renault, Mathieu and Mehrkanoon, Siamak},
  booktitle={2023 International Joint Conference on Neural Networks (IJCNN)},
  pages={1--8},
  year={2023},
  organization={IEEE}
}

@article{reulen2024ga,
  title={\uppercase{GA}-\uppercase{S}ma\uppercase{A}t-\uppercase{GN}et: Generative adversarial small attention gnet for extreme precipitation nowcasting},
  author={Reulen, Eloy and Shi, Jie and Mehrkanoon, Siamak},
  journal={Knowledge-Based Systems},
  volume={305},
  pages={112612},
  year={2024},
  publisher={Elsevier}
}

@article{xiong2024spatiotemporal,
  title={Spatiotemporal Feature Fusion Transformer for Precipitation Nowcasting via Feature Crossing},
  author={Xiong, Taisong and Wang, Weiping and He, Jianxin and Su, Rui and Wang, Hao and Hu, Jinrong},
  journal={Remote Sensing},
  volume={16},
  number={14},
  pages={2685},
  year={2024},
  publisher={MDPI AG}
}

@article{leinonen2023thunderstorm,
  title={Thunderstorm Nowcasting With Deep Learning: A Multi-Hazard Data Fusion Model},
  author={Leinonen, Jussi and Hamann, Ulrich and Sideris, Ioannis V and Germann, Urs},
  journal={Geophysical Research Letters},
  volume={50},
  number={8},
  pages={e2022GL101626},
  year={2023},
  publisher={Wiley Online Library}
}


@INPROCEEDINGS{9308323,
  author={Trebing, Kevin and Mehrkanoon, Siamak},
  booktitle={IEEE Symposium Series on Computational Intelligence (IEEE-SSCI)}, 
  title={Wind speed prediction using multidimensional convolutional neural networks}, 
  pages={713-720},
  year={2020},
}

@INPROCEEDINGS{10220887,
  author={Maheswari, K. Bala and Gomathi, S.},
  booktitle={2023 5th International Conference on Inventive Research in Computing Applications (ICIRCA)}, 
  title={Analyzing the Performance of Diverse Deep Learning Architectures for Weather Prediction}, 
  year={2023},
  volume={},
  number={},
  pages={738-746},
  keywords={Deep learning;Support vector machines;Atmospheric modeling;Computational modeling;Weather forecasting;Predictive models;Prediction algorithms;Deep Learning;Long Short-Term Memory (LSTM);Convolutional Neural Network (CNN);Recurrent Neural Network (RNN);Weather Forecast;KERAS;Support Vector Machine (SVM);Artificial Neural Network (ANN)},
  doi={10.1109/ICIRCA57980.2023.10220887}}

@article{chen2020deep,
  title={A deep learning-based methodology for precipitation nowcasting with radar},
  author={Chen, Lei and Cao, Yuan and Ma, Leiming and Zhang, Junping},
  journal={Earth and Space Science},
  volume={7},
  number={2},
  pages={e2019EA000812},
  year={2020},
  publisher={Wiley Online Library}
}