@article{DBLP:journals/tmi/ValanarasuSHP22,
  author    = {Valanarasu, Jeya Maria Jose and Sindagi, Vishwanath A. and Hacihaliloglu, Ilker and Patel, Vishal M},
  title     = {KiU-Net: Overcomplete Convolutional Architectures for Biomedical Image
               and Volumetric Segmentation},
  journal   = {IEEE Transactions on Medical Imaging},
  volume    = {41},
  number    = {4},
  pages     = {965--976},
  year      = {2022},
}

@article{ZHANG2023109020,
title = {Pyramid Geometric Consistency Learning For Semantic Segmentation},
journal = {Pattern Recognition},
volume = {133},
pages = {109020},
year = {2023},
doi = {https://doi.org/10.1016/j.patcog.2022.109020},
url = {https://www.sciencedirect.com/science/article/pii/S0031320322005003},
author = {Xian Zhang and Qiang Li and Zhibin Quan and Wankou Yang}
}

@inproceedings{atunet,
  author    = {Ozan Oktay and Jo Schlemper and Loic Le Folgoc and Matthew Lee and Mattias Heinrich and Kazunari Misawa and Kensaku Mori and Steven McDonagh and Nils Y Hammerla and Bernhard Kainz and Ben Glocker and Daniel Rueckert},
  booktitle={Medical Imaging with Deep Learning},
  year={2018},
  title= {Attention U-Net: Learning Where to Look for the Pancreas},
  booktitle= {Medical Imaging with Deep Learning},
  year      = {2018},
}

@article{ce,
  author    = {Zaiwang Gu and
               Jun Cheng and
               Huazhu Fu and
               Kang Zhou and
               Huaying Hao and
               Yitian Zhao and
               Tianyang Zhang and
               Shenghua Gao and
               Jiang Liu},
  title     = {CE-Net: Context Encoder Network for 2D Medical Image Segmentation},
  journal   = {IEEE Transactions on Medical Imaging},
  volume    = {38},
  number    = {10},
  pages     = {2281--2292},
  year      = {2019},
}

@inproceedings{unet,
  author    = {Olaf Ronneberger and
               Philipp Fischer and
               Thomas Brox},
  title     = {U-Net: Convolutional Networks for Biomedical Image Segmentation},
  booktitle = {Proceedings of the Medical Image Computing and Computer-Assisted Intervention (MICCAI)},
  volume    = {9351},
  pages     = {234--241},
  year      = {2015},
}

