@inproceedings{lin-2004-rouge,
    title = "{ROUGE}: A Package for Automatic Evaluation of Summaries",
    author = "Lin, Chin-Yew",
    booktitle = "Text Summarization Branches Out",
    month = jul,
    year = "2004",
    address = "Barcelona, Spain",
    publisher = "Association for Computational Linguistics",
    url = "https://aclanthology.org/W04-1013/",
    pages = "74--81"
}

@misc{olsson2022incontextlearninginductionheads,
      title={In-context Learning and Induction Heads}, 
      author={Catherine Olsson and Nelson Elhage and Neel Nanda and Nicholas Joseph and Nova DasSarma and Tom Henighan and Ben Mann and Amanda Askell and Yuntao Bai and Anna Chen and Tom Conerly and Dawn Drain and Deep Ganguli and Zac Hatfield-Dodds and Danny Hernandez and Scott Johnston and Andy Jones and Jackson Kernion and Liane Lovitt and Kamal Ndousse and Dario Amodei and Tom Brown and Jack Clark and Jared Kaplan and Sam McCandlish and Chris Olah},
      year={2022},
      eprint={2209.11895},
      archivePrefix={arXiv},
      primaryClass={cs.LG},
      url={https://arxiv.org/abs/2209.11895}, 
}

