@article{dubey2024llama,
  title={The llama 3 herd of models},
  author={Dubey, Abhimanyu and Jauhri, Abhinav and Pandey, Abhinav and Kadian, Abhishek and Al-Dahle, Ahmad and Letman, Aiesha and Mathur, Akhil and Schelten, Alan and Yang, Amy and Fan, Angela and others},
  journal={arXiv preprint arXiv:2407.21783},
  year={2024}
}

@article{hurst2024gpt,
  title={Gpt-4o system card},
  author={Hurst, Aaron and Lerer, Adam and Goucher, Adam P and Perelman, Adam and Ramesh, Aditya and Clark, Aidan and Ostrow, AJ and Welihinda, Akila and Hayes, Alan and Radford, Alec and others},
  journal={arXiv preprint arXiv:2410.21276},
  year={2024}
}

@article{team2024gemini,
  title={Gemini 1.5: Unlocking multimodal understanding across millions of tokens of context},
  author={Team, Gemini and Georgiev, Petko and Lei, Ving Ian and Burnell, Ryan and Bai, Libin and Gulati, Anmol and Tanzer, Garrett and Vincent, Damien and Pan, Zhufeng and Wang, Shibo and others},
  journal={arXiv preprint arXiv:2403.05530},
  year={2024}
}

@article{anthropic2024claude,
  title={Claude 3.5 sonnet model card addendum},
  author={Anthropic, AI},
  journal={Claude-3.5 Model Card},
  volume={3},
  year={2024}
}

@article{meta2024llama3_3,
  title={Llama 3.3 Model Card},
  author={Meta, AI},
  url={https://github.com/meta-llama/llama-models/blob/main/models/llama3\_3/MODEL\_CARD.md},
  year={2024}
}

@article{team2024jamba,
  title={Jamba-1.5: Hybrid transformer-mamba models at scale},
  author={Team, Jamba and Lenz, Barak and Arazi, Alan and Bergman, Amir and Manevich, Avshalom and Peleg, Barak and Aviram, Ben and Almagor, Chen and Fridman, Clara and Padnos, Dan and others},
  journal={arXiv preprint arXiv:2408.12570},
  year={2024}
}

@misc {cohere_for_ai_2024,
    author       = { {Cohere For AI} },
    title        = { c4ai-command-r-plus-08-2024 },
    year         = 2024,
    url          = { https://huggingface.co/CohereForAI/c4ai-command-r-plus-08-2024 },
    doi          = { 10.57967/hf/3135 },
    publisher    = { Hugging Face }
}

@article{mistralLarge2411,
  title={Mistral Large 2},
  author={Mistral, AI},
  journal={Mistral Large 2 Blogpost},
  url={https://mistral.ai/news/mistral-large-2407/},
  year={2024}
}

@article{deepseekai2025deepseekr1incentivizingreasoningcapability,
  title={DeepSeek-R1: Incentivizing Reasoning Capability in LLMs via Reinforcement Learning},
  author={DeepSeek-AI and Guo, Daya and Yang, Dejian and Zhang, Haowei and Song, Junxiao and Zhang, Ruoyu and Xu, Runxin and Zhu, Qihao and Ma, Shirong and Wang, Peiyi and Bi, Xiao and others},
  journal={arXiv preprint arXiv:2501.12948},
  year={2025}
}

@article{jaech2024openai,
  title={OpenAI o1 System Card},
  author={OpenAI and : Jaech, Aaron and Kalai, Adam and Lerer, Adam and Richardson, Adam and El-Kishky, Ahmed and Low, Aiden and Helyar, Alec and Madry, Aleksander and Beutel, Alex and Carney, Alex and others},
  journal={arXiv preprint arXiv:2412.16720},
  year={2024}
}

@article{o3Mini2024SystemCard,
  title={OpenAI o3-mini System Card},
  author={OpenAI},
  url={https://openai.com/index/o3-mini-system-card/},
  year={2025}
}