@article{zhang2020falco,
  title={Falco: Fast likelihood-based collision avoidance with extension to human-guided navigation},
  author={Zhang, Ji and Hu, Chen and Chadha, Rushat Gupta and Singh, Sanjiv},
  journal={Journal of Field Robotics},
  volume={37},
  number={8},
  pages={1300--1313},
  year={2020},
  publisher={Wiley Online Library}
}

@article{mueller2015computationally,
  title={A computationally efficient motion primitive for quadrocopter trajectory generation},
  author={Mueller, Mark W and Hehn, Markus and D'Andrea, Raffaello},
  journal={IEEE transactions on robotics},
  volume={31},
  number={6},
  pages={1294--1310},
  year={2015},
  publisher={IEEE}
}

@inproceedings{ryll2019efficient,
  title={Efficient trajectory planning for high speed flight in unknown environments},
  author={Ryll, Markus and Ware, John and Carter, John and Roy, Nick},
  booktitle={2019 International conference on robotics and automation (ICRA)},
  pages={732--738},
  year={2019},
  organization={IEEE}
}

@article{bucki2020rectangular,
  title={Rectangular pyramid partitioning using integrated depth sensors (rappids): A fast planner for multicopter navigation},
  author={Bucki, Nathan and Lee, Junseok and Mueller, Mark W},
  journal={IEEE Robotics and Automation Letters},
  volume={5},
  number={3},
  pages={4626--4633},
  year={2020},
  publisher={IEEE}
}

@inproceedings{yang2021intention,
  title={An intention guided hierarchical framework for trajectory-based teleoperation of mobile robots},
  author={Yang, Xuning and Cheng, Jasmine and Michael, Nathan},
  booktitle={2021 IEEE International Conference on Robotics and Automation (ICRA)},
  pages={482--488},
  year={2021},
  organization={IEEE}
}

@inproceedings{collins2020efficient,
  title={Efficient planning for high-speed mav flight in unknown environments using online sparse topological graphs},
  author={Collins, Matthew and Michael, Nathan},
  booktitle={2020 IEEE International Conference on Robotics and Automation (ICRA)},
  pages={11450--11456},
  year={2020},
  organization={IEEE}
}

@incollection{florence2020integrated,
  title={Integrated perception and control at high speed: Evaluating collision avoidance maneuvers without maps},
  author={Florence, Pete and Carter, John and Tedrake, Russ},
  booktitle={Algorithmic Foundations of Robotics XII},
  pages={304--319},
  year={2020},
  publisher={Springer}
}

@article{pham2018new,
  title={A new approach to time-optimal path parameterization based on reachability analysis},
  author={Pham, Hung and Pham, Quang-Cuong},
  journal={IEEE Transactions on Robotics},
  volume={34},
  number={3},
  pages={645--659},
  year={2018},
  publisher={IEEE}
}

@article{verscheure2009time,
  title={Time-optimal path tracking for robots: A convex optimization approach},
  author={Verscheure, Diederik and Demeulenaere, Bram and Swevers, Jan and De Schutter, Joris and Diehl, Moritz},
  journal={IEEE Transactions on Automatic Control},
  volume={54},
  number={10},
  pages={2318--2327},
  year={2009},
  publisher={IEEE}
}

@article{pham2014general,
  title={A general, fast, and robust implementation of the time-optimal path parameterization algorithm},
  author={Pham, Quang-Cuong},
  journal={IEEE Transactions on Robotics},
  volume={30},
  number={6},
  pages={1533--1540},
  year={2014},
  publisher={IEEE}
}

@article{ivanovic2022parabolic,
  title={Parabolic Airdrop Trajectory Planning for Multirotor Unmanned Aerial Vehicles},
  author={Ivanovic, Antun and Orsag, Matko},
  journal={IEEE Access},
  volume={10},
  pages={36907--36923},
  year={2022},
  publisher={IEEE}
}

@article{hauser2014fast,
  title={Fast interpolation and time-optimization with contact},
  author={Hauser, Kris},
  journal={The International Journal of Robotics Research},
  volume={33},
  number={9},
  pages={1231--1250},
  year={2014},
  publisher={SAGE Publications Sage UK: London, England}
}

@article{vitter1984faster,
  title={Faster methods for random sampling},
  author={Vitter, Jeffrey Scott},
  journal={Communications of the ACM},
  volume={27},
  number={7},
  pages={703--718},
  year={1984},
  publisher={ACM New York, NY, USA}
}

@article{seidel1991small,
  title={Small-dimensional linear programming and convex hulls made easy},
  author={Seidel, Raimund},
  journal={Discrete \& Computational Geometry},
  volume={6},
  number={3},
  pages={423--434},
  year={1991},
  publisher={Springer}
}

@inproceedings{ji2021mapless,
  title={Mapless-planner: A robust and fast planning framework for aggressive autonomous flight without map fusion},
  author={Ji, Jialin and Wang, Zhepei and Wang, Yingjian and Xu, Chao and Gao, Fei},
  booktitle={2021 IEEE International Conference on Robotics and Automation (ICRA)},
  pages={6315--6321},
  year={2021},
  organization={IEEE}
}

@article{zhou2020ego,
  title={Ego-planner: An esdf-free gradient-based local planner for quadrotors},
  author={Zhou, Xin and Wang, Zhepei and Ye, Hongkai and Xu, Chao and Gao, Fei},
  journal={IEEE Robotics and Automation Letters},
  volume={6},
  number={2},
  pages={478--485},
  year={2020},
  publisher={IEEE}
}

@article{zhou2022swarm,
  title={Swarm of micro flying robots in the wild},
  author={Zhou, Xin and Wen, Xiangyong and Wang, Zhepei and Gao, Yuman and Li, Haojia and Wang, Qianhao and Yang, Tiankai and Lu, Haojian and Cao, Yanjun and Xu, Chao and others},
  journal={Science Robotics},
  volume={7},
  number={66},
  pages={eabm5954},
  year={2022},
  publisher={American Association for the Advancement of Science}
}

@inproceedings{zhou2020robust,
  title={Robust real-time uav replanning using guided gradient-based optimization and topological paths},
  author={Zhou, Boyu and Gao, Fei and Pan, Jie and Shen, Shaojie},
  booktitle={2020 IEEE International Conference on Robotics and Automation (ICRA)},
  pages={1208--1214},
  year={2020},
  organization={IEEE}
}

@article{liu2017planning,
  title={Planning dynamically feasible trajectories for quadrotors using safe flight corridors in 3-d complex environments},
  author={Liu, Sikang and Watterson, Michael and Mohta, Kartik and Sun, Ke and Bhattacharya, Subhrajit and Taylor, Camillo J and Kumar, Vijay},
  journal={IEEE Robotics and Automation Letters},
  volume={2},
  number={3},
  pages={1688--1695},
  year={2017},
  publisher={IEEE}
}

