@article{chen_1997_SD_1,
  title={Determination of scan-plane motion using speckle decorrelation: Theoretical considerations and initial test},
  author={Chen, Jian-Feng and Fowlkes, J Brian and Carson, Paul L and Rubin, Jonathan M},
  journal={International Journal of Imaging Systems and Technology},
  volume={8},
  number={1},
  pages={38--44},
  year={1997},
  publisher={Wiley Online Library}}

@article{gee_2006_SD_3,
  title={Sensorless freehand 3D ultrasound in real tissue: speckle decorrelation without fully developed speckle},
  author={Gee, Andrew H and Housden, R James and Hassenpflug, Peter and Treece, Graham M and Prager, Richard W},
  journal={Medical image analysis},
  volume={10},
  number={2},
  pages={137--149},
  year={2006},
  publisher={Elsevier}}

@inproceedings{guo_2020_DCL,
  title={Sensorless freehand 3D ultrasound reconstruction via deep contextual learning},
  author={Guo, Hengtao and Xu, Sheng and Wood, Bradford and Yan, Pingkun},
  booktitle={Medical Image Computing and Computer Assisted Intervention--MICCAI 2020: 23rd International Conference, Lima, Peru, October 4--8, 2020, Proceedings, Part III 23},
  pages={463--472},
  year={2020},
  organization={Springer}}

@article{guo_2022_DC2,
  title={Ultrasound volume reconstruction from freehand scans without tracking},
  author={Guo, Hengtao and Chao, Hanqing and Xu, Sheng and Wood, Bradford J and Wang, Jing and Yan, Pingkun},
  journal={IEEE Transactions on Biomedical Engineering},
  volume={70},
  number={3},
  pages={970--979},
  year={2022},
  publisher={IEEE}}

@article{li_2023_EfficientNet,
  title={Long-term Dependency for 3D Reconstruction of Freehand Ultrasound Without External Tracker},
  author={Li, Qi and Shen, Ziyi and Li, Qian and Barratt, Dean C and Dowrick, Thomas and Clarkson, Matthew J and Vercauteren, Tom and Hu, Yipeng},
  journal={IEEE Transactions on Biomedical Engineering},
  year={2023},
  publisher={IEEE}}

@inproceedings{luo_2021_LSTM,
  title={Self context and shape prior for sensorless freehand 3D ultrasound reconstruction},
  author={Luo, Mingyuan and Yang, Xin and Huang, Xiaoqiong and Huang, Yuhao and Zou, Yuxin and Hu, Xindi and Ravikumar, Nishant and Frangi, Alejandro F and Ni, Dong},
  booktitle={Medical Image Computing and Computer Assisted Intervention--MICCAI 2021: 24th International Conference, Strasbourg, France, September 27--October 1, 2021, Proceedings, Part VI 24},
  pages={201--210},
  year={2021},
  organization={Springer}}

@inproceedings{luo_2022_MoNet,
  title={Deep motion network for freehand 3D ultrasound reconstruction},
  author={Luo, Mingyuan and Yang, Xin and Wang, Hongzhang and Du, Liwei and Ni, Dong},
  booktitle={International Conference on Medical Image Computing and Computer-Assisted Intervention},
  pages={290--299},
  year={2022},
  organization={Springer}}

@inproceedings{luo_2023_OSCNet,
  title={Multi-IMU with online self-consistency for freehand 3D ultrasound reconstruction},
  author={Luo, Mingyuan and Yang, Xin and Yan, Zhongnuo and Li, Junyu and Zhang, Yuanji and Chen, Jiongquan and Hu, Xindi and Qian, Jikuan and Cheng, Jun and Ni, Dong},
  booktitle={International Conference on Medical Image Computing and Computer-Assisted Intervention},
  pages={342--351},
  year={2023},
  organization={Springer}}

@article{luo_2023_RecO,
  title={RecON: Online learning for sensorless freehand 3D ultrasound reconstruction},
  author={Luo, Mingyuan and Yang, Xin and Wang, Hongzhang and Dou, Haoran and Hu, Xindi and Huang, Yuhao and Ravikumar, Nishant and Xu, Songcheng and Zhang, Yuanji and Xiong, Yi and others},
  journal={Medical Image Analysis},
  volume={87},
  pages={102810},
  year={2023},
  publisher={Elsevier}}

@inproceedings{miura_2021_Absolute_pose,
  title={Pose estimation of 2D ultrasound probe from ultrasound image sequences using CNN and RNN},
  author={Miura, Kanta and Ito, Koichi and Aoki, Takafumi and Ohmiya, Jun and Kondo, Satoshi},
  booktitle={Simplifying Medical Ultrasound: Second International Workshop, ASMUS 2021, Held in Conjunction with MICCAI 2021, Strasbourg, France, September 27, 2021, Proceedings 2},
  pages={96--105},
  year={2021},
  organization={Springer}}

@inproceedings{ning_2022_transformer,
  title={Spatial position estimation method for 3d ultrasound reconstruction based on hybrid transfomers},
  author={Ning, Guochen and Liang, Hanying and Zhou, Lei and Zhang, Xinran and Liao, Hongen},
  booktitle={2022 IEEE 19th International Symposium on Biomedical Imaging (ISBI)},
  pages={1--5},
  year={2022},
  organization={IEEE}}

@article{prevost_2018_CNN,
  title={3D freehand ultrasound without external tracking using deep learning},
  author={Prevost, Raphael and Salehi, Mehrdad and Jagoda, Simon and Kumar, Navneet and Sprung, Julian and Ladikos, Alexander and Bauer, Robert and Zettinig, Oliver and Wein, Wolfgang},
  journal={Medical image analysis},
  volume={48},
  pages={187--202},
  year={2018},
  publisher={Elsevier}}

@article{tehrani_2020_PWC_Net,
  title={Displacement estimation in ultrasound elastography using pyramidal convolutional neural network},
  author={Tehrani, Ali KZ and Rivaz, Hassan},
  journal={IEEE transactions on ultrasonics, ferroelectrics, and frequency control},
  volume={67},
  number={12},
  pages={2629--2639},
  year={2020},
  publisher={IEEE}}

@article{trahey_1986_SD_0,
  title={Speckle pattern correlation with lateral aperture translation: Experimental results and implications for spatial compounding},
  author={Trahey, Gregg E and Smith, Stephen W and Von Ramm, OT},
  journal={IEEE transactions on ultrasonics, ferroelectrics, and frequency control},
  volume={33},
  number={3},
  pages={257--264},
  year={1986},
  publisher={IEEE}}

@article{tuthill_1998_SD_2,
  title={Automated three-dimensional US frame positioning computed from elevational speckle decorrelation.},
  author={Tuthill, Theresa A and Kr{\"u}cker, JF and Fowlkes, J Brian and Carson, Paul L},
  journal={Radiology},
  volume={209},
  number={2},
  pages={575--582},
  year={1998}}

@inproceedings{xie_2021_PW_Net,
  title={Image-based 3D ultrasound reconstruction with optical flow via pyramid warping network},
  author={Xie, Yanting and Liao, Hongen and Zhang, Daoqiang and Zhou, Lei and Chen, Fang},
  booktitle={2021 43rd Annual International Conference of the IEEE Engineering in Medicine \& Biology Society (EMBC)},
  pages={3539--3542},
  year={2021},
  organization={IEEE}}

