# US: Basic
@article{ho_2021_US_basic,
  title={Ultrasonic technologies in imaging and drug delivery},
  author={Ho, Yi-Ju and Huang, Chih-Chung and Fan, Ching-Hsiang and Liu, Hao-Li and Yeh, Chih-Kuang},
  journal={Cellular and Molecular Life Sciences},
  volume={78},
  pages={6119--6141},
  year={2021},
  publisher={Springer}}

# US: Doppler Basic
@article{evans_2011_US_doppler_basic,
  title={Ultrasonic colour Doppler imaging},
  author={Evans, David H and Jensen, J{\o}rgen Arendt and Nielsen, Michael Bachmann},
  journal={Interface focus},
  volume={1},
  number={4},
  pages={490--502},
  year={2011},
  publisher={The Royal Society}}

# US: 2D array US
@article{yen_2000_2D_array_transducer,
  title={Sparse 2-D array design for real time rectilinear volumetric imaging},
  author={Yen, Jesse T and Steinberg, Jordan P and Smith, Stephen W},
  journal={IEEE transactions on ultrasonics, ferroelectrics, and frequency control},
  volume={47},
  number={1},
  pages={93--110},
  year={2000},
  publisher={IEEE}}

# US: robotic_US
@article{su_2024_robotic_US,
  title={A fully autonomous robotic ultrasound system for thyroid scanning},
  author={Su, Kang and Liu, Jingwei and Ren, Xiaoqi and Huo, Yingxiang and Du, Guanglong and Zhao, Wei and Wang, Xueqian and Liang, Bin and Li, Di and Liu, Peter Xiaoping},
  journal={Nature Communications},
  volume={15},
  number={1},
  pages={4004},
  year={2024},
  publisher={Nature Publishing Group UK London}}

# US: Mechanical Transducer
@article{db_1995_Mechanical_transducer,
  title={Vascular imaging with a three-dimensional power Doppler system},
  author={DB, DOWNEY},
  journal={AJR Am J Roentgenol},
  volume={165},
  pages={665--668},
  year={1995}}

# US: Panoramic
@article{rosenberg_2014_panoramic,
  title={Reliability of panoramic ultrasound imaging to simultaneously examine muscle size and quality of the medial gastrocnemius},
  author={Rosenberg, Joseph G and Ryan, Eric D and Sobolewski, Eric J and Scharville, Michael J and Thompson, Brennan J and King, Gilbert E},
  journal={Muscle \& nerve},
  volume={49},
  number={5},
  pages={736--740},
  year={2014},
  publisher={Wiley Online Library}}

# 3D US: Electromagnetic
@inproceedings{daoud_2015_freehand_US_electromagnetic,
  title={Freehand 3D ultrasound imaging system using electromagnetic tracking},
  author={Daoud, Mohammad I and Alshalalfah, Abdel-Latif and Awwad, Falah and Al-Najar, Mahasen},
  booktitle={2015 International Conference on Open Source Software Computing (OSSCOM)},
  pages={1--5},
  year={2015},
  organization={IEEE}}

# 3D US: Optic
@article{chung_2017_freehand_US_optic,
  title={Freehand three-dimensional ultrasound imaging of carotid artery using motion tracking technology},
  author={Chung, Shao-Wen and Shih, Cho-Chiang and Huang, Chih-Chung},
  journal={Ultrasonics},
  volume={74},
  pages={11--20},
  year={2017},
  publisher={Elsevier}}

# 3D US Tech Review
@article{mozaffari_2017_US_freehand_review,
  title={Freehand 3-D ultrasound imaging: a systematic review},
  author={Mozaffari, Mohammad Hamed and Lee, Won-Sook},
  journal={Ultrasound in medicine \& biology},
  volume={43},
  number={10},
  pages={2099--2124},
  year={2017},
  publisher={Elsevier}}

# Limitations of Optical/Electrical Positioning Sensors
@article{sorriento_2019_sensor_limitations,
  title={Optical and electromagnetic tracking systems for biomedical applications: A critical review on potentialities and limitations},
  author={Sorriento, Angela and Porfido, Maria Bianca and Mazzoleni, Stefano and Calvosa, Giuseppe and Tenucci, Miria and Ciuti, Gastone and Dario, Paolo},
  journal={IEEE reviews in biomedical engineering},
  volume={13},
  pages={212--232},
  year={2019},
  publisher={IEEE}}

@article{lee_1980_LeeFilter,
  title={Digital image enhancement and noise filtering by use of local statistics},
  author={Lee, Jong-Sen},
  journal={IEEE transactions on pattern analysis and machine intelligence},
  number={2},
  pages={165--168},
  year={1980},
  publisher={IEEE}}

# Speckle Decorrelation 0
@article{trahey_1986_SD_0,
  title={Speckle pattern correlation with lateral aperture translation: Experimental results and implications for spatial compounding},
  author={Trahey, Gregg E and Smith, Stephen W and Von Ramm, OT},
  journal={IEEE transactions on ultrasonics, ferroelectrics, and frequency control},
  volume={33},
  number={3},
  pages={257--264},
  year={1986},
  publisher={IEEE}}

# Speckle Decorrelation 1
@article{chen_1997_SD_1,
  title={Determination of scan-plane motion using speckle decorrelation: Theoretical considerations and initial test},
  author={Chen, Jian-Feng and Fowlkes, J Brian and Carson, Paul L and Rubin, Jonathan M},
  journal={International Journal of Imaging Systems and Technology},
  volume={8},
  number={1},
  pages={38--44},
  year={1997},
  publisher={Wiley Online Library}}

# Speckle Decorrelation 2
@article{tuthill_1998_SD_2,
  title={Automated three-dimensional US frame positioning computed from elevational speckle decorrelation.},
  author={Tuthill, Theresa A and Kr{\"u}cker, JF and Fowlkes, J Brian and Carson, Paul L},
  journal={Radiology},
  volume={209},
  number={2},
  pages={575--582},
  year={1998}}

# Speckle Decorrelation 3
@article{gee_2006_SD_3,
  title={Sensorless freehand 3D ultrasound in real tissue: speckle decorrelation without fully developed speckle},
  author={Gee, Andrew H and Housden, R James and Hassenpflug, Peter and Treece, Graham M and Prager, Richard W},
  journal={Medical image analysis},
  volume={10},
  number={2},
  pages={137--149},
  year={2006},
  publisher={Elsevier}}

# US3D: 2D CNN
@article{prevost_2018_CNN,
  title={3D freehand ultrasound without external tracking using deep learning},
  author={Prevost, Raphael and Salehi, Mehrdad and Jagoda, Simon and Kumar, Navneet and Sprung, Julian and Ladikos, Alexander and Bauer, Robert and Zettinig, Oliver and Wein, Wolfgang},
  journal={Medical image analysis},
  volume={48},
  pages={187--202},
  year={2018},
  publisher={Elsevier}}

# US3D: DCL-Net
@inproceedings{guo_2020_DCL,
  title={Sensorless freehand 3D ultrasound reconstruction via deep contextual learning},
  author={Guo, Hengtao and Xu, Sheng and Wood, Bradford and Yan, Pingkun},
  booktitle={Medical Image Computing and Computer Assisted Intervention--MICCAI 2020: 23rd International Conference, Lima, Peru, October 4--8, 2020, Proceedings, Part III 23},
  pages={463--472},
  year={2020},
  organization={Springer}}

# US3D: DC2-Net
@article{guo_2022_DC2,
  title={Ultrasound volume reconstruction from freehand scans without tracking},
  author={Guo, Hengtao and Chao, Hanqing and Xu, Sheng and Wood, Bradford J and Wang, Jing and Yan, Pingkun},
  journal={IEEE Transactions on Biomedical Engineering},
  volume={70},
  number={3},
  pages={970--979},
  year={2022},
  publisher={IEEE}}

# US3D: LSTM
@inproceedings{luo_2021_LSTM,
  title={Self context and shape prior for sensorless freehand 3D ultrasound reconstruction},
  author={Luo, Mingyuan and Yang, Xin and Huang, Xiaoqiong and Huang, Yuhao and Zou, Yuxin and Hu, Xindi and Ravikumar, Nishant and Frangi, Alejandro F and Ni, Dong},
  booktitle={Medical Image Computing and Computer Assisted Intervention--MICCAI 2021: 24th International Conference, Strasbourg, France, September 27--October 1, 2021, Proceedings, Part VI 24},
  pages={201--210},
  year={2021},
  organization={Springer}}

# US3D: MoNet
@inproceedings{luo_2022_MoNet,
  title={Deep motion network for freehand 3D ultrasound reconstruction},
  author={Luo, Mingyuan and Yang, Xin and Wang, Hongzhang and Du, Liwei and Ni, Dong},
  booktitle={International Conference on Medical Image Computing and Computer-Assisted Intervention},
  pages={290--299},
  year={2022},
  organization={Springer}}

# US3D: OSCNet
@inproceedings{luo_2023_OSCNet,
  title={Multi-IMU with online self-consistency for freehand 3D ultrasound reconstruction},
  author={Luo, Mingyuan and Yang, Xin and Yan, Zhongnuo and Li, Junyu and Zhang, Yuanji and Chen, Jiongquan and Hu, Xindi and Qian, Jikuan and Cheng, Jun and Ni, Dong},
  booktitle={International Conference on Medical Image Computing and Computer-Assisted Intervention},
  pages={342--351},
  year={2023},
  organization={Springer}}  

# US3D: RecON
@article{luo_2023_RecO,
  title={RecON: Online learning for sensorless freehand 3D ultrasound reconstruction},
  author={Luo, Mingyuan and Yang, Xin and Wang, Hongzhang and Dou, Haoran and Hu, Xindi and Huang, Yuhao and Ravikumar, Nishant and Xu, Songcheng and Zhang, Yuanji and Xiong, Yi and others},
  journal={Medical Image Analysis},
  volume={87},
  pages={102810},
  year={2023},
  publisher={Elsevier}}

# US3D: CNN-RNN Absolute_pose
@inproceedings{miura_2021_Absolute_pose,
  title={Pose estimation of 2D ultrasound probe from ultrasound image sequences using CNN and RNN},
  author={Miura, Kanta and Ito, Koichi and Aoki, Takafumi and Ohmiya, Jun and Kondo, Satoshi},
  booktitle={Simplifying Medical Ultrasound: Second International Workshop, ASMUS 2021, Held in Conjunction with MICCAI 2021, Strasbourg, France, September 27, 2021, Proceedings 2},
  pages={96--105},
  year={2021},
  organization={Springer}}

# US3D: PWC-Net
@article{tehrani_2020_PWC_Net,
  title={Displacement estimation in ultrasound elastography using pyramidal convolutional neural network},
  author={Tehrani, Ali KZ and Rivaz, Hassan},
  journal={IEEE transactions on ultrasonics, ferroelectrics, and frequency control},
  volume={67},
  number={12},
  pages={2629--2639},
  year={2020},
  publisher={IEEE}}

# US3D: Pyramid Warping Network
@inproceedings{xie_2021_PW_Net,
  title={Image-based 3D ultrasound reconstruction with optical flow via pyramid warping network},
  author={Xie, Yanting and Liao, Hongen and Zhang, Daoqiang and Zhou, Lei and Chen, Fang},
  booktitle={2021 43rd Annual International Conference of the IEEE Engineering in Medicine \& Biology Society (EMBC)},
  pages={3539--3542},
  year={2021},
  organization={IEEE}}

# US3D: Transformer
@inproceedings{ning_2022_transformer,
  title={Spatial position estimation method for 3d ultrasound reconstruction based on hybrid transfomers},
  author={Ning, Guochen and Liang, Hanying and Zhou, Lei and Zhang, Xinran and Liao, Hongen},
  booktitle={2022 IEEE 19th International Symposium on Biomedical Imaging (ISBI)},
  pages={1--5},
  year={2022},
  organization={IEEE}}

# US3D: EfficientNet + LSTM
@article{li_2023_EfficientNet,
  title={Long-term Dependency for 3D Reconstruction of Freehand Ultrasound Without External Tracker},
  author={Li, Qi and Shen, Ziyi and Li, Qian and Barratt, Dean C and Dowrick, Thomas and Clarkson, Matthew J and Vercauteren, Tom and Hu, Yipeng},
  journal={IEEE Transactions on Biomedical Engineering},
  year={2023},
  publisher={IEEE}}

# PA: Foot
@article{choi_2022_PA_foot,
  title={Three-dimensional multistructural quantitative photoacoustic and US imaging of human feet in vivo},
  author={Choi, Wonseok and Park, Eun-Yeong and Jeon, Seungwan and Yang, Yeoree and Park, Byullee and Ahn, Joongho and Cho, Seonghee and Lee, Changyeop and Seo, Dong-Kyo and Cho, Jae-Hyoung and others},
  journal={Radiology},
  volume={303},
  number={2},
  pages={467--473},
  year={2022},
  publisher={Radiological Society of North America}}

# PA: Panoramic
@article{lee_2023_PA_panoramic,
  title={Panoramic volumetric clinical handheld photoacoustic and ultrasound imaging},
  author={Lee, Changyeop and Cho, Seonghee and Lee, Donghyun and Lee, Jonghun and Park, Jong-Il and Kim, Hong-Ju and Park, Sae Hyun and Choi, Wonseok and Kim, Ung and Kim, Chulhong},
  journal={Photoacoustics},
  volume={31},
  pages={100512},
  year={2023},
  publisher={Elsevier}}

# DL Tech
@inproceedings{teed_2020_RAFT,
  title={Raft: Recurrent all-pairs field transforms for optical flow},
  author={Teed, Zachary and Deng, Jia},
  booktitle={Computer Vision--ECCV 2020: 16th European Conference, Glasgow, UK, August 23--28, 2020, Proceedings, Part II 16},
  pages={402--419},
  year={2020},
  organization={Springer}}

# Position Regression using Contrastive Learning
@inproceedings{lei_2021_CR_loss,
  title={Contrastive learning of relative position regression for one-shot object localization in 3D medical images},
  author={Lei, Wenhui and Xu, Wei and Gu, Ran and Fu, Hao and Zhang, Shaoting and Zhang, Shichuan and Wang, Guotai},
  booktitle={Medical Image Computing and Computer Assisted Intervention--MICCAI 2021: 24th International Conference, Strasbourg, France, September 27--October 1, 2021, Proceedings, Part II 24},
  pages={155--165},
  year={2021},
  organization={Springer}}

# ResNet
@inproceedings{he_2016_ResNet,
  title={Deep residual learning for image recognition},
  author={He, Kaiming and Zhang, Xiangyu and Ren, Shaoqing and Sun, Jian},
  booktitle={Proceedings of the IEEE conference on computer vision and pattern recognition},
  pages={770--778},
  year={2016}}

# CBAM
@inproceedings{woo_2018_CBAM,
  title={Cbam: Convolutional block attention module},
  author={Woo, Sanghyun and Park, Jongchan and Lee, Joon-Young and Kweon, In So},
  booktitle={Proceedings of the European conference on computer vision (ECCV)},
  pages={3--19},
  year={2018}}

# GLoRIA
@inproceedings{huang_2021_gloria,
  title={Gloria: A multimodal global-local representation learning framework for label-efficient medical image recognition},
  author={Huang, Shih-Cheng and Shen, Liyue and Lungren, Matthew P and Yeung, Serena},
  booktitle={Proceedings of the IEEE/CVF International Conference on Computer Vision},
  pages={3942--3951},
  year={2021}}

@article{li_2017_GLA_1,
  title={GLA: Global--local attention for image description},
  author={Li, Linghui and Tang, Sheng and Zhang, Yongdong and Deng, Lixi and Tian, Qi},
  journal={IEEE Transactions on Multimedia},
  volume={20},
  number={3},
  pages={726--737},
  year={2017},
  publisher={IEEE}}

@article{le_2022_GLA_2,
  title={Global-local attention for emotion recognition},
  author={Le, Nhat and Nguyen, Khanh and Nguyen, Anh and Le, Bac},
  journal={Neural Computing and Applications},
  volume={34},
  number={24},
  pages={21625--21639},
  year={2022},
  publisher={Springer}}

# Triplet Loss
@inproceedings{Schroff_2015_Triplet, 
  title={Facenet: A unified embedding for face recognition and clustering}, 
  author={Schroff, Florian and Kalenichenko, Dmitry and Philbin, James}, 
  booktitle={Proceedings of the IEEE conference on computer vision and pattern recognition}, 
  pages={815--823}, year={2015}}

##### Unused
# Review on Loss Functions:
@article{terven_2023_MSEMAE_limitations,
  title={Loss functions and metrics in deep learning. A review},
  author={Terven, Juan and Cordova-Esparza, Diana M and Ramirez-Pedraza, Alfonzo and Chavez-Urbiola, Edgar A},
  journal={arXiv preprint arXiv:2307.02694},
  year={2023}}