@article{touvron2023llama,
  title={Llama: Open and efficient foundation language models},
  author={Touvron, Hugo and Lavril, Thibaut and Izacard, Gautier and Martinet, Xavier and Lachaux, Marie-Anne and Lacroix, Timoth{\'e}e and Rozi{\`e}re, Baptiste and Goyal, Naman and Hambro, Eric and Azhar, Faisal and others},
  journal={arXiv preprint arXiv:2302.13971},
  year={2023}
}

@article{bai2023qwen,
  title={Qwen technical report},
  author={Bai, Jinze and Bai, Shuai and Chu, Yunfei and Cui, Zeyu and Dang, Kai and Deng, Xiaodong and Fan, Yang and Ge, Wenbin and Han, Yu and Huang, Fei and others},
  journal={arXiv preprint arXiv:2309.16609},
  year={2023}
}

@article{maaz2023video,
  title={Video-chatgpt: Towards detailed video understanding via large vision and language models},
  author={Maaz, Muhammad and Rasheed, Hanoona and Khan, Salman and Khan, Fahad Shahbaz},
  journal={arXiv preprint arXiv:2306.05424},
  year={2023}
}

@inproceedings{li2024llama,
  title={Llama-vid: An image is worth 2 tokens in large language models},
  author={Li, Yanwei and Wang, Chengyao and Jia, Jiaya},
  booktitle={European Conference on Computer Vision},
  pages={323--340},
  year={2024},
  organization={Springer}
}

@inproceedings{jin2024chat,
  title={Chat-univi: Unified visual representation empowers large language models with image and video understanding},
  author={Jin, Peng and Takanobu, Ryuichi and Zhang, Wancai and Cao, Xiaochun and Yuan, Li},
  booktitle={Proceedings of the IEEE/CVF Conference on Computer Vision and Pattern Recognition},
  pages={13700--13710},
  year={2024}
}

@article{su2024roformer,
  title={Roformer: Enhanced transformer with rotary position embedding},
  author={Su, Jianlin and Ahmed, Murtadha and Lu, Yu and Pan, Shengfeng and Bo, Wen and Liu, Yunfeng},
  journal={Neurocomputing},
  volume={568},
  pages={127063},
  year={2024},
  publisher={Elsevier}
}

@online{kexuefm-10040,
  title={A Brief Reflection on Multimodal Position Embedding.},
  author={Su, Jianlin},
  year={2024},
  month={Mar},
  url={https://kexue.fm/archives/10040},
}

@article{wang2024qwen2,
  title={Qwen2-vl: Enhancing vision-language model's perception of the world at any resolution},
  author={Wang, Peng and Bai, Shuai and Tan, Sinan and Wang, Shijie and Fan, Zhihao and Bai, Jinze and Chen, Keqin and Liu, Xuejing and Wang, Jialin and Ge, Wenbin and others},
  journal={arXiv preprint arXiv:2409.12191},
  year={2024}
}

@article{chiang2023vicuna,
  title={Vicuna: An open-source chatbot impressing gpt-4 with 90\%* chatgpt quality},
  author={Chiang, Wei-Lin and Li, Zhuohan and Lin, Zi and Sheng, Ying and Wu, Zhanghao and Zhang, Hao and Zheng, Lianmin and Zhuang, Siyuan and Zhuang, Yonghao and Gonzalez, Joseph E and others},
  journal={See https://vicuna. lmsys. org (accessed 14 April 2023)},
  volume={2},
  number={3},
  pages={6},
  year={2023}
}

@article{Yang2024Qwen2TR,
  title={Qwen2 Technical Report},
  author={An Yang and Baosong Yang and Binyuan Hui et al.},
  journal={ArXiv},
  year={2024},
  volume={abs/2407.10671},
  url={https://api.semanticscholar.org/CorpusID:271212307}
}

@article{li2023videochat,
  title={Videochat: Chat-centric video understanding},
  author={Li, KunChang and He, Yinan and Wang, Yi and Li, Yizhuo and Wang, Wenhai and Luo, Ping and Wang, Yali and Wang, Limin and Qiao, Yu},
  journal={arXiv preprint arXiv:2305.06355},
  year={2023}
}

@inproceedings{li2024mvbench,
  title={Mvbench: A comprehensive multi-modal video understanding benchmark},
  author={Li, Kunchang and Wang, Yali and He, Yinan and Li, Yizhuo and Wang, Yi and Liu, Yi and Wang, Zun and Xu, Jilan and Chen, Guo and Luo, Ping and others},
  booktitle={Proceedings of the IEEE/CVF Conference on Computer Vision and Pattern Recognition},
  pages={22195--22206},
  year={2024}
}

@article{xu2024pllava,
  title={Pllava: Parameter-free llava extension from images to videos for video dense captioning},
  author={Xu, Lin and Zhao, Yilin and Zhou, Daquan and Lin, Zhijie and Ng, See Kiong and Feng, Jiashi},
  journal={arXiv preprint arXiv:2404.16994},
  year={2024}
}

@article{agrawal2024pixtral,
  title={Pixtral 12B},
  author={Agrawal, Pravesh and Antoniak, Szymon and Hanna, Emma Bou and Bout, Baptiste and Chaplot, Devendra and Chudnovsky, Jessica and Costa, Diogo and De Monicault, Baudouin and Garg, Saurabh and Gervet, Theophile and others},
  journal={arXiv preprint arXiv:2410.07073},
  year={2024}
}

@inproceedings{ma2024vista,
  title={VISTA-LLAMA: Reducing Hallucination in Video Language Models via Equal Distance to Visual Tokens},
  author={Ma, Fan and Jin, Xiaojie and Wang, Heng and Xian, Yuchen and Feng, Jiashi and Yang, Yi},
  booktitle={Proceedings of the IEEE/CVF Conference on Computer Vision and Pattern Recognition},
  pages={13151--13160},
  year={2024}
}

@article{alexey2020image,
  title={An image is worth 16x16 words: Transformers for image recognition at scale},
  author={Alexey, Dosovitskiy},
  journal={arXiv preprint arXiv: 2010.11929},
  year={2020}
}

@inproceedings{he2016deep,
  title={Deep residual learning for image recognition},
  author={He, Kaiming and Zhang, Xiangyu and Ren, Shaoqing and Sun, Jian},
  booktitle={Proceedings of the IEEE conference on computer vision and pattern recognition},
  pages={770--778},
  year={2016}
}

@article{fu2024video,
  title={Video-mme: The first-ever comprehensive evaluation benchmark of multi-modal llms in video analysis},
  author={Fu, Chaoyou and Dai, Yuhan and Luo, Yongdong and Li, Lei and Ren, Shuhuai and Zhang, Renrui and Wang, Zihan and Zhou, Chenyu and Shen, Yunhang and Zhang, Mengdan and others},
  journal={arXiv preprint arXiv:2405.21075},
  year={2024}
}

@article{sun2023eva,
  title={Eva-clip: Improved training techniques for clip at scale},
  author={Sun, Quan and Fang, Yuxin and Wu, Ledell and Wang, Xinlong and Cao, Yue},
  journal={arXiv preprint arXiv:2303.15389},
  year={2023}
}

@article{tolstikhin2021mlp,
  title={Mlp-mixer: An all-mlp architecture for vision},
  author={Tolstikhin, Ilya O and Houlsby, Neil and Kolesnikov, Alexander and Beyer, Lucas and Zhai, Xiaohua and Unterthiner, Thomas and Yung, Jessica and Steiner, Andreas and Keysers, Daniel and Uszkoreit, Jakob and others},
  journal={Advances in neural information processing systems},
  volume={34},
  pages={24261--24272},
  year={2021}
}

@article{liu2024visual,
  title={Visual instruction tuning},
  author={Liu, Haotian and Li, Chunyuan and Wu, Qingyang and Lee, Yong Jae},
  journal={Advances in neural information processing systems},
  volume={36},
  year={2024}
}

@inproceedings{bain2021frozen,
  title={Frozen in time: A joint video and image encoder for end-to-end retrieval},
  author={Bain, Max and Nagrani, Arsha and Varol, G{\"u}l and Zisserman, Andrew},
  booktitle={Proceedings of the IEEE/CVF international conference on computer vision},
  pages={1728--1738},
  year={2021}
}

@article{li2024densefusion,
  title={Densefusion-1m: Merging vision experts for comprehensive multimodal perception},
  author={Li, Xiaotong and Zhang, Fan and Diao, Haiwen and Wang, Yueze and Wang, Xinlong and Duan, Ling-Yu},
  journal={arXiv preprint arXiv:2407.08303},
  year={2024}
}

@article{liu2024valor,
  title={Valor: Vision-audio-language omni-perception pretraining model and dataset},
  author={Liu, Jing and Chen, Sihan and He, Xingjian and Guo, Longteng and Zhu, Xinxin and Wang, Weining and Tang, Jinhui},
  journal={IEEE Transactions on Pattern Analysis and Machine Intelligence},
  year={2024},
  publisher={IEEE}
}

@inproceedings{changpinyo2021conceptual,
  title={Conceptual 12m: Pushing web-scale image-text pre-training to recognize long-tail visual concepts},
  author={Changpinyo, Soravit and Sharma, Piyush and Ding, Nan and Soricut, Radu},
  booktitle={Proceedings of the IEEE/CVF conference on computer vision and pattern recognition},
  pages={3558--3568},
  year={2021}
}

@article{li2024llava,
  title={Llava-onevision: Easy visual task transfer},
  author={Li, Bo and Zhang, Yuanhan and Guo, Dong and Zhang, Renrui and Li, Feng and Zhang, Hao and Zhang, Kaichen and Zhang, Peiyuan and Li, Yanwei and Liu, Ziwei and others},
  journal={arXiv preprint arXiv:2408.03326},
  year={2024}
}

@article{zhang2024video,
  title={Video instruction tuning with synthetic data},
  author={Zhang, Yuanhan and Wu, Jinming and Li, Wei and Li, Bo and Ma, Zejun and Liu, Ziwei and Li, Chunyuan},
  journal={arXiv preprint arXiv:2410.02713},
  year={2024}
}

@article{liu2024tempcompass,
  title={Tempcompass: Do video llms really understand videos?},
  author={Liu, Yuanxin and Li, Shicheng and Liu, Yi and Wang, Yuxiang and Ren, Shuhuai and Li, Lei and Chen, Sishuo and Sun, Xu and Hou, Lu},
  journal={arXiv preprint arXiv:2403.00476},
  year={2024}
}

@article{zhou2024mlvu,
  title={MLVU: A Comprehensive Benchmark for Multi-Task Long Video Understanding},
  author={Zhou, Junjie and Shu, Yan and Zhao, Bo and Wu, Boya and Xiao, Shitao and Yang, Xi and Xiong, Yongping and Zhang, Bo and Huang, Tiejun and Liu, Zheng},
  journal={arXiv preprint arXiv:2406.04264},
  year={2024}
}

@article{wu2025longvideobench,
  title={Longvideobench: A benchmark for long-context interleaved video-language understanding},
  author={Wu, Haoning and Li, Dongxu and Chen, Bei and Li, Junnan},
  journal={Advances in Neural Information Processing Systems},
  volume={37},
  pages={28828--28857},
  year={2025}
}

@article{mangalam2024egoschema,
  title={Egoschema: A diagnostic benchmark for very long-form video language understanding},
  author={Mangalam, Karttikeya and Akshulakov, Raiymbek and Malik, Jitendra},
  journal={Advances in Neural Information Processing Systems},
  volume={36},
  year={2024}
}

@article{zhao2024needle,
  title={Needle In A Video Haystack: A Scalable Synthetic Framework for Benchmarking Video MLLMs},
  author={Zhao, Zijia and Lu, Haoyu and Huo, Yuqi and Du, Yifan and Yue, Tongtian and Guo, Longteng and Wang, Bingning and Chen, Weipeng and Liu, Jing},
  journal={arXiv preprint arXiv:2406.09367},
  year={2024}
}
