@inproceedings{LayerDrop,
  author       = {Angela Fan and
                  Edouard Grave and
                  Armand Joulin},
  title        = {Reducing Transformer Depth on Demand with Structured Dropout},
  booktitle    = {8th International Conference on Learning Representations, {ICLR} 2020,
                  Addis Ababa, Ethiopia, April 26-30, 2020},
  publisher    = {OpenReview.net},
  year         = {2020},
  url          = {https://openreview.net/forum?id=SylO2yStDr},
  timestamp    = {Thu, 07 May 2020 17:11:48 +0200},
  biburl       = {https://dblp.org/rec/conf/iclr/FanGJ20.bib},
  bibsource    = {dblp computer science bibliography, https://dblp.org}
}

@inproceedings{LayerSkip,
  author       = {Mostafa Elhoushi and
                  Akshat Shrivastava and
                  Diana Liskovich and
                  Basil Hosmer and
                  Bram Wasti and
                  Liangzhen Lai and
                  Anas Mahmoud and
                  Bilge Acun and
                  Saurabh Agarwal and
                  Ahmed Roman and
                  Ahmed A Aly and
                  Beidi Chen and
                  Carole{-}Jean Wu},
  editor       = {Lun{-}Wei Ku and
                  Andre Martins and
                  Vivek Srikumar},
  title        = {LayerSkip: Enabling Early Exit Inference and Self-Speculative Decoding},
  booktitle    = {Proceedings of the 62nd Annual Meeting of the Association for Computational
                  Linguistics (Volume 1: Long Papers), {ACL} 2024, Bangkok, Thailand,
                  August 11-16, 2024},
  pages        = {12622--12642},
  publisher    = {Association for Computational Linguistics},
  year         = {2024},
  url          = {https://doi.org/10.18653/v1/2024.acl-long.681},
  doi          = {10.18653/V1/2024.ACL-LONG.681},
  timestamp    = {Tue, 24 Sep 2024 10:55:32 +0200},
  biburl       = {https://dblp.org/rec/conf/acl/ElhoushiSLHWL0A24.bib},
  bibsource    = {dblp computer science bibliography, https://dblp.org}
}

@article{demo,
  title={Decoupled Momentum Optimization},
  author={Peng, Bowen and Quesnelle, Jeffrey and Kingma, Diederik P},
  journal={arXiv preprint arXiv:2411.19870},
  year={2024}
}

@article{diloco,
  author       = {Arthur Douillard and
                  Qixuang Feng and
                  Andrei A. Rusu and
                  Rachita Chhaparia and
                  Yani Donchev and
                  Adhiguna Kuncoro and
                  Marc'Aurelio Ranzato and
                  Arthur Szlam and
                  Jiajun Shen},
  title        = {DiLoCo: Distributed Low-Communication Training of Language Models},
  journal      = {CoRR},
  volume       = {abs/2311.08105},
  year         = {2023}
}

@inproceedings{dtfm,
  author       = {Binhang Yuan and
                  Yongjun He and
                  Jared Davis and
                  Tianyi Zhang and
                  Tri Dao and
                  Beidi Chen and
                  Percy Liang and
                  Christopher R{\'{e}} and
                  Ce Zhang},
  editor       = {Sanmi Koyejo and
                  S. Mohamed and
                  A. Agarwal and
                  Danielle Belgrave and
                  K. Cho and
                  A. Oh},
  title        = {Decentralized Training of Foundation Models in Heterogeneous Environments},
  booktitle    = {Advances in Neural Information Processing Systems 35: Annual Conference
                  on Neural Information Processing Systems 2022, NeurIPS 2022, New Orleans,
                  LA, USA, November 28 - December 9, 2022},
  year         = {2022},
  url          = {http://papers.nips.cc/paper\_files/paper/2022/hash/a37d615b61f999a5fa276adb14643476-Abstract-Conference.html},
  timestamp    = {Mon, 08 Jan 2024 16:31:37 +0100},
  biburl       = {https://dblp.org/rec/conf/nips/YuanHDZDCLR022.bib},
  bibsource    = {dblp computer science bibliography, https://dblp.org}
}

@article{flashflex,
  author       = {Ran Yan and
                  Youhe Jiang and
                  Wangcheng Tao and
                  Xiaonan Nie and
                  Bin Cui and
                  Binhang Yuan},
  title        = {FlashFlex: Accommodating Large Language Model Training over Heterogeneous
                  Environment},
  journal      = {CoRR},
  volume       = {abs/2409.01143},
  year         = {2024}
}

@inproceedings{gpipe,
  author       = {Yanping Huang and
                  Youlong Cheng and
                  Ankur Bapna and
                  Orhan Firat and
                  Dehao Chen and
                  Mia Xu Chen and
                  HyoukJoong Lee and
                  Jiquan Ngiam and
                  Quoc V. Le and
                  Yonghui Wu and
                  Zhifeng Chen},
  title        = {GPipe: Efficient Training of Giant Neural Networks using Pipeline
                  Parallelism},
  booktitle    = {NeurIPS},
  pages        = {103--112},
  year         = {2019}
}

@inproceedings{hetpipe,
  author       = {Jay H. Park and
                  Gyeongchan Yun and
                  Chang M. Yi and
                  Nguyen T. Nguyen and
                  Seungmin Lee and
                  Jaesik Choi and
                  Sam H. Noh and
                  Young{-}ri Choi},
  editor       = {Ada Gavrilovska and
                  Erez Zadok},
  title        = {HetPipe: Enabling Large {DNN} Training on (Whimpy) Heterogeneous {GPU}
                  Clusters through Integration of Pipelined Model Parallelism and Data
                  Parallelism},
  booktitle    = {Proceedings of the 2020 {USENIX} Annual Technical Conference, {USENIX}
                  {ATC} 2020, July 15-17, 2020},
  pages        = {307--321},
  publisher    = {{USENIX} Association},
  year         = {2020},
  url          = {https://www.usenix.org/conference/atc20/presentation/park},
  timestamp    = {Tue, 16 Jul 2024 09:12:32 +0200},
  biburl       = {https://dblp.org/rec/conf/usenix/ParkYYNLCNC20.bib},
  bibsource    = {dblp computer science bibliography, https://dblp.org}
}

@inproceedings{metis,
  author       = {Taegeon Um and
                  Byungsoo Oh and
                  Minyoung Kang and
                  Woo{-}Yeon Lee and
                  Goeun Kim and
                  Dongseob Kim and
                  Youngtaek Kim and
                  Mohd Muzzammil and
                  Myeongjae Jeon},
  title        = {Metis: Fast Automatic Distributed Training on Heterogeneous GPUs},
  booktitle    = {{USENIX} {ATC}},
  pages        = {563--578},
  publisher    = {{USENIX} Association},
  year         = {2024}
}

@article{opendiloco,
  author       = {Sami Jaghouar and
                  Jack Min Ong and
                  Johannes Hagemann},
  title        = {OpenDiLoCo: An Open-Source Framework for Globally Distributed Low-Communication
                  Training},
  journal      = {CoRR},
  volume       = {abs/2407.07852},
  year         = {2024}
}

@article{pipedream,
  author       = {Aaron Harlap and
                  Deepak Narayanan and
                  Amar Phanishayee and
                  Vivek Seshadri and
                  Nikhil R. Devanur and
                  Gregory R. Ganger and
                  Phillip B. Gibbons},
  title        = {PipeDream: Fast and Efficient Pipeline Parallel {DNN} Training},
  journal      = {CoRR},
  volume       = {abs/1806.03377},
  year         = {2018}
}

@inproceedings{skipconnresnet,
  author       = {Andreas Veit and
                  Michael J. Wilber and
                  Serge J. Belongie},
  editor       = {Daniel D. Lee and
                  Masashi Sugiyama and
                  Ulrike von Luxburg and
                  Isabelle Guyon and
                  Roman Garnett},
  title        = {Residual Networks Behave Like Ensembles of Relatively Shallow Networks},
  booktitle    = {Advances in Neural Information Processing Systems 29: Annual Conference
                  on Neural Information Processing Systems 2016, December 5-10, 2016,
                  Barcelona, Spain},
  pages        = {550--558},
  year         = {2016},
  url          = {https://proceedings.neurips.cc/paper/2016/hash/37bc2f75bf1bcfe8450a1a41c200364c-Abstract.html},
  timestamp    = {Mon, 16 May 2022 15:41:51 +0200},
  biburl       = {https://dblp.org/rec/conf/nips/VeitWB16.bib},
  bibsource    = {dblp computer science bibliography, https://dblp.org}
}

@inproceedings{stochasticdepth,
  author       = {Gao Huang and
                  Yu Sun and
                  Zhuang Liu and
                  Daniel Sedra and
                  Kilian Q. Weinberger},
  editor       = {Bastian Leibe and
                  Jiri Matas and
                  Nicu Sebe and
                  Max Welling},
  title        = {Deep Networks with Stochastic Depth},
  booktitle    = {Computer Vision - {ECCV} 2016 - 14th European Conference, Amsterdam,
                  The Netherlands, October 11-14, 2016, Proceedings, Part {IV}},
  series       = {Lecture Notes in Computer Science},
  volume       = {9908},
  pages        = {646--661},
  publisher    = {Springer},
  year         = {2016},
  url          = {https://doi.org/10.1007/978-3-319-46493-0\_39},
  doi          = {10.1007/978-3-319-46493-0\_39},
  timestamp    = {Tue, 20 Aug 2024 16:54:05 +0200},
  biburl       = {https://dblp.org/rec/conf/eccv/HuangSLSW16.bib},
  bibsource    = {dblp computer science bibliography, https://dblp.org}
}

@inproceedings{swarm,
  author       = {Max Ryabinin and
                  Tim Dettmers and
                  Michael Diskin and
                  Alexander Borzunov},
  editor       = {Andreas Krause and
                  Emma Brunskill and
                  Kyunghyun Cho and
                  Barbara Engelhardt and
                  Sivan Sabato and
                  Jonathan Scarlett},
  title        = {{SWARM} Parallelism: Training Large Models Can Be Surprisingly Communication-Efficient},
  booktitle    = {International Conference on Machine Learning, {ICML} 2023, 23-29 July
                  2023, Honolulu, Hawaii, {USA}},
  series       = {Proceedings of Machine Learning Research},
  volume       = {202},
  pages        = {29416--29440},
  publisher    = {{PMLR}},
  year         = {2023},
  url          = {https://proceedings.mlr.press/v202/ryabinin23a.html},
  timestamp    = {Mon, 28 Aug 2023 17:23:08 +0200},
  biburl       = {https://dblp.org/rec/conf/icml/RyabininDDB23.bib},
  bibsource    = {dblp computer science bibliography, https://dblp.org}
}

@inproceedings{vitrob,
  author       = {Srinadh Bhojanapalli and
                  Ayan Chakrabarti and
                  Daniel Glasner and
                  Daliang Li and
                  Thomas Unterthiner and
                  Andreas Veit},
  title        = {Understanding Robustness of Transformers for Image Classification},
  booktitle    = {2021 {IEEE/CVF} International Conference on Computer Vision, {ICCV}
                  2021, Montreal, QC, Canada, October 10-17, 2021},
  pages        = {10211--10221},
  publisher    = {{IEEE}},
  year         = {2021},
  url          = {https://doi.org/10.1109/ICCV48922.2021.01007},
  doi          = {10.1109/ICCV48922.2021.01007},
  timestamp    = {Thu, 23 Jun 2022 19:55:40 +0200},
  biburl       = {https://dblp.org/rec/conf/iccv/BhojanapalliCGL21.bib},
  bibsource    = {dblp computer science bibliography, https://dblp.org}
}

@inproceedings{zb,
  author       = {Penghui Qi and
                  Xinyi Wan and
                  Guangxing Huang and
                  Min Lin},
  title        = {Zero Bubble (Almost) Pipeline Parallelism},
  booktitle    = {The Twelfth International Conference on Learning Representations,
                  {ICLR} 2024, Vienna, Austria, May 7-11, 2024},
  publisher    = {OpenReview.net},
  year         = {2024},
  url          = {https://openreview.net/forum?id=tuzTN0eIO5},
  timestamp    = {Wed, 07 Aug 2024 17:11:53 +0200},
  biburl       = {https://dblp.org/rec/conf/iclr/QiWHL24.bib},
  bibsource    = {dblp computer science bibliography, https://dblp.org}
}

