@misc {wikidump,
    author = {Wikimedia Foundation},
    title  = {Wikimedia Downloads},
    url    = {https://dumps.wikimedia.org}
}
@inproceedings{skipconnresnet,
  author       = {Andreas Veit and
                  Michael J. Wilber and
                  Serge J. Belongie},
  editor       = {Daniel D. Lee and
                  Masashi Sugiyama and
                  Ulrike von Luxburg and
                  Isabelle Guyon and
                  Roman Garnett},
  title        = {Residual Networks Behave Like Ensembles of Relatively Shallow Networks},
  booktitle    = {Advances in Neural Information Processing Systems 29: Annual Conference
                  on Neural Information Processing Systems 2016, December 5-10, 2016,
                  Barcelona, Spain},
  pages        = {550--558},
  year         = {2016},
  url          = {https://proceedings.neurips.cc/paper/2016/hash/37bc2f75bf1bcfe8450a1a41c200364c-Abstract.html},
  timestamp    = {Mon, 16 May 2022 15:41:51 +0200},
  biburl       = {https://dblp.org/rec/conf/nips/VeitWB16.bib},
  bibsource    = {dblp computer science bibliography, https://dblp.org}
}
@inproceedings{topv2,
  author       = {Xilun Chen and
                  Asish Ghoshal and
                  Yashar Mehdad and
                  Luke Zettlemoyer and
                  Sonal Gupta},
  editor       = {Bonnie Webber and
                  Trevor Cohn and
                  Yulan He and
                  Yang Liu},
  title        = {Low-Resource Domain Adaptation for Compositional Task-Oriented Semantic
                  Parsing},
  booktitle    = {Proceedings of the 2020 Conference on Empirical Methods in Natural
                  Language Processing, {EMNLP} 2020, Online, November 16-20, 2020},
  pages        = {5090--5100},
  publisher    = {Association for Computational Linguistics},
  year         = {2020},
  url          = {https://doi.org/10.18653/v1/2020.emnlp-main.413},
  doi          = {10.18653/V1/2020.EMNLP-MAIN.413},
  timestamp    = {Tue, 20 Aug 2024 07:54:43 +0200},
  biburl       = {https://dblp.org/rec/conf/emnlp/ChenGMZG20.bib},
  bibsource    = {dblp computer science bibliography, https://dblp.org}
}
@inproceedings{lora,
  author       = {Edward J. Hu and
                  Yelong Shen and
                  Phillip Wallis and
                  Zeyuan Allen{-}Zhu and
                  Yuanzhi Li and
                  Shean Wang and
                  Lu Wang and
                  Weizhu Chen},
  title        = {LoRA: Low-Rank Adaptation of Large Language Models},
  booktitle    = {The Tenth International Conference on Learning Representations, {ICLR}
                  2022, Virtual Event, April 25-29, 2022},
  publisher    = {OpenReview.net},
  year         = {2022},
  url          = {https://openreview.net/forum?id=nZeVKeeFYf9},
  timestamp    = {Sat, 20 Aug 2022 01:15:42 +0200},
  biburl       = {https://dblp.org/rec/conf/iclr/HuSWALWWC22.bib},
  bibsource    = {dblp computer science bibliography, https://dblp.org}
}
@article{llama8b,
  author       = {Abhimanyu Dubey and
                  Abhinav Jauhri and
                  Abhinav Pandey and
                  Abhishek Kadian and
                  Ahmad Al{-}Dahle and
                  Aiesha Letman and
                  Akhil Mathur and
                  Alan Schelten and
                  Amy Yang and
                  Angela Fan and
                  Anirudh Goyal and
                  Anthony Hartshorn and
                  Aobo Yang and
                  Archi Mitra and
                  Archie Sravankumar and
                  Artem Korenev and
                  Arthur Hinsvark and
                  Arun Rao and
                  Aston Zhang and
                  Aur{\'{e}}lien Rodriguez and
                  Austen Gregerson and
                  Ava Spataru and
                  Baptiste Rozi{\`{e}}re and
                  Bethany Biron and
                  Binh Tang and
                  Bobbie Chern and
                  Charlotte Caucheteux and
                  Chaya Nayak and
                  Chloe Bi and
                  Chris Marra and
                  Chris McConnell and
                  Christian Keller and
                  Christophe Touret and
                  Chunyang Wu and
                  Corinne Wong and
                  Cristian Canton Ferrer and
                  Cyrus Nikolaidis and
                  Damien Allonsius and
                  Daniel Song and
                  Danielle Pintz and
                  Danny Livshits and
                  David Esiobu and
                  Dhruv Choudhary and
                  Dhruv Mahajan and
                  Diego Garcia{-}Olano and
                  Diego Perino and
                  Dieuwke Hupkes and
                  Egor Lakomkin and
                  Ehab AlBadawy and
                  Elina Lobanova and
                  Emily Dinan and
                  Eric Michael Smith and
                  Filip Radenovic and
                  Frank Zhang and
                  Gabriel Synnaeve and
                  Gabrielle Lee and
                  Georgia Lewis Anderson and
                  Graeme Nail and
                  Gr{\'{e}}goire Mialon and
                  Guan Pang and
                  Guillem Cucurell and
                  Hailey Nguyen and
                  Hannah Korevaar and
                  Hu Xu and
                  Hugo Touvron and
                  Iliyan Zarov and
                  Imanol Arrieta Ibarra and
                  Isabel M. Kloumann and
                  Ishan Misra and
                  Ivan Evtimov and
                  Jade Copet and
                  Jaewon Lee and
                  Jan Geffert and
                  Jana Vranes and
                  Jason Park and
                  Jay Mahadeokar and
                  Jeet Shah and
                  Jelmer van der Linde and
                  Jennifer Billock and
                  Jenny Hong and
                  Jenya Lee and
                  Jeremy Fu and
                  Jianfeng Chi and
                  Jianyu Huang and
                  Jiawen Liu and
                  Jie Wang and
                  Jiecao Yu and
                  Joanna Bitton and
                  Joe Spisak and
                  Jongsoo Park and
                  Joseph Rocca and
                  Joshua Johnstun and
                  Joshua Saxe and
                  Junteng Jia and
                  Kalyan Vasuden Alwala and
                  Kartikeya Upasani and
                  Kate Plawiak and
                  Ke Li and
                  Kenneth Heafield and
                  Kevin Stone and
                  et al.},
  title        = {The Llama 3 Herd of Models},
  journal      = {CoRR},
  volume       = {abs/2407.21783},
  year         = {2024},
  url          = {https://doi.org/10.48550/arXiv.2407.21783},
  doi          = {10.48550/ARXIV.2407.21783},
  eprinttype    = {arXiv},
  eprint       = {2407.21783},
  timestamp    = {Wed, 11 Dec 2024 17:20:48 +0100},
  biburl       = {https://dblp.org/rec/journals/corr/abs-2407-21783.bib},
  bibsource    = {dblp computer science bibliography, https://dblp.org}
}
@misc{arxiv,
    title={On the Use of ArXiv as a Dataset},
    author={Colin B. Clement and Matthew Bierbaum and Kevin P. O'Keeffe and Alexander A. Alemi},
    year={2019},
    eprint={1905.00075},
    archivePrefix={arXiv},
    primaryClass={cs.IR}
}
@inproceedings{astar,
  added-at = {2012-04-03T20:50:57.000+0200},
  author = {Doran, J. and Michie, D.},
  biburl = {https://www.bibsonomy.org/bibtex/2913e6ecee840d251c4ed533495ba4561/roni.stern},
  booktitle = {Proc. of the Royal Society},
  interhash = {9f7e437a79451369b103f5b88bce371d},
  intrahash = {913e6ecee840d251c4ed533495ba4561},
  keywords = {greedy heuristic_search},
  timestamp = {2012-04-03T20:50:57.000+0200},
  title = {{Experiments with the Graph Traverser Program}},
  volume = {294 Ser. A},
  year = 1966
}


@article{TSP,
title = {The Euclidean travelling salesman problem is NP-complete},
journal = {Theoretical Computer Science},
volume = {4},
number = {3},
pages = {237-244},
year = {1977},
issn = {0304-3975},
doi = {https://doi.org/10.1016/0304-3975(77)90012-3},
url = {https://www.sciencedirect.com/science/article/pii/0304397577900123},
author = {Christos H. Papadimitriou},
abstract = {The Travelling Salesman Problem is shown to be NP-Complete even if its instances are restricted to be realizable by sets of points on the Euclidean plane.}
}
@inproceedings{draftandverify,
  author       = {Jun Zhang and
                  Jue Wang and
                  Huan Li and
                  Lidan Shou and
                  Ke Chen and
                  Gang Chen and
                  Sharad Mehrotra},
  editor       = {Lun{-}Wei Ku and
                  Andre Martins and
                  Vivek Srikumar},
  title        = {Draft{\&} Verify: Lossless Large Language Model Acceleration via
                  Self-Speculative Decoding},
  booktitle    = {Proceedings of the 62nd Annual Meeting of the Association for Computational
                  Linguistics (Volume 1: Long Papers), {ACL} 2024, Bangkok, Thailand,
                  August 11-16, 2024},
  pages        = {11263--11282},
  publisher    = {Association for Computational Linguistics},
  year         = {2024},
  url          = {https://doi.org/10.18653/v1/2024.acl-long.607},
  doi          = {10.18653/V1/2024.ACL-LONG.607},
  timestamp    = {Tue, 24 Sep 2024 10:55:48 +0200},
  biburl       = {https://dblp.org/rec/conf/acl/Zhang00S0CM24.bib},
  bibsource    = {dblp computer science bibliography, https://dblp.org}
}
@inproceedings{ooback,
  author       = {Hyungjun Oh and
                  Junyeol Lee and
                  HyeongJu Kim and
                  Jiwon Seo},
  editor       = {Y{\'{e}}rom{-}David Bromberg and
                  Anne{-}Marie Kermarrec and
                  Christos Kozyrakis},
  title        = {Out-of-order backprop: an effective scheduling technique for deep
                  learning},
  booktitle    = {EuroSys '22: Seventeenth European Conference on Computer Systems,
                  Rennes, France, April 5 - 8, 2022},
  pages        = {435--452},
  publisher    = {{ACM}},
  year         = {2022},
  url          = {https://doi.org/10.1145/3492321.3519563},
  doi          = {10.1145/3492321.3519563},
  timestamp    = {Thu, 02 Mar 2023 22:13:01 +0100},
  biburl       = {https://dblp.org/rec/conf/eurosys/OhLKS22.bib},
  bibsource    = {dblp computer science bibliography, https://dblp.org}
}

@misc{redpajama,
      title={RedPajama: an Open Dataset for Training Large Language Models}, 
      author={Maurice Weber and Daniel Fu and Quentin Anthony and Yonatan Oren and Shane Adams and Anton Alexandrov and Xiaozhong Lyu and Huu Nguyen and Xiaozhe Yao and Virginia Adams and Ben Athiwaratkun and Rahul Chalamala and Kezhen Chen and Max Ryabinin and Tri Dao and Percy Liang and Christopher Ré and Irina Rish and Ce Zhang},
      year={2024},
      eprint={2411.12372},
      archivePrefix={arXiv},
      primaryClass={cs.CL},
      url={https://arxiv.org/abs/2411.12372}, 
}

@inproceedings{SP,
  author       = {Taku Kudo and
                  John Richardson},
  editor       = {Eduardo Blanco and
                  Wei Lu},
  title        = {SentencePiece: {A} simple and language independent subword tokenizer
                  and detokenizer for Neural Text Processing},
  booktitle    = {Proceedings of the 2018 Conference on Empirical Methods in Natural
                  Language Processing, {EMNLP} 2018: System Demonstrations, Brussels,
                  Belgium, October 31 - November 4, 2018},
  pages        = {66--71},
  publisher    = {Association for Computational Linguistics},
  year         = {2018},
  url          = {https://doi.org/10.18653/v1/d18-2012},
  doi          = {10.18653/V1/D18-2012},
  timestamp    = {Fri, 06 Aug 2021 00:40:26 +0200},
  biburl       = {https://dblp.org/rec/conf/emnlp/KudoR18.bib},
  bibsource    = {dblp computer science bibliography, https://dblp.org}
}


@inproceedings{ccbs,
  author       = {Anton Andreychuk and
                  Konstantin S. Yakovlev and
                  Eli Boyarski and
                  Roni Stern},
  title        = {Improving Continuous-time Conflict Based Search},
  booktitle    = {Thirty-Fifth {AAAI} Conference on Artificial Intelligence, {AAAI}
                  2021, Thirty-Third Conference on Innovative Applications of Artificial
                  Intelligence, {IAAI} 2021, The Eleventh Symposium on Educational Advances
                  in Artificial Intelligence, {EAAI} 2021, Virtual Event, February 2-9,
                  2021},
  pages        = {11220--11227},
  publisher    = {{AAAI} Press},
  year         = {2021},
  url          = {https://doi.org/10.1609/aaai.v35i13.17338},
  doi          = {10.1609/AAAI.V35I13.17338},
  timestamp    = {Mon, 04 Sep 2023 16:50:22 +0200},
  biburl       = {https://dblp.org/rec/conf/aaai/AndreychukYBS21.bib},
  bibsource    = {dblp computer science bibliography, https://dblp.org}
}
@article{cbs,
  author       = {Guni Sharon and
                  Roni Stern and
                  Ariel Felner and
                  Nathan R. Sturtevant},
  title        = {Conflict-based search for optimal multi-agent pathfinding},
  journal      = {Artif. Intell.},
  volume       = {219},
  pages        = {40--66},
  year         = {2015},
  url          = {https://doi.org/10.1016/j.artint.2014.11.006},
  doi          = {10.1016/J.ARTINT.2014.11.006},
  timestamp    = {Sat, 19 Oct 2019 19:55:50 +0200},
  biburl       = {https://dblp.org/rec/journals/ai/SharonSFS15.bib},
  bibsource    = {dblp computer science bibliography, https://dblp.org}
}
@inproceedings{hetpipe,
  author       = {Jay H. Park and
                  Gyeongchan Yun and
                  Chang M. Yi and
                  Nguyen T. Nguyen and
                  Seungmin Lee and
                  Jaesik Choi and
                  Sam H. Noh and
                  Young{-}ri Choi},
  editor       = {Ada Gavrilovska and
                  Erez Zadok},
  title        = {HetPipe: Enabling Large {DNN} Training on (Whimpy) Heterogeneous {GPU}
                  Clusters through Integration of Pipelined Model Parallelism and Data
                  Parallelism},
  booktitle    = {Proceedings of the 2020 {USENIX} Annual Technical Conference, {USENIX}
                  {ATC} 2020, July 15-17, 2020},
  pages        = {307--321},
  publisher    = {{USENIX} Association},
  year         = {2020},
  url          = {https://www.usenix.org/conference/atc20/presentation/park},
  timestamp    = {Tue, 16 Jul 2024 09:12:32 +0200},
  biburl       = {https://dblp.org/rec/conf/usenix/ParkYYNLCNC20.bib},
  bibsource    = {dblp computer science bibliography, https://dblp.org}
}
@inproceedings{stochasticdepth,
  author       = {Gao Huang and
                  Yu Sun and
                  Zhuang Liu and
                  Daniel Sedra and
                  Kilian Q. Weinberger},
  editor       = {Bastian Leibe and
                  Jiri Matas and
                  Nicu Sebe and
                  Max Welling},
  title        = {Deep Networks with Stochastic Depth},
  booktitle    = {Computer Vision - {ECCV} 2016 - 14th European Conference, Amsterdam,
                  The Netherlands, October 11-14, 2016, Proceedings, Part {IV}},
  series       = {Lecture Notes in Computer Science},
  volume       = {9908},
  pages        = {646--661},
  publisher    = {Springer},
  year         = {2016},
  url          = {https://doi.org/10.1007/978-3-319-46493-0\_39},
  doi          = {10.1007/978-3-319-46493-0\_39},
  timestamp    = {Tue, 20 Aug 2024 16:54:05 +0200},
  biburl       = {https://dblp.org/rec/conf/eccv/HuangSLSW16.bib},
  bibsource    = {dblp computer science bibliography, https://dblp.org}
}

@inproceedings{LayerDrop,
  author       = {Angela Fan and
                  Edouard Grave and
                  Armand Joulin},
  title        = {Reducing Transformer Depth on Demand with Structured Dropout},
  booktitle    = {8th International Conference on Learning Representations, {ICLR} 2020,
                  Addis Ababa, Ethiopia, April 26-30, 2020},
  publisher    = {OpenReview.net},
  year         = {2020},
  url          = {https://openreview.net/forum?id=SylO2yStDr},
  timestamp    = {Thu, 07 May 2020 17:11:48 +0200},
  biburl       = {https://dblp.org/rec/conf/iclr/FanGJ20.bib},
  bibsource    = {dblp computer science bibliography, https://dblp.org}
}
@inproceedings{zb,
  author       = {Penghui Qi and
                  Xinyi Wan and
                  Guangxing Huang and
                  Min Lin},
  title        = {Zero Bubble (Almost) Pipeline Parallelism},
  booktitle    = {The Twelfth International Conference on Learning Representations,
                  {ICLR} 2024, Vienna, Austria, May 7-11, 2024},
  publisher    = {OpenReview.net},
  year         = {2024},
  url          = {https://openreview.net/forum?id=tuzTN0eIO5},
  timestamp    = {Wed, 07 Aug 2024 17:11:53 +0200},
  biburl       = {https://dblp.org/rec/conf/iclr/QiWHL24.bib},
  bibsource    = {dblp computer science bibliography, https://dblp.org}
}

@article{megatron,
  author       = {Mohammad Shoeybi and
                  Mostofa Patwary and
                  Raul Puri and
                  Patrick LeGresley and
                  Jared Casper and
                  Bryan Catanzaro},
  title        = {Megatron-LM: Training Multi-Billion Parameter Language Models Using
                  Model Parallelism},
  journal      = {CoRR},
  volume       = {abs/1909.08053},
  year         = {2019},
  url          = {http://arxiv.org/abs/1909.08053},
  eprinttype    = {arXiv},
  eprint       = {1909.08053},
  timestamp    = {Tue, 24 Sep 2019 11:33:51 +0200},
  biburl       = {https://dblp.org/rec/journals/corr/abs-1909-08053.bib},
  bibsource    = {dblp computer science bibliography, https://dblp.org}
}

@inproceedings{dtfm,
  author       = {Binhang Yuan and
                  Yongjun He and
                  Jared Davis and
                  Tianyi Zhang and
                  Tri Dao and
                  Beidi Chen and
                  Percy Liang and
                  Christopher R{\'{e}} and
                  Ce Zhang},
  editor       = {Sanmi Koyejo and
                  S. Mohamed and
                  A. Agarwal and
                  Danielle Belgrave and
                  K. Cho and
                  A. Oh},
  title        = {Decentralized Training of Foundation Models in Heterogeneous Environments},
  booktitle    = {Advances in Neural Information Processing Systems 35: Annual Conference
                  on Neural Information Processing Systems 2022, NeurIPS 2022, New Orleans,
                  LA, USA, November 28 - December 9, 2022},
  year         = {2022},
  url          = {http://papers.nips.cc/paper\_files/paper/2022/hash/a37d615b61f999a5fa276adb14643476-Abstract-Conference.html},
  timestamp    = {Mon, 08 Jan 2024 16:31:37 +0100},
  biburl       = {https://dblp.org/rec/conf/nips/YuanHDZDCLR022.bib},
  bibsource    = {dblp computer science bibliography, https://dblp.org}
}
@inproceedings{LayerSkip,
  author       = {Mostafa Elhoushi and
                  Akshat Shrivastava and
                  Diana Liskovich and
                  Basil Hosmer and
                  Bram Wasti and
                  Liangzhen Lai and
                  Anas Mahmoud and
                  Bilge Acun and
                  Saurabh Agarwal and
                  Ahmed Roman and
                  Ahmed A Aly and
                  Beidi Chen and
                  Carole{-}Jean Wu},
  editor       = {Lun{-}Wei Ku and
                  Andre Martins and
                  Vivek Srikumar},
  title        = {LayerSkip: Enabling Early Exit Inference and Self-Speculative Decoding},
  booktitle    = {Proceedings of the 62nd Annual Meeting of the Association for Computational
                  Linguistics (Volume 1: Long Papers), {ACL} 2024, Bangkok, Thailand,
                  August 11-16, 2024},
  pages        = {12622--12642},
  publisher    = {Association for Computational Linguistics},
  year         = {2024},
  url          = {https://doi.org/10.18653/v1/2024.acl-long.681},
  doi          = {10.18653/V1/2024.ACL-LONG.681},
  timestamp    = {Tue, 24 Sep 2024 10:55:32 +0200},
  biburl       = {https://dblp.org/rec/conf/acl/ElhoushiSLHWL0A24.bib},
  bibsource    = {dblp computer science bibliography, https://dblp.org}
}
@inproceedings{modifiedllm,
  author       = {Bobby He and
                  Thomas Hofmann},
  title        = {Simplifying Transformer Blocks},
  booktitle    = {The Twelfth International Conference on Learning Representations,
                  {ICLR} 2024, Vienna, Austria, May 7-11, 2024},
  publisher    = {OpenReview.net},
  year         = {2024},
  url          = {https://openreview.net/forum?id=RtDok9eS3s},
  timestamp    = {Wed, 07 Aug 2024 17:11:53 +0200},
  biburl       = {https://dblp.org/rec/conf/iclr/HeH24.bib},
  bibsource    = {dblp computer science bibliography, https://dblp.org}
}
@inproceedings{transformer,
  author       = {Ashish Vaswani and
                  Noam Shazeer and
                  Niki Parmar and
                  Jakob Uszkoreit and
                  Llion Jones and
                  Aidan N. Gomez and
                  Lukasz Kaiser and
                  Illia Polosukhin},
  editor       = {Isabelle Guyon and
                  Ulrike von Luxburg and
                  Samy Bengio and
                  Hanna M. Wallach and
                  Rob Fergus and
                  S. V. N. Vishwanathan and
                  Roman Garnett},
  title        = {Attention is All you Need},
  booktitle    = {Advances in Neural Information Processing Systems 30: Annual Conference
                  on Neural Information Processing Systems 2017, December 4-9, 2017,
                  Long Beach, CA, {USA}},
  pages        = {5998--6008},
  year         = {2017},
  url          = {https://proceedings.neurips.cc/paper/2017/hash/3f5ee243547dee91fbd053c1c4a845aa-Abstract.html},
  timestamp    = {Thu, 21 Jan 2021 15:15:21 +0100},
  biburl       = {https://dblp.org/rec/conf/nips/VaswaniSPUJGKP17.bib},
  bibsource    = {dblp computer science bibliography, https://dblp.org}
}

@misc{gpt,
  added-at = {2020-07-14T16:37:42.000+0200},
  author = {Radford, Alec and Narasimhan, Karthik and Salimans, Tim and Sutskever, Ilya},
  biburl = {https://www.bibsonomy.org/bibtex/273ced32c0d4588eb95b6986dc2c8147c/jonaskaiser},
  interhash = {5c343ed9a31ac52fd17a898f72af228f},
  intrahash = {73ced32c0d4588eb95b6986dc2c8147c},
  keywords = {final thema:transformer},
  timestamp = {2020-07-14T16:49:42.000+0200},
  title = {Improving language understanding by generative pre-training},
  publisher={OpenAI},
  year = 2018
}
@inproceedings{gpt3,
  author       = {Tom B. Brown and
                  Benjamin Mann and
                  Nick Ryder and
                  Melanie Subbiah and
                  Jared Kaplan and
                  Prafulla Dhariwal and
                  Arvind Neelakantan and
                  Pranav Shyam and
                  Girish Sastry and
                  Amanda Askell and
                  Sandhini Agarwal and
                  Ariel Herbert{-}Voss and
                  Gretchen Krueger and
                  Tom Henighan and
                  Rewon Child and
                  Aditya Ramesh and
                  Daniel M. Ziegler and
                  Jeffrey Wu and
                  Clemens Winter and
                  Christopher Hesse and
                  Mark Chen and
                  Eric Sigler and
                  Mateusz Litwin and
                  Scott Gray and
                  Benjamin Chess and
                  Jack Clark and
                  Christopher Berner and
                  Sam McCandlish and
                  Alec Radford and
                  Ilya Sutskever and
                  Dario Amodei},
  editor       = {Hugo Larochelle and
                  Marc'Aurelio Ranzato and
                  Raia Hadsell and
                  Maria{-}Florina Balcan and
                  Hsuan{-}Tien Lin},
  title        = {Language Models are Few-Shot Learners},
  booktitle    = {NeurIPS},
  year         = {2020},
  url          = {https://proceedings.neurips.cc/paper/2020/hash/1457c0d6bfcb4967418bfb8ac142f64a-Abstract.html},
  timestamp    = {Thu, 25 May 2023 10:38:31 +0200},
  biburl       = {https://dblp.org/rec/conf/nips/BrownMRSKDNSSAA20.bib},
  bibsource    = {dblp computer science bibliography, https://dblp.org}
}
@article{palm,
  author       = {Aakanksha Chowdhery and
                  Sharan Narang and
                  Jacob Devlin and
                  Maarten Bosma and
                  Gaurav Mishra and
                  Adam Roberts and
                  Paul Barham and
                  Hyung Won Chung and
                  Charles Sutton and
                  Sebastian Gehrmann and
                  Parker Schuh and
                  Kensen Shi and
                  Sasha Tsvyashchenko and
                  Joshua Maynez and
                  Abhishek Rao and
                  Parker Barnes and
                  Yi Tay and
                  Noam Shazeer and
                  Vinodkumar Prabhakaran and
                  Emily Reif and
                  Nan Du and
                  Ben Hutchinson and
                  Reiner Pope and
                  James Bradbury and
                  Jacob Austin and
                  Michael Isard and
                  Guy Gur{-}Ari and
                  Pengcheng Yin and
                  Toju Duke and
                  Anselm Levskaya and
                  Sanjay Ghemawat and
                  Sunipa Dev and
                  Henryk Michalewski and
                  Xavier Garcia and
                  Vedant Misra and
                  Kevin Robinson and
                  Liam Fedus and
                  Denny Zhou and
                  Daphne Ippolito and
                  David Luan and
                  Hyeontaek Lim and
                  Barret Zoph and
                  Alexander Spiridonov and
                  Ryan Sepassi and
                  David Dohan and
                  Shivani Agrawal and
                  Mark Omernick and
                  Andrew M. Dai and
                  Thanumalayan Sankaranarayana Pillai and
                  Marie Pellat and
                  Aitor Lewkowycz and
                  Erica Moreira and
                  Rewon Child and
                  Oleksandr Polozov and
                  Katherine Lee and
                  Zongwei Zhou and
                  Xuezhi Wang and
                  Brennan Saeta and
                  Mark Diaz and
                  Orhan Firat and
                  Michele Catasta and
                  Jason Wei and
                  Kathy Meier{-}Hellstern and
                  Douglas Eck and
                  Jeff Dean and
                  Slav Petrov and
                  Noah Fiedel},
  title        = {PaLM: Scaling Language Modeling with Pathways},
  journal      = {J. Mach. Learn. Res.},
  volume       = {24},
  pages        = {240:1--240:113},
  year         = {2023},
  url          = {http://jmlr.org/papers/v24/22-1144.html},
  timestamp    = {Thu, 19 Oct 2023 09:44:46 +0200},
  biburl       = {https://dblp.org/rec/journals/jmlr/ChowdheryNDBMRBCSGSSTMRBTSPRDHPBAI23.bib},
  bibsource    = {dblp computer science bibliography, https://dblp.org}
}


@inproceedings{BERT,
  author       = {Jacob Devlin and
                  Ming{-}Wei Chang and
                  Kenton Lee and
                  Kristina Toutanova},
  editor       = {Jill Burstein and
                  Christy Doran and
                  Thamar Solorio},
  title        = {{BERT:} Pre-training of Deep Bidirectional Transformers for Language
                  Understanding},
  booktitle    = {Proceedings of the 2019 Conference of the North American Chapter of
                  the Association for Computational Linguistics: Human Language Technologies,
                  {NAACL-HLT} 2019, Minneapolis, MN, USA, June 2-7, 2019, Volume 1 (Long
                  and Short Papers)},
  pages        = {4171--4186},
  publisher    = {Association for Computational Linguistics},
  year         = {2019},
  url          = {https://doi.org/10.18653/v1/n19-1423},
  doi          = {10.18653/V1/N19-1423},
  timestamp    = {Mon, 26 Sep 2022 12:21:55 +0200},
  biburl       = {https://dblp.org/rec/conf/naacl/DevlinCLT19.bib},
  bibsource    = {dblp computer science bibliography, https://dblp.org}
}


@article{llama,
  author       = {Hugo Touvron and
                  Thibaut Lavril and
                  Gautier Izacard and
                  Xavier Martinet and
                  Marie{-}Anne Lachaux and
                  Timoth{\'{e}}e Lacroix and
                  Baptiste Rozi{\`{e}}re and
                  Naman Goyal and
                  Eric Hambro and
                  Faisal Azhar and
                  Aur{\'{e}}lien Rodriguez and
                  Armand Joulin and
                  Edouard Grave and
                  Guillaume Lample},
  title        = {LLaMA: Open and Efficient Foundation Language Models},
  journal      = {CoRR},
  volume       = {abs/2302.13971},
  year         = {2023},
  url          = {https://doi.org/10.48550/arXiv.2302.13971},
  doi          = {10.48550/ARXIV.2302.13971},
  eprinttype    = {arXiv},
  eprint       = {2302.13971},
  timestamp    = {Mon, 28 Aug 2023 21:26:20 +0200},
  biburl       = {https://dblp.org/rec/journals/corr/abs-2302-13971.bib},
  bibsource    = {dblp computer science bibliography, https://dblp.org}
}


@inproceedings{VIT,
  author       = {Alexey Dosovitskiy and
                  Lucas Beyer and
                  Alexander Kolesnikov and
                  Dirk Weissenborn and
                  Xiaohua Zhai and
                  Thomas Unterthiner and
                  Mostafa Dehghani and
                  Matthias Minderer and
                  Georg Heigold and
                  Sylvain Gelly and
                  Jakob Uszkoreit and
                  Neil Houlsby},
  title        = {An Image is Worth 16x16 Words: Transformers for Image Recognition
                  at Scale},
  booktitle    = {9th International Conference on Learning Representations, {ICLR} 2021,
                  Virtual Event, Austria, May 3-7, 2021},
  publisher    = {OpenReview.net},
  year         = {2021},
  url          = {https://openreview.net/forum?id=YicbFdNTTy},
  timestamp    = {Wed, 23 Jun 2021 17:36:39 +0200},
  biburl       = {https://dblp.org/rec/conf/iclr/DosovitskiyB0WZ21.bib},
  bibsource    = {dblp computer science bibliography, https://dblp.org}
}


@inproceedings{translation,
  author       = {David Vilar and
                  Markus Freitag and
                  Colin Cherry and
                  Jiaming Luo and
                  Viresh Ratnakar and
                  George F. Foster},
  editor       = {Anna Rogers and
                  Jordan L. Boyd{-}Graber and
                  Naoaki Okazaki},
  title        = {Prompting PaLM for Translation: Assessing Strategies and Performance},
  booktitle    = {Proceedings of the 61st Annual Meeting of the Association for Computational
                  Linguistics (Volume 1: Long Papers), {ACL} 2023, Toronto, Canada,
                  July 9-14, 2023},
  pages        = {15406--15427},
  publisher    = {Association for Computational Linguistics},
  year         = {2023},
  url          = {https://doi.org/10.18653/v1/2023.acl-long.859},
  doi          = {10.18653/V1/2023.ACL-LONG.859},
  timestamp    = {Thu, 10 Aug 2023 12:36:03 +0200},
  biburl       = {https://dblp.org/rec/conf/acl/VilarFCLRF23.bib},
  bibsource    = {dblp computer science bibliography, https://dblp.org}
}
@inproceedings{swarm,
  author       = {Max Ryabinin and
                  Tim Dettmers and
                  Michael Diskin and
                  Alexander Borzunov},
  editor       = {Andreas Krause and
                  Emma Brunskill and
                  Kyunghyun Cho and
                  Barbara Engelhardt and
                  Sivan Sabato and
                  Jonathan Scarlett},
  title        = {{SWARM} Parallelism: Training Large Models Can Be Surprisingly Communication-Efficient},
  booktitle    = {International Conference on Machine Learning, {ICML} 2023, 23-29 July
                  2023, Honolulu, Hawaii, {USA}},
  series       = {Proceedings of Machine Learning Research},
  volume       = {202},
  pages        = {29416--29440},
  publisher    = {{PMLR}},
  year         = {2023},
  url          = {https://proceedings.mlr.press/v202/ryabinin23a.html},
  timestamp    = {Mon, 28 Aug 2023 17:23:08 +0200},
  biburl       = {https://dblp.org/rec/conf/icml/RyabininDDB23.bib},
  bibsource    = {dblp computer science bibliography, https://dblp.org}
}
@inproceedings{vitrob,
  author       = {Srinadh Bhojanapalli and
                  Ayan Chakrabarti and
                  Daniel Glasner and
                  Daliang Li and
                  Thomas Unterthiner and
                  Andreas Veit},
  title        = {Understanding Robustness of Transformers for Image Classification},
  booktitle    = {2021 {IEEE/CVF} International Conference on Computer Vision, {ICCV}
                  2021, Montreal, QC, Canada, October 10-17, 2021},
  pages        = {10211--10221},
  publisher    = {{IEEE}},
  year         = {2021},
  url          = {https://doi.org/10.1109/ICCV48922.2021.01007},
  doi          = {10.1109/ICCV48922.2021.01007},
  timestamp    = {Thu, 23 Jun 2022 19:55:40 +0200},
  biburl       = {https://dblp.org/rec/conf/iccv/BhojanapalliCGL21.bib},
  bibsource    = {dblp computer science bibliography, https://dblp.org}
}

@inproceedings{byzantinebroadcast,
  author       = {Silvia Bonomi and
                  J{\'{e}}r{\'{e}}mie Decouchant and
                  Giovanni Farina and
                  Vincent Rahli and
                  S{\'{e}}bastien Tixeuil},
  title        = {Practical Byzantine Reliable Broadcast on Partially Connected Networks},
  booktitle    = {41st {IEEE} International Conference on Distributed Computing Systems,
                  {ICDCS} 2021, Washington DC, USA, July 7-10, 2021},
  pages        = {506--516},
  publisher    = {{IEEE}},
  year         = {2021},
  url          = {https://doi.org/10.1109/ICDCS51616.2021.00055},
  doi          = {10.1109/ICDCS51616.2021.00055},
  timestamp    = {Tue, 07 May 2024 20:07:22 +0200},
  biburl       = {https://dblp.org/rec/conf/icdcs/BonomiDFRT21.bib},
  bibsource    = {dblp computer science bibliography, https://dblp.org}
}

@article{demo,
  title={Decoupled Momentum Optimization},
  author={Peng, Bowen and Quesnelle, Jeffrey and Kingma, Diederik P},
  journal={arXiv preprint arXiv:2411.19870},
  year={2024}
}

@article{diloco,
  author       = {Arthur Douillard and
                  Qixuang Feng and
                  Andrei A. Rusu and
                  Rachita Chhaparia and
                  Yani Donchev and
                  Adhiguna Kuncoro and
                  Marc'Aurelio Ranzato and
                  Arthur Szlam and
                  Jiajun Shen},
  title        = {DiLoCo: Distributed Low-Communication Training of Language Models},
  journal      = {CoRR},
  volume       = {abs/2311.08105},
  year         = {2023}
}

@article{opendiloco,
  author       = {Sami Jaghouar and
                  Jack Min Ong and
                  Johannes Hagemann},
  title        = {OpenDiLoCo: An Open-Source Framework for Globally Distributed Low-Communication
                  Training},
  journal      = {CoRR},
  volume       = {abs/2407.07852},
  year         = {2024}
}

@inproceedings{metis,
  author       = {Taegeon Um and
                  Byungsoo Oh and
                  Minyoung Kang and
                  Woo{-}Yeon Lee and
                  Goeun Kim and
                  Dongseob Kim and
                  Youngtaek Kim and
                  Mohd Muzzammil and
                  Myeongjae Jeon},
  title        = {Metis: Fast Automatic Distributed Training on Heterogeneous GPUs},
  booktitle    = {{USENIX} {ATC}},
  pages        = {563--578},
  publisher    = {{USENIX} Association},
  year         = {2024}
}

@article{flashflex,
  author       = {Ran Yan and
                  Youhe Jiang and
                  Wangcheng Tao and
                  Xiaonan Nie and
                  Bin Cui and
                  Binhang Yuan},
  title        = {FlashFlex: Accommodating Large Language Model Training over Heterogeneous
                  Environment},
  journal      = {CoRR},
  volume       = {abs/2409.01143},
  year         = {2024}
}

@article{pipedream,
  author       = {Aaron Harlap and
                  Deepak Narayanan and
                  Amar Phanishayee and
                  Vivek Seshadri and
                  Nikhil R. Devanur and
                  Gregory R. Ganger and
                  Phillip B. Gibbons},
  title        = {PipeDream: Fast and Efficient Pipeline Parallel {DNN} Training},
  journal      = {CoRR},
  volume       = {abs/1806.03377},
  year         = {2018}
}

@inproceedings{gpipe,
  author       = {Yanping Huang and
                  Youlong Cheng and
                  Ankur Bapna and
                  Orhan Firat and
                  Dehao Chen and
                  Mia Xu Chen and
                  HyoukJoong Lee and
                  Jiquan Ngiam and
                  Quoc V. Le and
                  Yonghui Wu and
                  Zhifeng Chen},
  title        = {GPipe: Efficient Training of Giant Neural Networks using Pipeline
                  Parallelism},
  booktitle    = {NeurIPS},
  pages        = {103--112},
  year         = {2019}
}