@inproceedings{GraphVAE,
title={{GraphVAE}: Towards generation of small graphs using variational autoencoders},
author={Martin Simonovsky and Nikos Komodakis},
booktitle={International Conference on Artificial Neural Networks},
year={2018},
pages={412-422}
}

@ARTICLE{Jombart2017-qw,
title = "{TREESPACE}: Statistical exploration of landscapes of phylogenetic trees",
author = "Jombart, Thibaut and Kendall, Michelle and Almagro-Garcia, Jacob and Colijn, Caroline",
journal = "Mol. Ecol. Resour.",
volume =  17,
number =  6,
pages = "1385--1392",
month =  nov,
year =  2017,
url = "http://dx.doi.org/10.1111/1755-0998.12676",
language = "en",
issn = "1755-098X, 1755-0998",
pmid = "28374552",
doi = "10.1111/1755-0998.12676",
pmc = "PMC5724650"
}

@inproceedings{Vikram2018loracs,
  title={The LORACs prior for VAEs: Letting the Trees Speak for the Data},
  author={Sharad Vikram and Matthew D. Hoffman and Matthew J. Johnson},
  booktitle={International Conference on Artificial Intelligence and Statistics},
  year={2018}
}

@INPROCEEDINGS{amenta2002,
  author={Amenta, N. and Klingner, J.},
  booktitle={IEEE Symposium on Information Visualization, 2002. INFOVIS 2002.}, 
  title={Case study: visualizing sets of evolutionary trees}, 
  year={2002},
  volume={},
  number={},
  pages={71-74},
  keywords={Computer aided software engineering;Biology computing;Phylogeny;Organisms;Systematics;Evolution (biology);Sequences;Data visualization;Topology;DNA},
  doi={10.1109/INFVIS.2002.1173150}}

@inproceedings{gu2018nonar,
  title={Non-autoregressive neural machine translation},
  author={Gu, Jiatao and Bradbury, James and Xiong, Caiming and Li, Victor OK and Socher, Richard},
  booktitle={International Conference on Learning Representations},
  year={2018}
}

@article{hillis2005analysis,
  title={Analysis and visualization of tree space},
  author={Hillis, David M and Heath, Tracy A and John, Katherine St},
  journal={Systematic Biology},
  volume={54},
  number={3},
  pages={471--482},
  year={2005},
  publisher={Society of Systematic Zoology}
}

@inproceedings{kaiser2018fast,
  title={Fast decoding in sequence models using discrete latent variables},
  author={Kaiser, Lukasz and Bengio, Samy and Roy, Aurko and Vaswani, Ashish and Parmar, Niki and Uszkoreit, Jakob and Shazeer, Noam},
  booktitle={International Conference on Machine Learning},
  pages={2390--2399},
  year={2018},
  organization={PMLR}
}

@article{kipf2016VGAE,
  title={Variational graph auto-encoders},
  author={Kipf, Thomas N and Welling, Max},
  journal={arXiv preprint arXiv:1611.07308},
  year={2016}
}

@article{ma2019flowseq,
  title={Flowseq: Non-autoregressive conditional sequence generation with generative flow},
  author={Ma, Xuezhe and Zhou, Chunting and Li, Xian and Neubig, Graham and Hovy, Eduard},
  journal={arXiv preprint arXiv:1909.02480},
  year={2019}
}

@article{penn2023phylo2vec,
    author = {Penn, Matthew J and Scheidwasser, Neil and Khurana, Mark P and DuchÃªne, David A and Donnelly, Christl A and Bhatt, Samir},
    title = {{Phylo2Vec}: A Vector Representation for Binary Trees},
    journal = {Systematic Biology},
    pages = {syae030},
    year = {2024},
    month = {06},
    issn = {1063-5157},
    doi = {10.1093/sysbio/syae030},
    url = {https://doi.org/10.1093/sysbio/syae030},
    eprint = {https://academic.oup.com/sysbio/advance-article-pdf/doi/10.1093/sysbio/syae030/58349500/syae030.pdf},
}

@article{winter2021permutation,
  title={Permutation-invariant variational autoencoder for graph-level representation learning},
  author={Winter, Robin and No{\'e}, Frank and Clevert, Djork-Arn{\'e}},
  journal={Advances in Neural Information Processing Systems},
  volume={34},
  pages={9559--9573},
  year={2021}
}

@article{zahirnia2022micro,
  title={Micro and macro level graph modeling for graph variational auto-encoders},
  author={Zahirnia, Kiarash and Schulte, Oliver and Naddaf, Parmis and Li, Ke},
  journal={Advances in Neural Information Processing Systems},
  volume={35},
  pages={30347--30361},
  year={2022}
}

