@INPROCEEDINGS{amenta2002,
  author={Amenta, N. and Klingner, J.},
  booktitle={IEEE Symposium on Information Visualization, 2002. INFOVIS 2002.}, 
  title={Case study: visualizing sets of evolutionary trees}, 
  year={2002},
  volume={},
  number={},
  pages={71-74},
  keywords={Computer aided software engineering;Biology computing;Phylogeny;Organisms;Systematics;Evolution (biology);Sequences;Data visualization;Topology;DNA},
  doi={10.1109/INFVIS.2002.1173150}}

@ARTICLE{Jombart2017-qw,
title = "{TREESPACE}: Statistical exploration of landscapes of phylogenetic trees",
author = "Jombart, Thibaut and Kendall, Michelle and Almagro-Garcia, Jacob and Colijn, Caroline",
journal = "Mol. Ecol. Resour.",
volume =  17,
number =  6,
pages = "1385--1392",
month =  nov,
year =  2017,
url = "http://dx.doi.org/10.1111/1755-0998.12676",
language = "en",
issn = "1755-098X, 1755-0998",
pmid = "28374552",
doi = "10.1111/1755-0998.12676",
pmc = "PMC5724650"
}

@ARTICLE{Maddison1991-tc,
title = "The Discovery and Importance of Multiple Islands of {Most-Parsimonious} Trees",
author = "Maddison, David R",
journal = "Syst. Zool.",
publisher = "Taylor \& Francis, Ltd. for the Society of Systematic Biologists",
volume =  40,
number =  3,
pages = "315--328",
month =  sep,
year =  1991,
url = "http://www.jstor.org/stable/2992325",
issn = "0039-7989",
doi = "10.2307/2992325"
}


@article{Zhang2018SBN,
  title={Generalizing tree probability estimation via {B}ayesian networks},
  author={Zhang, Cheng and Matsen IV, Frederick A},
  journal={Advances in Neural Information Processing Systems},
  volume={31},
  year={2018}
}

@inproceedings{Zhang2019VBPI,
  title={Variational {Bayesian} Phylogenetic Inference},
  author = {Zhang, Cheng and Matsen IV, Frederick A},
  booktitle={International Conference on Learning Representations},
  year={2019}
}

@article{felsenstein1985bootstrap,
  title={Confidence limits on phylogenies: an approach using the bootstrap},
  author={Felsenstein, Joseph},
  journal={Evolution},
  volume={39},
  number={4},
  pages={783--791},
  year={1985},
  publisher={Blackwell Publishing Inc Malden, USA}
}

@inproceedings{
manduchi2023treevae,
title={Tree Variational Autoencoders},
author={Laura Manduchi and Moritz Vandenhirtz and Alain Ryser and Julia E Vogt},
booktitle={Thirty-seventh Conference on Neural Information Processing Systems},
year={2023},
}

@inproceedings{Zhang2020VBPINF,
  title={Improved Variational {Bayesian} Phylogenetic Inference with Normalizing Flows},
  author={Cheng Zhang},
  booktitle={Neural Information Processing Systems},
  year={2020}
}

@inproceedings{Zhang2023VBPIGNN,
  title={Learnable Topological Features For Phylogenetic Inference via Graph Neural Networks},
  author={Cheng Zhang},
  booktitle={International Conference on Learning Representations},
  year={2023}
}

@book{felsenstein2004inferring,
  title={Inferring Phylogenies},
  author={Felsenstein, Joseph},
  edition={2},
  year={2004},
  publisher={Sinauer associates}
}

@article{Minh2013UltrafastAF,
  title={Ultrafast Approximation for Phylogenetic Bootstrap},
  author={Bui Quang Minh and Minh Anh Nguyen and Arndt von Haeseler},
  journal={Molecular Biology and Evolution},
  year={2013},
  volume={30},
  pages={1188 - 1195}
}

@inproceedings{burda2016IWAE,
  author       = {Yuri Burda and
                  Roger B. Grosse and
                  Ruslan Salakhutdinov},
  title        = {Importance Weighted Autoencoders},
  booktitle    = {International Conference on Learning Representations},
  year         = {2016},
}

@article{kipf2016VGAE,
  title={Variational graph auto-encoders},
  author={Kipf, Thomas N and Welling, Max},
  journal={arXiv preprint arXiv:1611.07308},
  year={2016}
}

@article{winter2021permutation,
  title={Permutation-invariant variational autoencoder for graph-level representation learning},
  author={Winter, Robin and No{\'e}, Frank and Clevert, Djork-Arn{\'e}},
  journal={Advances in Neural Information Processing Systems},
  volume={34},
  pages={9559--9573},
  year={2021}
}

@article{murphy2001,
author = {William J. Murphy  and Eduardo Eizirik  and Stephen J. O'Brien  and Ole Madsen  and Mark Scally  and Christophe J. Douady  and Emma Teeling  and Oliver A. Ryder  and Michael J. Stanhope  and Wilfried W. de Jong  and Mark S. Springer },
title = {Resolution of the Early Placental Mammal Radiation Using {Bayesian} Phylogenetics},
journal = {Science},
volume = {294},
number = {5550},
pages = {2348-2351},
year = {2001},
doi = {10.1126/science.1067179}}

@article{drummond2007beast,
  title={{BEAST}: Bayesian evolutionary analysis by sampling trees},
  author={Drummond, Alexei J and Rambaut, Andrew},
  journal={BMC Evolutionary Biology},
  volume={7},
  pages={1--8},
  year={2007},
  publisher={Springer}
}

@ARTICLE{Suchard2018-eo,
title = "Bayesian phylogenetic and phylodynamic data integration using {BEAST} 1.10",
author = "Suchard, Marc A and Lemey, Philippe and Baele, Guy and Ayres, Daniel L and Drummond, Alexei J and Rambaut, Andrew",
journal = "Virus Evol",
publisher = "academic.oup.com",
volume =  4,
number =  1,
pages = "vey016",
month =  jan,
year =  2018,
url = "http://dx.doi.org/10.1093/ve/vey016",
language = "en",
issn = "2057-1577",
pmid = "29942656",
doi = "10.1093/ve/vey016",
pmc = "PMC6007674"
}


@article{robinson1981comparison,
  title={Comparison of phylogenetic trees},
  author={Robinson, David F and Foulds, Leslie R},
  journal={Mathematical Biosciences},
  volume={53},
  number={1-2},
  pages={131--147},
  year={1981},
}

@article{penn2023phylo2vec,
    author = {Penn, Matthew J and Scheidwasser, Neil and Khurana, Mark P and DuchÃªne, David A and Donnelly, Christl A and Bhatt, Samir},
    title = {{Phylo2Vec}: A Vector Representation for Binary Trees},
    journal = {Systematic Biology},
    pages = {syae030},
    year = {2024},
    month = {06},
    issn = {1063-5157},
    doi = {10.1093/sysbio/syae030},
    url = {https://doi.org/10.1093/sysbio/syae030},
    eprint = {https://academic.oup.com/sysbio/advance-article-pdf/doi/10.1093/sysbio/syae030/58349500/syae030.pdf},
}


@inproceedings{Du2021crossentropy,
  title = 	 {Order-Agnostic Cross Entropy for Non-Autoregressive Machine Translation},
  author =       {Du, Cunxiao and Tu, Zhaopeng and Jiang, Jing},
  booktitle = 	 {International Conference on Machine Learning},
  pages = 	 {2849--2859},
  year = 	 {2021},
  volume = 	 {139},
organization={PMLR}
}

@inproceedings{ghazvininejad2020aligned,
  title={Aligned cross entropy for non-autoregressive machine translation},
  author={Ghazvininejad, Marjan and Karpukhin, Vladimir and Zettlemoyer, Luke and Levy, Omer},
  booktitle={International Conference on Machine Learning},
  pages={3515--3523},
  year={2020},
  organization={PMLR}
}

@inproceedings{zhao2024conditional,
  title={Conditional variational autoencoder for sign language translation with cross-modal alignment},
  author={Zhao, Rui and Zhang, Liang and Fu, Biao and Hu, Cong and Su, Jinsong and Chen, Yidong},
  booktitle={Proceedings of the AAAI Conference on Artificial Intelligence},
  volume={38},
  pages={19643--19651},
  year={2024}
}

@inproceedings{shu2020latent,
  title={Latent-variable non-autoregressive neural machine translation with deterministic inference using a delta posterior},
  author={Shu, Raphael and Lee, Jason and Nakayama, Hideki and Cho, Kyunghyun},
  booktitle={Proceedings of the aaai conference on artificial intelligence},
  volume={34},
  pages={8846--8853},
  year={2020}
}

@inproceedings{bao2022latent,
  title={latent-GLAT: Glancing at latent variables for parallel text generation},
  author={Bao, Yu and Zhou, Hao and Huang, Shujian and Wang, Dongqi and Qian, Lihua and Dai, Xinyu and Chen, Jiajun and Li, Lei},
  booktitle={Proceedings of the 60th Annual Meeting of the Association for Computational Linguistics (Volume 1: Long Papers)},
  pages={8398--8409},
  year={2022}
}
@inproceedings{gu2018nonar,
  title={Non-autoregressive neural machine translation},
  author={Gu, Jiatao and Bradbury, James and Xiong, Caiming and Li, Victor OK and Socher, Richard},
  booktitle={International Conference on Learning Representations},
  year={2018}
}

@article{ma2019flowseq,
  title={Flowseq: Non-autoregressive conditional sequence generation with generative flow},
  author={Ma, Xuezhe and Zhou, Chunting and Li, Xian and Neubig, Graham and Hovy, Eduard},
  journal={arXiv preprint arXiv:1909.02480},
  year={2019}
}

@inproceedings{kaiser2018fast,
  title={Fast decoding in sequence models using discrete latent variables},
  author={Kaiser, Lukasz and Bengio, Samy and Roy, Aurko and Vaswani, Ashish and Parmar, Niki and Uszkoreit, Jakob and Shazeer, Noam},
  booktitle={International Conference on Machine Learning},
  pages={2390--2399},
  year={2018},
  organization={PMLR}
}

@inproceedings{sun2020emnonar,
  title={An {EM} approach to non-autoregressive conditional sequence generation},
  author={Sun, Zhiqing and Yang, Yiming},
  booktitle={International Conference on Machine Learning},
  pages={9249--9258},
  year={2020},
  organization={PMLR}
}

@article{viana2023rabies,
  title={Effects of culling vampire bats on the spatial spread and spillover of rabies virus},
  author={Viana, Mafalda and Benavides, Julio A and Broos, Alice and Iba{\~n}ez Loayza, Darcy and Ni{\~n}o, Ruby and Bone, Jordan and da Silva Filipe, Ana and Orton, Richard and Valderrama Bazan, William and Matthiopoulos, Jason and others},
  journal={Science Advances},
  volume={9},
  number={10},
  pages={eadd7437},
  year={2023},
  publisher={American Association for the Advancement of Science}
}

@article{st2017shape,
  title={The shape of phylogenetic treespace},
  author={St. John, Katherine},
  journal={Systematic Biology},
  volume={66},
  number={1},
  pages={e83--e94},
  year={2017},
  publisher={Oxford University Press}
}

@article{Kingma2019VAEreview,
  title={An Introduction to Variational Autoencoders},
  author={Diederik P Kingma and Max Welling},
  journal={ArXiv},
  year={2019},
  volume={abs/1906.02691},
}

@article{bowman2015generating,
  title={Generating sentences from a continuous space},
  author={Bowman, Samuel R and Vilnis, Luke and Vinyals, Oriol and Dai, Andrew M and Jozefowicz, Rafal and Bengio, Samy},
  journal={arXiv preprint arXiv:1511.06349},
  year={2015}
}

@article{liu2022analyzing,
  title={Analyzing phylogenetic trees with a tree lattice coordinate system and a graph polynomial},
  author={Liu, Pengyu and Biller, Priscila and Gould, Matthew and Colijn, Caroline},
  journal={Systematic Biology},
  volume={71},
  number={6},
  pages={1378--1390},
  year={2022},
  publisher={Oxford University Press}
}

@inproceedings{ramesh2021zero,
  title={Zero-shot text-to-image generation},
  author={Ramesh, Aditya and Pavlov, Mikhail and Goh, Gabriel and Gray, Scott and Voss, Chelsea and Radford, Alec and Chen, Mark and Sutskever, Ilya},
  booktitle={International conference on machine learning},
  pages={8821--8831},
  year={2021},
  organization={Pmlr}
}

@article{gomez2018automatic,
  title={Automatic chemical design using a data-driven continuous representation of molecules},
  author={G{\'o}mez-Bombarelli, Rafael and Wei, Jennifer N and Duvenaud, David and Hern{\'a}ndez-Lobato, Jos{\'e} Miguel and S{\'a}nchez-Lengeling, Benjam{\'\i}n and Sheberla, Dennis and Aguilera-Iparraguirre, Jorge and Hirzel, Timothy D and Adams, Ryan P and Aspuru-Guzik, Al{\'a}n},
  journal={ACS central science},
  volume={4},
  number={2},
  pages={268--276},
  year={2018},
  publisher={ACS Publications}
}

@article{kuhner2015practical,
  title={Practical performance of tree comparison metrics},
  author={Kuhner, Mary K and Yamato, Jon},
  journal={Systematic Biology},
  volume={64},
  number={2},
  pages={205--214},
  year={2015},
  publisher={Oxford University Press}
}

@article{heled2013mcc,
  title={Looking for trees in the forest: summary tree from posterior samples},
  author={Heled, Joseph and Bouckaert, Remco R},
  journal={BMC Evolutionary Biology},
  volume={13},
  pages={1--11},
  year={2013},
  publisher={Springer}
}

@article{kendall2016mapping,
  title={Mapping phylogenetic trees to reveal distinct patterns of evolution},
  author={Kendall, Michelle and Colijn, Caroline},
  journal={Molecular Biology and Evolution},
  volume={33},
  number={10},
  pages={2735--2743},
  year={2016},
  publisher={Oxford University Press}
}

@article{kayondo2021employing,
  title={Employing phylogenetic tree shape statistics to resolve the underlying host population structure},
  author={Kayondo, Hassan W and Ssekagiri, Alfred and Nabakooza, Grace and Bbosa, Nicholas and Ssemwanga, Deogratius and Kaleebu, Pontiano and Mwalili, Samuel and Mango, John M and Leigh Brown, Andrew J and Saenz, Roberto A and others},
  journal={BMC Bioinformatics},
  volume={22},
  pages={1--20},
  year={2021},
  publisher={Springer}
}

@article{wright2017fossil,
  title={Bayesian estimation of fossil phylogenies and the evolution of early to middle {P}aleozoic crinoids ({E}chinodermata)},
  author={Wright, David F},
  journal={Journal of Paleontology},
  volume={91},
  number={4},
  pages={799--814},
  year={2017},
  publisher={Cambridge University Press}
}

@article{steel1993pathdifference,
  title={Distributions of tree comparison metricsâsome new results},
  author={Steel, Mike A and Penny, David},
  journal={Systematic Biology},
  volume={42},
  number={2},
  pages={126--141},
  year={1993},
}

@article{hillis2005analysis,
  title={Analysis and visualization of tree space},
  author={Hillis, David M and Heath, Tracy A and John, Katherine St},
  journal={Systematic Biology},
  volume={54},
  number={3},
  pages={471--482},
  year={2005},
  publisher={Society of Systematic Zoology}
}

@article{li2015gated,
  title={Gated graph sequence neural networks},
  author={Li, Yujia and Tarlow, Daniel and Brockschmidt, Marc and Zemel, Richard},
  journal={arXiv preprint arXiv:1511.05493},
  year={2015}
}

@article{Brown2005primates,
  title={Mitochondrial {DNA} sequences of primates: Tempo and mode of evolution},
  author={Wesley M. Brown and Ellen M. Prager and Alice Wang and Allan Charles Wilson},
  journal={Journal of Molecular Evolution},
  year={2005},
  volume={18},
  pages={225-239},
}

@inproceedings{You2018GraphRNNGR,
  title={{GraphRNN}: Generating Realistic Graphs with Deep Auto-regressive Models},
  author={Jiaxuan You and Rex Ying and Xiang Ren and William L. Hamilton and Jure Leskovec},
  booktitle={International Conference on Machine Learning},
  year={2018}
}

@article{Liao2019EfficientGG,
  title={Efficient Graph Generation with Graph Recurrent Attention Networks},
  author={Renjie Liao and Yujia Li and Yang Song and Shenlong Wang and Charlie Nash and William L. Hamilton and David Kristjanson Duvenaud and Raquel Urtasun and Richard S. Zemel},
  journal={ArXiv},
  year={2019},
  volume={abs/1910.00760}
}

@article{Jin2018JunctionTV,
  title={Junction Tree Variational Autoencoder for Molecular Graph Generation},
  author={Wengong Jin and Regina Barzilay and T. Jaakkola},
  journal={ArXiv},
  year={2018},
  volume={abs/1802.04364}
}

@article{Gilmer2017NeuralMP,
  title={Neural Message Passing for Quantum Chemistry},
  author={Justin Gilmer and Samuel S. Schoenholz and Patrick F. Riley and Oriol Vinyals and George E. Dahl},
  journal={ArXiv},
  year={2017},
  volume={abs/1704.01212}
}

@article{jukes1969evolution,
  title={Evolution of Protein Molecules},
  author={Jukes, Thomas H and Cantor, Charles R and others},
  journal={Mammalian protein metabolism},
  volume={3},
  pages={21--132},
  year={1969}
}

@article{Huelsenbeck2001BayesianIO,
  title={{Bayesian} Inference of Phylogeny and Its Impact on Evolutionary Biology},
  author={John P. Huelsenbeck and Fredrik Ronquist and Rasmus Nielsen and Jonathan P. Bollback},
  journal={Science},
  year={2001},
  volume={294},
  pages={2310 - 2314}
}

@article{Attwood2022PhylogeneticAP,
  title={Phylogenetic and Phylodynamic Approaches to Understanding and Combating the Early {SARS-CoV-2} Pandemic},
  author={Stephen W. Attwood and Sarah C. Hill and David M. Aanensen and Thomas R. Connor and Oliver G. Pybus},
  journal={Nature Reviews. Genetics},
  year={2022},
  volume={23},
  pages={547 - 562}
}

@article{Larget1999MarkovCM,
  title={{Markov} Chain {Monte} {Carlo} Algorithms for the {Bayesian} Analysis of Phylogenetic Trees},
  author={Bret R. Larget and D. L. Simon},
  journal={Molecular Biology and Evolution},
  year={1999},
  volume={16},
  pages={750-750}
}

@article{yang1997bayesian,
  title={{Bayesian} Phylogenetic Inference Using {DNA} Sequences: a {Markov} Chain {Monte} {Carlo} Method},
  author={Yang, Ziheng and Rannala, Bruce},
  journal={Molecular Biology and Evolution},
  volume={14},
  number={7},
  pages={717--724},
  year={1997}
}

@article{swofford2003paup,
  title={{PAUP*}: Phylogenetic Analysis Using Parsimony. Version 4},
    author={David Swofford},
  journal={http://paup. csit. fsu. edu/},
  year={2003}
}

@article{yun2019gtn,
  title={Graph transformer networks},
  author={Yun, Seongjun and Jeong, Minbyul and Kim, Raehyun and Kang, Jaewoo and Kim, Hyunwoo J},
  journal={Advances in Neural Information Processing Systems},
  volume={32},
  year={2019}
}

@inproceedings{
ying2021graphtransformer,
title={Do Transformers Really Perform Badly for Graph Representation?},
author={Chengxuan Ying and Tianle Cai and Shengjie Luo and Shuxin Zheng and Guolin Ke and Di He and Yanming Shen and Tie-Yan Liu},
booktitle={Advances in Neural Information Processing Systems},
year={2021},
}

@article{rampavsek2022recipe,
  title={Recipe for a general, powerful, scalable graph transformer},
  author={Ramp{\'a}{\v{s}}ek, Ladislav and Galkin, Michael and Dwivedi, Vijay Prakash and Luu, Anh Tuan and Wolf, Guy and Beaini, Dominique},
  journal={Advances in Neural Information Processing Systems},
  volume={35},
  pages={14501--14515},
  year={2022}
}

@inproceedings{Mnih2016vimco,
  title={Variational Inference for Monte Carlo Objectives},
  author={Andriy Mnih and Danilo Jimenez Rezende},
  booktitle={International Conference on Machine Learning},
  year={2016}
}

@inproceedings{vaswani2017attention,
  title={Attention is All You Need},
  author={Vaswani, Ashish and Shazeer, Noam and Parmar, Niki and Uszkoreit, Jakob and Jones, Llion and Gomez, Aidan N and Kaiser, {\L}ukasz and Polosukhin, Illia},
  booktitle={Advances in Neural Information Processing Systems},
  volume={30},
  year={2017}
}

@ARTICLE{DeSalle2004-mm,
title = "The Expansion of Conservation Genetics",
author = "DeSalle, Rob and Amato, George",
journal = "Nat. Rev. Genet.",
publisher = "nature.com",
volume =  5,
number =  9,
pages = "702--712",
month =  sep,
year =  2004,
url = "http://dx.doi.org/10.1038/nrg1425",
language = "en",
issn = "1471-0056",
pmid = "15372093",
doi = "10.1038/nrg1425"
}


@article{bengio2021gflownet,
  title={Flow network based generative models for non-iterative diverse candidate generation},
  author={Bengio, Emmanuel and Jain, Moksh and Korablyov, Maksym and Precup, Doina and Bengio, Yoshua},
  journal={Advances in Neural Information Processing Systems},
  volume={34},
  pages={27381--27394},
  year={2021}
}

@ARTICLE{Du_Plessis2021-tq,
title = "Establishment and Lineage Dynamics of the {SARS-CoV-2} Epidemic in the {UK}",
author = "du Plessis, Louis and McCrone, John T and Zarebski, Alexander E and Hill, Verity and Ruis, Christopher and Gutierrez, Bernardo and Raghwani, Jayna and Ashworth, Jordan and Colquhoun, Rachel and Connor, Thomas R and Faria, Nuno R and Jackson, Ben and Loman, Nicholas J and O'Toole, {\'A}ine and Nicholls, Samuel M and Parag, Kris V and Scher, Emily and Vasylyeva, Tetyana I and Volz, Erik M and Watts, Alexander and Bogoch, Isaac I and Khan, Kamran and {COVID-19 Genomics UK (COG-UK) Consortiumâ } and Aanensen, David M and Kraemer, Moritz U G and Rambaut, Andrew and Pybus, Oliver G",
journal = "Science",
publisher = "American Association for the Advancement of Science",
month =  jan,
year =  2021,
url = "https://science.sciencemag.org/content/early/2021/01/07/science.abf2946",
language = "en",
issn = "0036-8075, 1095-9203",
doi = "10.1126/science.abf2946"
}

@ARTICLE{Dudas2017-sb,
title = "Virus Genomes Reveal Factors that Spread and Sustained the {Ebola} Epidemic",
author = "Dudas, Gytis and Carvalho, Luiz Max and Bedford, Trevor and Tatem, Andrew J and Baele, Guy and Faria, Nuno R and Park, Daniel J and Ladner, Jason T and Arias, Armando and Asogun, Danny and Bielejec, Filip and Caddy, Sarah L and Cotten, Matthew and D'Ambrozio, Jonathan and Dellicour, Simon and Caro, Antonino Di and Diclaro, Joseph W and Duraffour, Sophie and Elmore, Michael J and Fakoli, Lawrence S and Faye, Ousmane and Gilbert, Merle L and Gevao, Sahr M and Gire, Stephen and Gladden-Young, Adrianne and Gnirke, Andreas and Goba, Augustine and Grant, Donald S and Haagmans, Bart L and Hiscox, Julian A and Jah, Umaru and Kugelman, Jeffrey R and Liu, Di and Lu, Jia and Malboeuf, Christine M and Mate, Suzanne and Matthews, David A and Matranga, Christian B and Meredith, Luke W and Qu, James and Quick, Joshua and Pas, Suzan D and Phan, My V T and Pollakis, Georgios and Reusken, Chantal B and Sanchez-Lockhart, Mariano and Schaffner, Stephen F and Schieffelin, John S and Sealfon, Rachel S and Simon-Loriere, Etienne and Smits, Saskia L and Stoecker, Kilian and Thorne, Lucy and Tobin, Ekaete Alice and Vandi, Mohamed A and Watson, Simon J and West, Kendra and Whitmer, Shannon and Wiley, Michael R and Winnicki, Sarah M and Wohl, Shirlee and W{\"o}lfel, Roman and Yozwiak, Nathan L and Andersen, Kristian G and Blyden, Sylvia O and Bolay, Fatorma and Carroll, Miles W and Dahn, Bernice and Diallo, Boubacar and Formenty, Pierre and Fraser, Christophe and Gao, George F and Garry, Robert F and Goodfellow, Ian and G{\"u}nther, Stephan and Happi, Christian T and Holmes, Edward C and Kargbo, Brima and Ke{\"\i}ta, Sakoba and Kellam, Paul and Koopmans, Marion P G and Kuhn, Jens H and Loman, Nicholas J and Magassouba, N'faly and Naidoo, Dhamari and Nichol, Stuart T and Nyenswah, Tolbert and Palacios, Gustavo and Pybus, Oliver G and Sabeti, Pardis C and Sall, Amadou and Str{\"o}her, Ute and Wurie, Isatta and Suchard, Marc A and Lemey, Philippe and Rambaut, Andrew",
journal = "Nature",
month =  apr,
year =  2017,
url = "http://dx.doi.org/10.1038/nature22040",
language = "en",
issn = "0028-0836, 1476-4687",
pmid = "28405027",
doi = "10.1038/nature22040"
}

@ARTICLE{Neher2015-jr,
title = "nextflu: Real-time tracking of seasonal influenza virus evolution in humans",
author = "Neher, Richard A and Bedford, Trevor",
journal = "Bioinformatics",
month =  jun,
year =  2015,
url = "http://dx.doi.org/10.1093/bioinformatics/btv381",
issn = "1367-4803, 1367-4811",
pmid = "26115986",
doi = "10.1093/bioinformatics/btv381"
}

@article{Felsenstein81,
author = "Felsenstein, Joseph",
title = "Evolutionary Trees from {DNA} Sequences: A Maximum Likelihood Approach",
journal = "Journal of Molecular Evolution",
volume = 17,
pages = "268--276",
year = 1981
}

@article{mau99,
  title={Bayesian phylogenetic inference via {Markov chain Monte Carlo} methods},
  author={Mau, Bob and Newton, Michael A and Larget, Bret},
  journal={Biometrics},
  volume={55},
  number={1},
  pages={1--12},
  year={1999},
  publisher={Wiley Online Library}
}

@article{Huelsenbeck01b,
author = "J.~P. Huelsenbeck and F. Ronquist and R. Nielsen and J.~P. Bollback",
title = "{Bayesian} inference of phylogeny and its impact on evolutionary biology",
journal = "Science",
volume = 294,
pages = "2310--2314",
year = 2001
}

@article{zhang2020parsimony,
  title={Using parsimony-guided tree proposals to accelerate convergence in Bayesian phylogenetic inference},
  author={Zhang, Chi and Huelsenbeck, John P and Ronquist, Fredrik},
  journal={Systematic Biology},
  volume={69},
  number={5},
  pages={1016--1032},
  year={2020},
  publisher={Oxford University Press}
}

@ARTICLE{Whidden2014QuantifyingME,
title = "Quantifying {MCMC} exploration of phylogenetic tree space",
author = "Whidden, Chris and Matsen IV, Frederick A",
affiliation = "Program in Computational Biology, Fred Hutchinson Cancer Research Center, Seattle, WA 98109, USA cwhidden@fhcrc.org. Program in Computational Biology, Fred Hutchinson Cancer Research Center, Seattle, WA 98109, USA.",
journal = "Systematic Biology",
volume =  64,
number =  3,
pages = "472--491",
month =  may,
year =  2015,
url = "http://dx.doi.org/10.1093/sysbio/syv006",
issn = "1063-5157, 1076-836X",
pmid = "25631175",
doi = "10.1093/sysbio/syv006",
pmc = "PMC4395846"
}


@ARTICLE{Larget2013-et,
title = "The estimation of tree posterior probabilities using conditional clade probability distributions",
author = "Larget, Bret",
affiliation = "Departments of Botany and Statistics, University of Wisconsin, Madison, WI 53706, USA. brlarget@wisc.edu",
journal = "Systematic Biology",
volume =  62,
number =  4,
pages = "501--511",
month =  jul,
year =  2013,
url = "http://dx.doi.org/10.1093/sysbio/syt014",
issn = "1063-5157",
pmid = "23479066",
doi = "10.1093/sysbio/syt014",
pmc = "PMC3676676"
}


@ARTICLE{Hhna2012-pm,
title = "Guided Tree Topology Proposals for {Bayesian} Phylogenetic Inference",
author = "H{\"o}hna, Sebastian and Drummond, Alexei J.",
journal = "Syst. Biol.",
volume =  61,
number =  1,
pages = "1--11",
month =  jan,
year =  2012,
url = "http://dx.doi.org/10.1093/sysbio/syr074",
issn = "1063-5157",
doi = "10.1093/sysbio/syr074"
}

@INPROCEEDINGS{Dinh2017-oj,
title = {Probabilistic Path {H}amiltonian {M}onte {C}arlo},
booktitle = "Proceedings of the 34th International Conference on Machine Learning",
author = "Dinh, Vu and Bilge, Arman and Zhang, Cheng and Matsen IV, Frederick A",
pages = "1009--1018",
month =  jul,
year =  2017,
url = "http://proceedings.mlr.press/v70/dinh17a.html",
language = "en",
conference = "International Conference on Machine Learning"
}

@misc{Zhang22VBPI,
author = {Zhang, Cheng and Matsen IV, Frederick A},
title = {A variational approach to {B}ayesian phylogenetic inference},
publisher = {arXiv},
url = {https://arxiv.org/abs/2204.07747},
year = 2022
}

@article{VBPI-JMLR,
  author  = {Zhang, Cheng and Matsen IV, Frederick A},
  title   = {A Variational Approach to {B}ayesian Phylogenetic Inference},
  journal = {Journal of Machine Learning Research},
  year    = {2024},
  volume  = {25},
  number  = {145},
  pages   = {1--56},
  url     = {http://jmlr.org/papers/v25/22-0348.html}
}

@article{Azouri21,
author = "D. Azouri and S. Abadi and Y. Mansour and I. Mayrose and T. Pupko",
title = "Harnessing machine learning to guide phylogenetic-tree search algorithms",
journal = "Nature Communication",
volume = 12,
year = 2021
}

@inproceedings{You2018GCPN,
  title={Graph convolutional policy network for goal-directed molecular graph generation},
  author={Jiaxuan You and Bowen Liu and Zhitao Ying and Vijay Pande and Jure Leskovec},
  booktitle={Advances in Neural Information Processing Systems},
  pages = "6410-6421",
  year={2018}
}

@misc{MolGAN,
author = {Nicola De Cao and Thomas Kipf},
title = {{MolGAN}: An implicit generative model for small molecular graphs},
publisher = {arXiv},
url = {https://arxiv.org/abs/1805.11973},
year = 2018
}


@misc{Li18,
author = {Y. Li and O. Vinyals and C. Dyer and R. Pascanu and P. Battaglia},
title = {Learning deep generative models of graphs},
publisher = {arXiv},
url = {https://arxiv.org/abs/1803.03324},
year = 2018
}

@inproceedings{Dai20,
  title={Scalable deep generative modeling for sparse graphs},
  author={Hanjun Dai and Azade Nazi and Yujia Li and Bo Dai and Dale Schuurmans},
  booktitle={International Conference on Machine Learning},
  pages = "2302-2312",
  year={2020}
}

@inproceedings{Shi2020GraphAF,
title={{GraphAF}: a Flow-based Autoregressive Model for Molecular Graph Generation},
author={Chence Shi and Minkai Xu and Zhaocheng Zhu and Weinan Zhang and Ming Zhang and Jian Tang},
booktitle={International Conference on Learning Representations},
year={2020},
url={https://openreview.net/forum?id=S1esMkHYPr}
}

@inproceedings{GraphVAE,
title={{GraphVAE}: Towards generation of small graphs using variational autoencoders},
author={Martin Simonovsky and Nikos Komodakis},
booktitle={International Conference on Artificial Neural Networks},
year={2018},
pages={412-422}
}

@article{zahirnia2022micro,
  title={Micro and macro level graph modeling for graph variational auto-encoders},
  author={Zahirnia, Kiarash and Schulte, Oliver and Naddaf, Parmis and Li, Ke},
  journal={Advances in Neural Information Processing Systems},
  volume={35},
  pages={30347--30361},
  year={2022}
}

@inproceedings{ADAM,
author = "Kingma, Diederik P and Ba, Jimmy",
title = "Adam: A method for stochastic optimization",
booktitle = {ICLR},
year = 2015
}

@inproceedings{Paszke2019PyTorchAI,
  title={{PyTorch}: An Imperative Style, High-Performance Deep Learning Library},
  author={Adam Paszke and Sam Gross and Francisco Massa and Adam Lerer and James Bradbury and Gregory Chanan and Trevor Killeen and Zeming Lin and Natalia Gimelshein and Luca Antiga and Alban Desmaison and Andreas K{\"o}pf and Edward Yang and Zach DeVito and Martin Raison and Alykhan Tejani and Sasank Chilamkurthy and Benoit Steiner and Lu Fang and Junjie Bai and Soumith Chintala},
  booktitle={Neural Information Processing Systems},
  year={2019}
}

@article{Dinh2016OnlineBP,
  title={Online {B}ayesian Phylogenetic Inference: Theoretical Foundations via Sequential {M}onte {C}arlo},
  author={Vu C. Dinh and Aaron E. Darling and Frederick A. Matsen IV},
  journal={Systematic Biology},
  year={2016},
  volume={67},
  pages={503 - 517}
}

@article{BouchardCt2012PhylogeneticIV,
  title={Phylogenetic Inference via Sequential {M}onte {C}arlo},
  author={Alexandre Bouchard-C{\^o}t{\'e} and Sriram Sankararaman and Michael I. Jordan},
  journal={Systematic Biology},
  year={2012},
  volume={61},
  pages={579 - 593}
}

@ARTICLE{Hedges90,
author = "S. B. Hedges and K. D. Moberg and L. R. Maxson",
title = " Tetrapod phylogeny inferred from 18{S} and 28{S} ribosomal {RNA} sequences and review of the evidence for amniote relationships",
journal = "Mol. Biol. Evol.",
volume = 7,
year = 1990,
pages = "607--633"
}

@ARTICLE{Garey96,
author = "J. R. Garey and T. J. Near and M. R. Nonnemacher and S. A. Nadler",
title = "Molecular evidence for {A}canthocephala as a subtaxon of {R}otifera",
journal = "Mol. Evol.",
volume = 43,
year = 1996,
pages = "287--292"
}

@ARTICLE{Yang03,
author = "Z. Yang and A. D. Yoder",
title = "Comparison of likelihood and {B}ayesian methods for estimating divergence times using multiple gene loci and calibration points, with application to a radiation of cute-looking mouse lemur species.",
journal = "Syst. Biol.",
volume = 52,
year = 2003,
pages = "705--716"
}

@ARTICLE{Henk03,
author = "D. A. Henk and A. Weir and M. Blackwell",
title = "Laboulbeniopsis termitarius, an ectoparasite of termites newly recognized as a member of the {L}aboulbeniomycetes.",
journal = "Mycologia",
volume = 95,
year = 2003,
pages = "561--564"
}

@ARTICLE{Yoder04,
author = "A. D. Yoder and Z. Yang",
title = "Divergence datas for {M}alagasy lemurs estimated from multiple gene loci: geological and evolutionary context.",
journal = "Mol. Ecol.",
volume = 13,
year = 2004,
pages = "757--773"
}

@ARTICLE{Rossman01,
author = "A. Y. Rossman and J. M. Mckemy and R. A. Pardo-Schultheiss and H. J. Schroers",
title = "Molecular studies of the {B}ionectriaceae using large subunit {rDNA} sequences.",
journal = "Mycologia",
volume = 93,
year = 2001,
pages = "100--110"
}

@ARTICLE{Zhang01,
author = "N. Zhang and M. Blackwell",
title = "Molecular phylogeny of dogwood anthracnose fungus ({D}iscula destructiva) and the {D}iaporthales.",
journal = "Mycologia",
volume = 93,
year = 2001,
pages = "355--365"
}

@ARTICLE{Lakner08,
title = "Efficiency of {M}arkov chain {M}onte {C}arlo tree proposals in {B}ayesian phylogenetics",
author = "C. Lakner  and P. van der Mark and J. P. Huelsenbeck  and B. Larget and F. Ronquist",
journal = "Syst. Biol.",
volume = 57,
pages = "86--103",
year = 2008
}

@article{ELU,
  title={Fast and Accurate Deep Network Learning by Exponential Linear Units ({ELUs})},
  author={Djork-Arn{\'e} Clevert and Thomas Unterthiner and Sepp Hochreiter},
  journal={arXiv: Learning},
  year={2015}
}

@article{Wang2018DynamicGC,
  title={Dynamic Graph {CNN} for Learning on Point Clouds},
  author={Yue Wang and Yongbin Sun and Ziwei Liu and Sanjay E. Sarma and Michael M. Bronstein and Justin M. Solomon},
  journal={ACM Transactions on Graphics (TOG)},
  year={2018},
  volume={38},
  pages={1 - 12}
}

@article{cho2014learning,
  title={Learning phrase representations using {RNN} encoder-decoder for statistical machine translation},
  author={Cho, Kyunghyun and Van Merri{\"e}nboer, Bart and Gulcehre, Caglar and Bahdanau, Dzmitry and Bougares, Fethi and Schwenk, Holger and Bengio, Yoshua},
  journal={arXiv preprint arXiv:1406.1078},
  year={2014}
}

@article{ronquist2012mrbayes,
  title={{MrBayes} 3.2: Efficient {B}ayesian phylogenetic inference and model choice across a large model space},
  author={Ronquist, Fredrik and Teslenko, Maxim and Van Der Mark, Paul and Ayres, Daniel L and Darling, Aaron and H{\"o}hna, Sebastian and Larget, Bret and Liu, Liang and Suchard, Marc A and Huelsenbeck, John P},
  journal={Systematic Biology},
  volume={61},
  number={3},
  pages={539--542},
  year={2012},
  publisher={Oxford University Press}
}

@inproceedings{
koptagel2022vaiphy,
title={{VaiPhy}: a Variational Inference Based Algorithm for Phylogeny},
author={Hazal Koptagel and Oskar Kviman and Harald Melin and Negar Safinianaini and Jens Lagergren},
booktitle={Advances in Neural Information Processing Systems},
year={2022},
}

@inproceedings{Moretti2021VariationalCS,
  title={Variational Combinatorial Sequential {M}onte {C}arlo Methods for {B}ayesian Phylogenetic Inference},
  author={Antonio Khalil Moretti and Liyi Zhang and Christian Andersson Naesseth and Hadiah Venner and David M. Blei and Itsik Peâer},
  booktitle={Conference on Uncertainty in Artificial Intelligence},
  year={2021},
}

@article{Wang2015BayesianPI,
  title={{B}ayesian Phylogenetic Inference Using a Combinatorial Sequential {M}onte {C}arlo Method},
  author={Liangliang Wang and Alexandre Bouchard-C{\^o}t{\'e} and A. Doucet},
  journal={Journal of the American Statistical Association},
  year={2015},
  volume={110},
  pages={1362 - 1374},
  url={https://api.semanticscholar.org/CorpusID:4495539}
}

@inproceedings{Rainforth19,
title = {Tighter variational bounds are not necessarily better},
author = {Tom Rainforth and Adam R. Kosioreck and Tuan Anh Le and Chris J. Maddison and Maximilian Igl and Frank Wood and Yee Whye Teh},
booktitle={Proceedings of the 36th International Conference on Machine Learning},
year={2019}
}

@article{tavare1986some,
  title={Some probabilistic and statistical problems in the analysis of DNA sequences},
  author={Tavar{\'e}, Simon and others},
journal={Lectures on Mathematics in the Life Sciences},
  year={1986}
}

@inproceedings{
xie2024artree,
title={{ART}ree: A Deep Autoregressive Model for Phylogenetic Inference},
author={Tianyu Xie and Cheng Zhang},
booktitle={Thirty-seventh Conference on Neural Information Processing Systems},
year={2023}
}

@article{Blei2016VariationalIA,
  title={Variational Inference: A Review for Statisticians},
  author={David M. Blei and Alp Kucukelbir and Jon D. McAuliffe},
  journal={Journal of the American Statistical Association},
  year={2016},
  volume={112},
  pages={859 - 877}
}


@article{jordan1999introduction,
  title={An introduction to variational methods for graphical models},
  author={Jordan, Michael I and Ghahramani, Zoubin and Jaakkola, Tommi S and Saul, Lawrence K},
  journal={Machine learning},
  volume={37},
  pages={183--233},
  year={1999},
  publisher={Springer}
}

@inproceedings{RWS,
author = "J{\"o}rg  Bornschein and Yoshua Bengio",
title = "Reweighted wake-sleep",
booktitle = {Proceedings of the International Conference on Learning Representations (ICLR)},
year = 2015
}

@inproceedings{VAE,
title = {Auto-encoding variational {Bayes}},
author = {Kingma, Diederik P and Welling, Max},
booktitle = {International Conference on Learning Representations},
year = 2014
}

@inproceedings{yin2018sivi,
  title={Semi-Implicit Variational Inference},
  author={Yin, Mingzhang and Zhou, Mingyuan},
  booktitle={International Conference on Machine Learning},
  pages={5646--5655},
  year={2018}
}

@inproceedings{Sobolev2019IWHVI,
  title={Importance Weighted Hierarchical Variational Inference},
  author={Artem Sobolev and Dmitry P. Vetrov},
  booktitle={Neural Information Processing Systems},
  year={2019}
}

@inproceedings{vahdat2020NVAE,
  title={{NVAE}: A Deep Hierarchical Variational Autoencoder},
  author={Vahdat, Arash and Kautz, Jan},
  booktitle={Neural Information Processing Systems (NeurIPS)},
  year={2020}
}


@inproceedings{ranganath2016hier,
  title={Hierarchical variational models},
  author={Ranganath, Rajesh and Tran, Dustin and Blei, David},
  booktitle={International conference on machine learning},
  pages={324--333},
  year={2016},
  organization={PMLR}
}

@inproceedings{titsias2019,
  title={Unbiased implicit variational inference},
  author={Titsias, Michalis K. and Ruiz, Francisco J. R.},
  booktitle={The 22nd International Conference on Artificial Intelligence and Statistics},
  pages={167--176},
  year={2019},
  organization={PMLR}
}


@INCOLLECTION{Neal2011-yo,
title = "{MCMC} Using Hamiltonian Dynamics",
booktitle = "Handbook of Markov Chain Monte Carlo",
author = "Neal, Radford",
editor = "Brooks, S and Gelman, A and Jones, G and Meng, XL",
publisher = "Taylor \& Francis",
series = "Chapman \& Hall/CRC Handbooks of Modern Statistical Methods",
year =  2011,
url = "http://books.google.com/books?id=qfRsAIKZ4rIC",
isbn = "9781420079425",
lccn = "2011021891"
}


@article{Diaconis1980exchangeable,
author = {P. Diaconis and D. Freedman},
title = {{Finite Exchangeable Sequences}},
volume = {8},
journal = {The Annals of Probability},
number = {4},
publisher = {Institute of Mathematical Statistics},
pages = {745 -- 764},
year = {1980}
}

@article{Fan2010GSS,
  title={Choosing among Partition Models in Bayesian Phylogenetics},
  author={Yu Fan and Rui Wu and Ming-Hui Chen and Lynn Kuo and Paul O. Lewis},
  journal={Molecular Biology and Evolution},
  year={2010},
  volume={28},
  pages={523 - 532},
}

@inproceedings{ranganath2014bbvi,
  title={Black box variational inference},
  author={Ranganath, Rajesh and Gerrish, Sean and Blei, David},
  booktitle={Artificial intelligence and statistics},
  pages={814--822},
  year={2014},
  organization={PMLR}
}

@inproceedings{rezende2015NF,
  title={Variational inference with normalizing flows},
  author={Rezende, Danilo and Mohamed, Shakir},
  booktitle={International conference on machine learning},
  pages={1530--1538},
  year={2015},
  organization={PMLR}
}

@inproceedings{dinh2016realnvp,
  title={Density estimation using Real NVP},
  author={Dinh, Laurent and Sohl-Dickstein, Jascha and Bengio, Samy},
  booktitle={International Conference on Learning Representations},
  year={2016}
}

@article{papamakarios2021nf,
  title={Normalizing flows for probabilistic modeling and inference},
  author={Papamakarios, George and Nalisnick, Eric and Rezende, Danilo Jimenez and Mohamed, Shakir and Lakshminarayanan, Balaji},
  journal={The Journal of Machine Learning Research},
  volume={22},
  number={1},
  pages={2617--2680},
  year={2021},
  publisher={JMLRORG}
}



@article{kingma2016IAF,
  title={Improved variational inference with inverse autoregressive flow},
  author={Kingma, Durk P and Salimans, Tim and Jozefowicz, Rafal and Chen, Xi and Sutskever, Ilya and Welling, Max},
  journal={Advances in Neural Information Processing Systems},
  volume={29},
  year={2016}
}

@inproceedings{titsias2019uivi,
  title={Unbiased implicit variational inference},
  author={Titsias, Michalis K and Ruiz, Francisco},
  booktitle={The 22nd International Conference on Artificial Intelligence and Statistics},
  pages={167--176},
  year={2019},
  organization={PMLR}
}

@inproceedings{
mimori2023geophy,
title={GeoPhy: Differentiable Phylogenetic Inference via Geometric Gradients of Tree Topologies},
author={Takahiro Mimori and Michiaki Hamada},
booktitle={Thirty-seventh Conference on Neural Information Processing Systems},
year={2023}
}

@article{Zhou2023PhyloGFN,
  title={{PhyloGFN}: Phylogenetic inference with generative flow networks},
  author={Mingyang Zhou and Zichao Yan and Elliot Layne and Nikolay Malkin and Dinghuai Zhang and Moksh Jain and Mathieu Blanchette and Yoshua Bengio},
  journal={ArXiv},
  year={2023},
  volume={abs/2310.08774}
}

@article{han2023jmlr,
  author  = {Xu Han and Xiaohui Chen and Francisco J. R. Ruiz and Li-Ping Liu},
  title   = {Fitting Autoregressive Graph Generative Models through Maximum Likelihood Estimation},
  journal = {Journal of Machine Learning Research},
  year    = {2023},
  volume  = {24},
  number  = {97},
  pages   = {1--30},
}

@article{day1987complexity,
  title={Computational complexity of inferring phylogenies from dissimilarity matrices},
  author={Day, William HE},
  journal={Bulletin of mathematical biology},
  volume={49},
  number={4},
  pages={461--467},
  year={1987},
  publisher={Elsevier}
}

@article{fitch1971parsimony,
  title={Toward defining the course of evolution: minimum change for a specific tree topology},
  author={Fitch, Walter M},
  journal={Systematic Biology},
  volume={20},
  number={4},
  pages={406--416},
  year={1971},
  publisher={Society of Systematic Zoology}
}


@inproceedings{xiong2020transformerlayernorm,
  title={On layer normalization in the transformer architecture},
  author={Xiong, Ruibin and Yang, Yunchang and He, Di and Zheng, Kai and Zheng, Shuxin and Xing, Chen and Zhang, Huishuai and Lan, Yanyan and Wang, Liwei and Liu, Tieyan},
  booktitle={International Conference on Machine Learning},
  pages={10524--10533},
  year={2020},
  organization={PMLR}
}

@inproceedings{
malkin2022trajectorybalance,
title={Trajectory balance: Improved credit assignment in {GF}lowNets},
author={Nikolay Malkin and Moksh Jain and Emmanuel Bengio and Chen Sun and Yoshua Bengio},
booktitle={Advances in Neural Information Processing Systems},
year={2022},
}

@inproceedings{Chor2005Maximumlikelihood,
  title={Maximum Likelihood of Evolutionary Trees Is Hard},
  author={Benny Chor and Tamir Tuller},
  booktitle={Annual International Conference on Research in Computational Molecular Biology},
  year={2005}
}

@article{NJ,
    author = {Naruya Saitou and Masatoshi Nei},
    title = {The neighbor-joining method: a new method for reconstructing phylogenetic trees},
    journal = {Molecular Biology and Evolution},
    year = {1987},
    number = 4,
    volume = 4,
    pages = {406-425}
}

@article{SS,
  title={Improving marginal likelihood estimation for {B}ayesian phylogenetic model selection},
  author={Xie, Wangang and Lewis, Paul O and Fan, Yu and Kuo, Lynn and Chen, Ming-Hui},
  journal={Systematic Biology},
  volume={60},
  number={2},
  pages={150--160},
  year={2011},
  publisher={Oxford University Press}
}

@book{hamer2013multidimensional,
  title={Multidimensional scaling: History, theory, and applications},
  author={Hamer, Robert M and Young, Forrest W},
  year={2013},
  publisher={Psychology Press}
}

@article{liu2021,
title = "A tree distinguishing polynomial",
author = "Pengyu Liu",
journal = "Discrete Applied Mathematics",
volume = 288,
pages = "1--8",
year = 2021
}

@book{cox2000,
  title={Multidimensional scaling},
  author={Cox, Trevor F and Cox, Michael AA},
  year={2000},
  publisher={CRC press}
}



@article{
vbpimixture,
title={Improved Variational Bayesian Phylogenetic Inference using Mixtures},
author={Ricky Mol{\'e}n and Oskar Kviman and Jens Lagergren},
journal={Transactions on Machine Learning Research},
issn={2835-8856},
year={2024},
}

@inproceedings{
bbvimixture,
title={Efficient Mixture Learning in Black-Box Variational Inference},
author={Alexandra Hotti and Oskar Kviman and Ricky Mol{\'e}n and V{\'\i}ctor Elvira and Jens Lagergren},
booktitle={Forty-first International Conference on Machine Learning},
year={2024},
}


@misc{
shin2017treestructured,
title={Tree-Structured Variational Autoencoder},
author={Richard Shin and Alexander A. Alemi and Geoffrey Irving and Oriol Vinyals},
year={2017},
url={https://openreview.net/forum?id=Hy0L4t5el}
}

@inproceedings{Vikram2018loracs,
  title={The LORACs prior for VAEs: Letting the Trees Speak for the Data},
  author={Sharad Vikram and Matthew D. Hoffman and Matthew J. Johnson},
  booktitle={International Conference on Artificial Intelligence and Statistics},
  year={2018}
}

@inproceedings{kviman2023cooperation,
  title={Cooperation in the latent space: The benefits of adding mixture components in variational autoencoders},
  author={Kviman, Oskar and Mol{\'e}n, Ricky and Hotti, Alexandra and Kurt, Semih and Elvira, V{\i}ctor and Lagergren, Jens},
  booktitle={International Conference on Machine Learning},
  pages={18008--18022},
  year={2023},
  organization={PMLR}
}

@article{xie2024improving,
  title={Improving tree probability estimation with stochastic optimization and variance reduction},
  author={Xie, Tianyu and Yuan, Musu and Deng, Minghua and Zhang, Cheng},
  journal={Statistics and Computing},
  volume={34},
  number={6},
  pages={186},
  year={2024},
  publisher={Springer}
}

@article{xie2024vbpisibranch,
  title={Variational Bayesian Phylogenetic Inference with Semi-implicit Branch Length Distributions},
  author={Xie, Tianyu and Matsen IV, Frederick A and Suchard, Marc A and Zhang, Cheng},
  journal={arXiv preprint arXiv:2408.05058},
  year={2024}
}
