@String(PAMI = {IEEE Trans. Pattern Anal. Mach. Intell.})
@String(IJCV = {Int. J. Comput. Vis.})
@String(CVPR= {IEEE Conf. Comput. Vis. Pattern Recog.})
@String(ICCV= {Int. Conf. Comput. Vis.})
@String(ECCV= {Eur. Conf. Comput. Vis.})
@String(NIPS= {Adv. Neural Inform. Process. Syst.})
@String(ICPR = {Int. Conf. Pattern Recog.})
@String(BMVC= {Brit. Mach. Vis. Conf.})
@String(TOG= {ACM Trans. Graph.})
@String(TIP  = {IEEE Trans. Image Process.})
@String(TVCG  = {IEEE Trans. Vis. Comput. Graph.})
@String(TMM  = {IEEE Trans. Multimedia})
@String(ACMMM= {ACM Int. Conf. Multimedia})
@String(ICME = {Int. Conf. Multimedia and Expo})
@String(ICASSP=	{ICASSP})
@String(ICIP = {IEEE Int. Conf. Image Process.})
@String(ACCV  = {ACCV})
@String(ICLR = {Int. Conf. Learn. Represent.})
@String(IJCAI = {IJCAI})
@String(PR   = {Pattern Recognition})
@String(AAAI = {AAAI})
@String(CVPRW= {IEEE Conf. Comput. Vis. Pattern Recog. Worksh.})
@String(CSVT = {IEEE Trans. Circuit Syst. Video Technol.})

@String(SPL	= {IEEE Sign. Process. Letters})
@String(VR   = {Vis. Res.})
@String(JOV	 = {J. Vis.})
@String(TVC  = {The Vis. Comput.})
@String(JCST  = {J. Comput. Sci. Tech.})
@String(CGF  = {Comput. Graph. Forum})
@String(CVM = {Computational Visual Media})


@String(PAMI  = {IEEE TPAMI})
@String(IJCV  = {IJCV})
@String(CVPR  = {CVPR})
@String(ICCV  = {ICCV})
@String(ECCV  = {ECCV})
@String(NIPS  = {NeurIPS})
@String(ICPR  = {ICPR})
@String(BMVC  =	{BMVC})
@String(TOG   = {ACM TOG})
@String(TIP   = {IEEE TIP})
@String(TVCG  = {IEEE TVCG})
@String(TCSVT = {IEEE TCSVT})
@String(TMM   =	{IEEE TMM})
@String(ACMMM = {ACM MM})
@String(ICME  =	{ICME})
@String(ICASSP=	{ICASSP})
@String(ICIP  = {ICIP})
@String(ACCV  = {ACCV})
@String(ICLR  = {ICLR})
@String(IJCAI = {IJCAI})
@String(PR = {PR})
@String(AAAI = {AAAI})
@String(CVPRW= {CVPRW})
@String(CSVT = {IEEE TCSVT})

 


@inproceedings{balle,
title={End-to-end Optimized Image Compression},
author={Johannes Ball{\'e} and Valero Laparra and Eero P. Simoncelli},
booktitle={ICLR},
year={2017},
}

@inproceedings{variational,
title={Variational image compression with a scale hyperprior},
author={Johannes Ball√© and David Minnen and Saurabh Singh and Sung Jin Hwang and Nick Johnston},
booktitle={ICLR},
year={2018},
}
@article{minnen2018joint,
  title={Joint autoregressive and hierarchical priors for learned image compression},
  author={Minnen, David and Ball{\'e}, Johannes and Toderici, George D},
  journal={NeurIPS},
  volume={31},
  year={2018}
}
 
@inproceedings{koyuncu2022contextformer,
  title={Contextformer: A transformer with spatio-channel attention for context modeling in learned image compression},
  author={Koyuncu, A Burakhan and Gao, Han and Boev, Atanas and Gaikov, Georgii and Alshina, Elena and Steinbach, Eckehard},
  booktitle={ECCV},
  pages={447--463},
  year={2022},
}

@inproceedings{
qian2022entroformer,
title={Entroformer: A Transformer-based Entropy Model for Learned Image Compression},
author={Yichen Qian and Xiuyu Sun and Ming Lin and Zhiyu Tan and Rong Jin},
booktitle={ICLR},
year={2022},
}
@inproceedings{zhu2021transformer,
  title={Transformer-based transform coding},
  author={Zhu, Yinhao and Yang, Yang and Cohen, Taco},
  booktitle={ICLR},
  year={2021}
}
@inproceedings{agustsson2019generative,
  title={Generative adversarial networks for extreme learned image compression},
  author={Agustsson, Eirikur and Tschannen, Michael and Mentzer, Fabian and Timofte, Radu and Gool, Luc Van},
  booktitle={ICCV},
  pages={221--231},
  year={2019}
}
@inproceedings{agustsson2023multi,
  title={Multi-realism image compression with a conditional generator},
  author={Agustsson, Eirikur and Minnen, David and Toderici, George and Mentzer, Fabian},
  booktitle={CVPR},
  pages={22324--22333},
  year={2023}
}
@inproceedings{bai2022towards,
  title={Towards end-to-end image compression and analysis with transformers},
  author={Bai, Yuanchao and Yang, Xu and Liu, Xianming and Jiang, Junjun and Wang, Yaowei and Ji, Xiangyang and Gao, Wen},
  booktitle={AAAI},
  volume={36},
  number={1},
  pages={104--112},
  year={2022}
}
@inproceedings{cheng2020learned,
  title={Learned image compression with discretized gaussian mixture likelihoods and attention modules},
  author={Cheng, Zhengxue and Sun, Heming and Takeuchi, Masaru and Katto, Jiro},
  booktitle={CVPR},
  pages={7939--7948},
  year={2020}
}
@inproceedings{minnen2020channel,
  title={Channel-wise autoregressive entropy models for learned image compression},
  author={Minnen, David and Singh, Saurabh},
  booktitle={ICIP},
  pages={3339--3343},
  year={2020},
  organization={IEEE}
}
@inproceedings{preciozzi2017joint,
  title={Joint denoising and decompression: A patch-based Bayesian approach},
  author={Preciozzi, Javier and Gonz{\'a}lez, Mario and Almansa, Andr{\'e}s and Mus{\'e}, Pablo},
  booktitle={ICIP},
  pages={1252--1256},
  year={2017},
}

@article{krasin2017openimages,
  title={Openimages: A public dataset for large-scale multi-label and multi-class image classification},
  author={Krasin, Ivan and Duerig, Tom and Alldrin, Neil and Ferrari, Vittorio and Abu-El-Haija, Sami and Kuznetsova, Alina and Rom, Hassan and Uijlings, Jasper and Popov, Stefan and Veit, Andreas and others},
  journal={Dataset available from https://github. com/openimages},
  volume={2},
  number={3},
  pages={18},
  year={2017}
}

@inproceedings{wang2019spatial,
  title={Spatial attentive single-image deraining with a high quality real rain dataset},
  author={Wang, Tianyu and Yang, Xin and Xu, Ke and Chen, Shaozhe and Zhang, Qiang and Lau, Rynson WH},
  booktitle={CVPR},
  pages={12270--12279},
  year={2019}
}
@article{kodak1993kodak,
  title={Kodak lossless true color image suite (PhotoCD PCD0992)},
  author={Kodak, Eastman},
  journal={URL http://r0k. us/graphics/kodak},
  volume={6},
  year={1993}
}
@inproceedings{brummer2023importance,
  title={On the Importance of Denoising when Learning to Compress Images},
  author={Brummer, Benoit and De Vleeschouwer, Christophe},
  booktitle={WACV},
  pages={2440--2448},
  year={2023}
}
@inproceedings{gonzalez2018joint,
  title={Joint denoising and decompression using cnn regularization},
  author={Gonzalez, Mario and Preciozzi, Javier and Muse, Pablo and Almansa, Andres},
  booktitle={CVPRW},
  pages={2598--2601},
  year={2018}
}
@inproceedings{he2021checkerboard,
  title={Checkerboard context model for efficient learned image compression},
  author={He, Dailan and Zheng, Yaoyan and Sun, Baocheng and Wang, Yan and Qin, Hongwei},
  booktitle={CVPR},
  pages={14771--14780},
  year={2021}
}
@article{guo2021causal,
  title={Causal Contextual Prediction for Learned Image Compression},
  author={Guo, Zongyu and Zhang, Zhizheng and Feng, Runsen and Chen, Zhibo},
  journal={TCSVT},
  volume={32},
  number={4},
  pages={2329--2341},
  year={2021},
  publisher={IEEE}
}
@InProceedings{Dong_2022_CVPR,
    author    = {Dong, Xiaoyi and Bao, Jianmin and Chen, Dongdong and Zhang, Weiming and Yu, Nenghai and Yuan, Lu and Chen, Dong and Guo, Baining},
    title     = {CSWin Transformer: A General Vision Transformer Backbone With Cross-Shaped Windows},
    booktitle = {CVPR},
    month     = {June},
    year      = {2022},
    pages     = {12124-12134}
}
@article{kingma2014adam,
  title={Adam: A method for stochastic optimization},
  author={Kingma, Diederik P and Ba, Jimmy},
  journal={arXiv preprint arXiv:1412.6980},
  year={2014}
}
@article{sgdr,
  title={Sgdr: Stochastic gradient descent with warm restarts},
  author={Loshchilov, Ilya and Hutter, Frank},
  journal={arXiv preprint arXiv:1608.03983},
  year={2016}
}
 
 @inproceedings{evc,
  title={EVC: Towards Real-Time Neural Image Compression with Mask Decay},
  author={Guo-Hua, Wang and Li, Jiahao and Li, Bin and Lu, Yan},
  booktitle={ICLR},
  year={2023}
}
@inproceedings{li2023efficient,
  title={Efficient and explicit modelling of image hierarchies for image restoration},
  author={Li, Yawei and Fan, Yuchen and Xiang, Xiaoyu and Demandolx, Denis and Ranjan, Rakesh and Timofte, Radu and Van Gool, Luc},
  booktitle={CVPR},
  pages={18278--18289},
  year={2023}
}

@inproceedings{mm,
  title={Hybrid spatial-temporal entropy modelling for neural video compression},
  author={Li, Jiahao and Li, Bin and Lu, Yan},
  booktitle={MM},
  pages={1503--1511},
  year={2022}
}
@inproceedings{rain1400,
  title={Removing rain from single images via a deep detail network},
  author={Fu, Xueyang and Huang, Jiabin and Zeng, Delu and Huang, Yue and Ding, Xinghao and Paisley, John},
  booktitle={CVPR},
  pages={3855--3863},
  year={2017}
}
@article{reside,
  title={Benchmarking single-image dehazing and beyond},
  author={Li, Boyi and Ren, Wenqi and Fu, Dengpan and Tao, Dacheng and Feng, Dan and Zeng, Wenjun and Wang, Zhangyang},
  journal={TIP},
  volume={28},
  number={1},
  pages={492--505},
  year={2018},
  publisher={IEEE}
}
 
@article{VIT,
  title={An image is worth 16x16 words: Transformers for image recognition at scale},
  author={Dosovitskiy, Alexey and Beyer, Lucas and Kolesnikov, Alexander and Weissenborn, Dirk and Zhai, Xiaohua and Unterthiner, Thomas and Dehghani, Mostafa and Minderer, Matthias and Heigold, Georg and Gelly, Sylvain and others},
  journal={arXiv preprint arXiv:2010.11929},
  year={2020}
}
@inproceedings{REVIDE,
  title={Learning to restore hazy video: A new real-world dataset and a new method},
  author={Zhang, Xinyi and Dong, Hang and Pan, Jinshan and Zhu, Chao and Tai, Ying and Wang, Chengjie and Li, Jilin and Huang, Feiyue and Wang, Fei},
  booktitle={CVPR},
  pages={9239--9248},
  year={2021}
}
@article{snow100k,
  title={DesnowNet: Context-aware deep network for snow removal},
  author={Liu, Yun-Fu and Jaw, Da-Wei and Huang, Shih-Chia and Hwang, Jenq-Neng},
  journal={TIP},
  volume={27},
  number={6},
  pages={3064--3073},
  year={2018},
  publisher={IEEE}
}
@ARTICLE{9756908,
  author={Zamir, Syed Waqas and Arora, Aditya and Khan, Salman and Hayat, Munawar and Khan, Fahad Shahbaz and Yang, Ming-Hsuan and Shao, Ling},
  journal={IEEE Transactions on Pattern Analysis and Machine Intelligence}, 
  title={Learning Enriched Features for Fast Image Restoration and Enhancement}, 
  year={2023},
  volume={45},
  number={2},
  pages={1934-1948}, }
@inproceedings{cswin,
  title={Cswin transformer: A general vision transformer backbone with cross-shaped windows},
  author={Dong, Xiaoyi and Bao, Jianmin and Chen, Dongdong and Zhang, Weiming and Yu, Nenghai and Yuan, Lu and Chen, Dong and Guo, Baining},
  booktitle={CVPR},
  pages={12124--12134},
  year={2022}
}
@inproceedings{chen2022learning,
  title={Learning multiple adverse weather removal via two-stage knowledge learning and multi-contrastive regularization: Toward a unified model},
  author={Chen, Wei-Ting and Huang, Zhi-Kai and Tsai, Cheng-Che and Yang, Hao-Hsiang and Ding, Jian-Jiun and Kuo, Sy-Yen},
  booktitle={CVPR},
  pages={17653--17662},
  year={2022}
}
@article{vvc,
  title={Overview of the versatile video coding (VVC) standard and its applications},
  author={Bross, Benjamin and Wang, Ye-Kui and Ye, Yan and Liu, Shan and Chen, Jianle and Sullivan, Gary J and Ohm, Jens-Rainer},
  journal={TCSVT},
  volume={31},
  number={10},
  pages={3736--3764},
  year={2021},
  publisher={IEEE}
}
@article{cai2023jointly,
  title={Jointly Optimizing Image Compression with Low-light Image Enhancement},
  author={Cai, Shilv and Zou, Xu and Chen, Liqun and Yan, Luxin and Zhong, Sheng},
  journal={arXiv preprint arXiv:2305.15030},
  year={2023}
}
@InProceedings{Misra_2021_WACV,
    author    = {Misra, Diganta and Nalamada, Trikay and Arasanipalai, Ajay Uppili and Hou, Qibin},
    title     = {Rotate to Attend: Convolutional Triplet Attention Module},
    booktitle = {WACV},
    month     = {January},
    year      = {2021},
    pages     = {3139-3148}
}
@inproceedings{woo2018cbam,
  title={Cbam: Convolutional block attention module},
  author={Woo, Sanghyun and Park, Jongchan and Lee, Joon-Young and Kweon, In So},
  booktitle={ECCV},
  pages={3--19},
  year={2018}
}
@inproceedings{ye2023accelir,
  title={AccelIR: Task-Aware Image Compression for Accelerating Neural Restoration},
  author={Ye, Juncheol and Yeo, Hyunho and Park, Jinwoo and Han, Dongsu},
  booktitle={CVPR},
  pages={18216--18226},
  year={2023}
}
@inproceedings{ding2022davit,
  title={Davit: Dual attention vision transformers},
  author={Ding, Mingyu and Xiao, Bin and Codella, Noel and Luo, Ping and Wang, Jingdong and Yuan, Lu},
  booktitle={},
  pages={74--92},
  year={2022},
  organization={Springer}
}
@article{hou2022conv2former,
  title={Conv2former: A simple transformer-style convnet for visual recognition},
  author={Hou, Qibin and Lu, Cheng-Ze and Cheng, Ming-Ming and Feng, Jiashi},
  journal={arXiv preprint arXiv:2211.11943},
  year={2022}
}
@inproceedings{lee2022knn,
  title={KNN local attention for image restoration},
  author={Lee, Hunsang and Choi, Hyesong and Sohn, Kwanghoon and Min, Dongbo},
  booktitle={CVPR},
  pages={2139--2149},
  year={2022}
}
@inproceedings{sun2020advanced,
  title={An advanced LiDAR point cloud sequence coding scheme for autonomous driving},
  author={Sun, Xuebin and Wang, Sukai and Wang, Miaohui and Cheng, Shing Shin and Liu, Ming},
  booktitle={MM},
  pages={2793--2801},
  year={2020}
}
@inproceedings{cai2021yolobile,
  title={Yolobile: Real-time object detection on mobile devices via compression-compilation co-design},
  author={Cai, Yuxuan and Li, Hongjia and Yuan, Geng and Niu, Wei and Li, Yanyu and Tang, Xulong and Ren, Bin and Wang, Yanzhi},
  booktitle={AAAI},
  volume={35},
  number={2},
  pages={955--963},
  year={2021}
}
@INPROCEEDINGS{8916937,
  author={Deguerre, Benjamin and Chatelain, Cl√©ment and Gasso, Gilles},
  booktitle={2019 IEEE Intelligent Transportation Systems Conference (ITSC)}, 
  title={Fast object detection in compressed JPEG Images}, 
  year={2019},
  volume={},
  number={},
  pages={333-338}}

@ARTICLE{9690871,
  author={Alves de Oliveira, Vinicius and Chabert, Marie and Oberlin, Thomas and Poulliat, Charly and Bruno, Mickael and Latry, Christophe and Carlavan, Mikael and Henrot, Simon and Falzon, Frederic and Camarero, Roberto},
  journal={IEEE Geoscience and Remote Sensing Letters}, 
  title={Satellite Image Compression and Denoising With Neural Networks}, 
  year={2022},
  volume={19},
  number={},
  pages={1-5}, }
@ARTICLE{10103198,
  author={Wang, Yiting and Chan, Pak Hung and Donzella, Valentina},
  journal={IEEE Transactions on Intelligent Vehicles}, 
  title={Semantic-Aware Video Compression for Automotive Cameras}, 
  year={2023},
  volume={8},
  number={6},
  pages={3712-3722}, }
@article{potlapalli2023promptir,
  title={PromptIR: Prompting for All-in-One Blind Image Restoration},
  author={Potlapalli, Vaishnav and Zamir, Syed Waqas and Khan, Salman and Khan, Fahad Shahbaz},
  journal={arXiv preprint arXiv:2306.13090},
  year={2023}
}
 
@inproceedings{cheng2022optimizing,
  title={Optimizing image compression via joint learning with denoising},
  author={Cheng, Ka Leong and Xie, Yueqi and Chen, Qifeng},
  booktitle={ECCV},
  pages={56--73},
  year={2022},
}
 
@inproceedings{valanarasu2022transweather,
  title={Transweather: Transformer-based restoration of images degraded by adverse weather conditions},
  author={Valanarasu, Jeya Maria Jose and Yasarla, Rajeev and Patel, Vishal M},
  booktitle={CVPR},
  pages={2353--2363},
  year={2022}
}
@inproceedings{wang2019fast,
  title={Fast object detection in compressed video},
  author={Wang, Shiyao and Lu, Hongchao and Deng, Zhidong},
  booktitle={ICCV},
  pages={7104--7113},
  year={2019}
}
@inproceedings{dmci,
  title={Neural video compression with feature modulation},
  author={Li, Jiahao and Li, Bin and Lu, Yan},
  booktitle={CVPR},
  pages={26099--26108},
  year={2024}
}

 

@inproceedings{he2022elic,
  title={Elic: Efficient learned image compression with unevenly grouped space-channel contextual adaptive coding},
  author={He, Dailan and Yang, Ziming and Peng, Weikun and Ma, Rui and Qin, Hongwei and Wang, Yan},
  booktitle={CVPR},
  pages={5718--5727},
  year={2022}
}
@inproceedings{jeon2023context,
  title={Context-Based Trit-Plane Coding for Progressive Image Compression},
  author={Jeon, Seungmin and Choi, Kwang Pyo and Park, Youngo and Kim, Chang-Su},
  booktitle={CVPR},
  pages={14348--14357},
  year={2023}
}

@article{xiong2010robust,
  title={Robust web image/video super-resolution},
  author={Xiong, Zhiwei and Sun, Xiaoyan and Wu, Feng},
  journal={TIP},
  volume={19},
  number={8},
  pages={2017--2028},
  year={2010},
  publisher={IEEE}
}
@InProceedings{Li_2024_CVPR,
    author    = {Li, Yinglong and Li, Jiacheng and Xiong, Zhiwei},
    title     = {Look-Up Table Compression for Efficient Image Restoration},
    booktitle = {CVPR},
    month     = {June},
    year      = {2024},
    pages     = {26016-26025}
}
@article{yao2024neural,
  title={Neural degradation representation learning for all-in-one image restoration},
  author={Yao, Mingde and Xu, Ruikang and Guan, Yuanshen and Huang, Jie and Xiong, Zhiwei},
  journal={TIP},
  year={2024},
  publisher={IEEE}
}
@article{li2024toward,
  title={Toward DNN of LUTs: Learning Efficient Image Restoration with Multiple Look-Up Tables},
  author={Li, Jiacheng and Chen, Chang and Cheng, Zhen and Xiong, Zhiwei},
  journal={TPAMI},
  year={2024},
  publisher={IEEE}
}
@article{bpg,
  title={BPG image format},
  author={Bellard, Fabrice},
  journal={URL https://bellard. org/bpg},
  volume={1},
  number={2},
  pages={1},
  year={2015}
}
@article{jpeg2000,
  title={JPEG2000: Image compression fundamentals, standards and practice},
  author={Taubman, David S and Marcellin, Michael W and Rabbani, Majid},
  journal={Journal of Electronic Imaging},
  volume={11},
  number={2},
  pages={286--287},
  year={2002},
  publisher={Society of Photo-Optical Instrumentation Engineers}
}
@article{jpeg,
  title={The JPEG still picture compression standard},
  author={Wallace, Gregory K},
  journal={Communications of the ACM},
  volume={34},
  number={4},
  pages={30--44},
  year={1991},
  publisher={AcM New York, NY, USA}
}
@inproceedings{wgwsnet,
  title={Learning Weather-General and Weather-Specific Features for Image Restoration Under Multiple Adverse Weather Conditions},
  author={Zhu, Yurui and Wang, Tianyu and Fu, Xueyang and Yang, Xuanyu and Guo, Xin and Dai, Jifeng and Qiao, Yu and Hu, Xiaowei},
  booktitle={CVPR},
  pages={21747--21758},
  year={2023}
}
@inproceedings{li2020all,
  title={All in one bad weather removal using architectural search},
  author={Li, Ruoteng and Tan, Robby T and Cheong, Loong-Fah},
  booktitle={CVPR},
  pages={3175--3185},
  year={2020}
}
@article{yang2024depth,
  title={Depth anything: Unleashing the power of large-scale unlabeled data},
  author={Yang, Lihe and Kang, Bingyi and Huang, Zilong and Xu, Xiaogang and Feng, Jiashi and Zhao, Hengshuang},
  journal={arXiv preprint arXiv:2401.10891},
  year={2024}
}
@inproceedings{airnet,
  title={All-in-one image restoration for unknown corruption},
  author={Li, Boyun and Liu, Xiao and Hu, Peng and Wu, Zhongqin and Lv, Jiancheng and Peng, Xi},
  booktitle={CVPR},
  pages={17452--17462},
  year={2022}
}
 @inproceedings{yang2023visual,
  title={Visual Recognition-Driven Image Restoration for Multiple Degradation with Intrinsic Semantics Recovery},
  author={Yang, Zizheng and Huang, Jie and Chang, Jiahao and Zhou, Man and Yu, Hu and Zhang, Jinghao and Zhao, Feng},
  booktitle={CVPR},
  pages={14059--14070},
  year={2023}
}
@inproceedings{park2023all,
  title={All-in-one image restoration for unknown degradations using adaptive discriminative filters for specific degradations},
  author={Park, Dongwon and Lee, Byung Hyun and Chun, Se Young},
  booktitle={CVPR},
  pages={5815--5824},
  year={2023},
  organization={IEEE}
}
 
@article{denoise_chen,
  title={Transformer-based Learned Image Compression for Joint Decoding and Denoising},
  author={Chen, Yi-Hsin and Ho, Kuan-Wei and Tsai, Shiau-Rung and Lin, Guan-Hsun and Gnutti, Alessandro and Peng, Wen-Hsiao and Leonardi, Riccardo},
  journal={arXiv preprint arXiv:2402.12888},
  year={2024}
}

@inproceedings{chen2023learning,
  title={Learning A Sparse Transformer Network for Effective Image Deraining},
  author={Chen, Xiang and Li, Hao and Li, Mingqiang and Pan, Jinshan},
  booktitle={CVPR},
  pages={5896--5905},
  year={2023}
}
@inproceedings{huang2023narv,
  title={Narv: An efficient noise-adaptive resnet vae for joint image compression and denoising},
  author={Huang, Yuning and Duan, Zhihao and Zhu, Fengqing},
  booktitle={ICMEW},
  pages={188--193},
  year={2023},
  organization={IEEE}
} 
@inproceedings{cai2024make,
  title={Make Lossy Compression Meaningful for Low-Light Images},
  author={Cai, Shilv and Chen, Liqun and Zhong, Sheng and Yan, Luxin and Zhou, Jiahuan and Zou, Xu},
  booktitle={AAAI},
  volume={38},
  number={8},
  pages={8236--8245},
  year={2024}
}


@article{conv2former,
  title={Conv2former: A simple transformer-style convnet for visual recognition},
  author={Hou, Qibin and Lu, Cheng-Ze and Cheng, Ming-Ming and Feng, Jiashi},
  journal={arXiv preprint arXiv:2211.11943},
  year={2022}
}
@inproceedings{touvron2021training,
  title={Training data-efficient image transformers \& distillation through attention},
  author={Touvron, Hugo and Cord, Matthieu and Douze, Matthijs and Massa, Francisco and Sablayrolles, Alexandre and J{\'e}gou, Herv{\'e}},
  booktitle={ICML},
  pages={10347--10357},
  year={2021},
}
@inproceedings{zou2022devil,
  title={The devil is in the details: Window-based attention for image compression},
  author={Zou, Renjie and Song, Chunfeng and Zhang, Zhaoxiang},
  booktitle={CVPR},
  pages={17492--17501},
  year={2022}
}
@inproceedings{li2023rethinking,
  title={Rethinking vision transformers for mobilenet size and speed},
  author={Li, Yanyu and Hu, Ju and Wen, Yang and Evangelidis, Georgios and Salahi, Kamyar and Wang, Yanzhi and Tulyakov, Sergey and Ren, Jian},
  booktitle={ICCV},
  pages={16889--16900},
  year={2023}
}
@article{li2022efficientformer,
  title={Efficientformer: Vision transformers at mobilenet speed},
  author={Li, Yanyu and Yuan, Geng and Wen, Yang and Hu, Ju and Evangelidis, Georgios and Tulyakov, Sergey and Wang, Yanzhi and Ren, Jian},
  journal={Neural},
  volume={35},
  pages={12934--12949},
  year={2022}
}
@inproceedings{mixed,
  title={Learned image compression with mixed transformer-cnn architectures},
  author={Liu, Jinming and Sun, Heming and Katto, Jiro},
  booktitle={CVPR},
  pages={14388--14397},
  year={2023}
}
@inproceedings{uformer,
  title={Uformer: A general u-shaped transformer for image restoration},
  author={Wang, Zhendong and Cun, Xiaodong and Bao, Jianmin and Zhou, Wengang and Liu, Jianzhuang and Li, Houqiang},
  booktitle={CVPR},
  pages={17683--17693},
  year={2022}
}
@inproceedings{csd,
  title={All snow removed: Single image desnowing algorithm using hierarchical dual-tree complex wavelet representation and contradict channel loss},
  author={Chen, Wei-Ting and Fang, Hao-Yu and Hsieh, Cheng-Lin and Tsai, Cheng-Che and Chen, I and Ding, Jian-Jiun and Kuo, Sy-Yen and others},
  booktitle={ICCV},
  pages={4196--4205},
  year={2021}
}
@inproceedings{restormer,
  title={Restormer: Efficient transformer for high-resolution image restoration},
  author={Zamir, Syed Waqas and Arora, Aditya and Khan, Salman and Hayat, Munawar and Khan, Fahad Shahbaz and Yang, Ming-Hsuan},
  booktitle={CVPR},
  pages={5728--5739},
  year={2022}
}
@inproceedings{swin,
  title={Swin transformer: Hierarchical vision transformer using shifted windows},
  author={Liu, Ze and Lin, Yutong and Cao, Yue and Hu, Han and Wei, Yixuan and Zhang, Zheng and Lin, Stephen and Guo, Baining},
  booktitle={ICCV},
  pages={10012--10022},
  year={2021}
}
@inproceedings{swinir,
  title={Swinir: Image restoration using swin transformer},
  author={Liang, Jingyun and Cao, Jiezhang and Sun, Guolei and Zhang, Kai and Van Gool, Luc and Timofte, Radu},
  booktitle={ICCV},
  pages={1833--1844},
  year={2021}
}
@inproceedings{liu2021lossy,
  title={Lossy compression with distribution shift as entropy constrained optimal transport},
  author={Liu, Huan and Zhang, George and Chen, Jun and Khisti, Ashish J},
  booktitle={ICLR},
  year={2021}
}



@misc{Authors14,
 author = {FirstName LastName},
 title = {The frobnicatable foo filter},
 note = {Face and Gesture submission ID 324. Supplied as supplemental material {\tt fg324.pdf}},
 year = 2014
}

@misc{Authors14b,
 author = {FirstName LastName},
 title = {Frobnication tutorial},
 note = {Supplied as supplemental material {\tt tr.pdf}},
 year = 2014
}

@article{Alpher02,
author = {FirstName Alpher},
title = {Frobnication},
journal = PAMI,
volume = 12,
number = 1,
pages = {234--778},
year = 2002
}

@article{Alpher03,
author = {FirstName Alpher and  FirstName Fotheringham-Smythe},
title = {Frobnication revisited},
journal = {Journal of Foo},
volume = 13,
number = 1,
pages = {234--778},
year = 2003
}

@article{Alpher04,
author = {FirstName Alpher and FirstName Fotheringham-Smythe and FirstName Gamow},
title = {Can a machine frobnicate?},
journal = {Journal of Foo},
volume = 14,
number = 1,
pages = {234--778},
year = 2004
}

@inproceedings{Alpher05,
author = {FirstName Alpher and FirstName Gamow},
title = {Can a computer frobnicate?},
booktitle = CVPR,
pages = {234--778},
year = 2005
}
