@InProceedings{Li_2024_CVPR,
    author    = {Li, Yinglong and Li, Jiacheng and Xiong, Zhiwei},
    title     = {Look-Up Table Compression for Efficient Image Restoration},
    booktitle = {CVPR},
    month     = {June},
    year      = {2024},
    pages     = {26016-26025}
}

@inproceedings{agustsson2019generative,
  title={Generative adversarial networks for extreme learned image compression},
  author={Agustsson, Eirikur and Tschannen, Michael and Mentzer, Fabian and Timofte, Radu and Gool, Luc Van},
  booktitle={ICCV},
  pages={221--231},
  year={2019}
}

@inproceedings{agustsson2023multi,
  title={Multi-realism image compression with a conditional generator},
  author={Agustsson, Eirikur and Minnen, David and Toderici, George and Mentzer, Fabian},
  booktitle={CVPR},
  pages={22324--22333},
  year={2023}
}

@inproceedings{airnet,
  title={All-in-one image restoration for unknown corruption},
  author={Li, Boyun and Liu, Xiao and Hu, Peng and Wu, Zhongqin and Lv, Jiancheng and Peng, Xi},
  booktitle={CVPR},
  pages={17452--17462},
  year={2022}
}

@inproceedings{balle,
title={End-to-end Optimized Image Compression},
author={Johannes Ball{\'e} and Valero Laparra and Eero P. Simoncelli},
booktitle={ICLR},
year={2017},
}

@inproceedings{cai2024make,
  title={Make Lossy Compression Meaningful for Low-Light Images},
  author={Cai, Shilv and Chen, Liqun and Zhong, Sheng and Yan, Luxin and Zhou, Jiahuan and Zou, Xu},
  booktitle={AAAI},
  volume={38},
  number={8},
  pages={8236--8245},
  year={2024}
}

@inproceedings{chen2022learning,
  title={Learning multiple adverse weather removal via two-stage knowledge learning and multi-contrastive regularization: Toward a unified model},
  author={Chen, Wei-Ting and Huang, Zhi-Kai and Tsai, Cheng-Che and Yang, Hao-Hsiang and Ding, Jian-Jiun and Kuo, Sy-Yen},
  booktitle={CVPR},
  pages={17653--17662},
  year={2022}
}

@inproceedings{chen2023learning,
  title={Learning A Sparse Transformer Network for Effective Image Deraining},
  author={Chen, Xiang and Li, Hao and Li, Mingqiang and Pan, Jinshan},
  booktitle={CVPR},
  pages={5896--5905},
  year={2023}
}

@inproceedings{cheng2020learned,
  title={Learned image compression with discretized gaussian mixture likelihoods and attention modules},
  author={Cheng, Zhengxue and Sun, Heming and Takeuchi, Masaru and Katto, Jiro},
  booktitle={CVPR},
  pages={7939--7948},
  year={2020}
}

@article{denoise_chen,
  title={Transformer-based Learned Image Compression for Joint Decoding and Denoising},
  author={Chen, Yi-Hsin and Ho, Kuan-Wei and Tsai, Shiau-Rung and Lin, Guan-Hsun and Gnutti, Alessandro and Peng, Wen-Hsiao and Leonardi, Riccardo},
  journal={arXiv preprint arXiv:2402.12888},
  year={2024}
}

@inproceedings{dmci,
  title={Neural video compression with feature modulation},
  author={Li, Jiahao and Li, Bin and Lu, Yan},
  booktitle={CVPR},
  pages={26099--26108},
  year={2024}
}

@inproceedings{evc,
  title={EVC: Towards Real-Time Neural Image Compression with Mask Decay},
  author={Guo-Hua, Wang and Li, Jiahao and Li, Bin and Lu, Yan},
  booktitle={ICLR},
  year={2023}
}

@article{guo2021causal,
  title={Causal Contextual Prediction for Learned Image Compression},
  author={Guo, Zongyu and Zhang, Zhizheng and Feng, Runsen and Chen, Zhibo},
  journal={TCSVT},
  volume={32},
  number={4},
  pages={2329--2341},
  year={2021},
  publisher={IEEE}
}

@inproceedings{he2021checkerboard,
  title={Checkerboard context model for efficient learned image compression},
  author={He, Dailan and Zheng, Yaoyan and Sun, Baocheng and Wang, Yan and Qin, Hongwei},
  booktitle={CVPR},
  pages={14771--14780},
  year={2021}
}

@inproceedings{huang2023narv,
  title={Narv: An efficient noise-adaptive resnet vae for joint image compression and denoising},
  author={Huang, Yuning and Duan, Zhihao and Zhu, Fengqing},
  booktitle={ICMEW},
  pages={188--193},
  year={2023},
  organization={IEEE}
}

@inproceedings{koyuncu2022contextformer,
  title={Contextformer: A transformer with spatio-channel attention for context modeling in learned image compression},
  author={Koyuncu, A Burakhan and Gao, Han and Boev, Atanas and Gaikov, Georgii and Alshina, Elena and Steinbach, Eckehard},
  booktitle={ECCV},
  pages={447--463},
  year={2022},
}

@inproceedings{li2020all,
  title={All in one bad weather removal using architectural search},
  author={Li, Ruoteng and Tan, Robby T and Cheong, Loong-Fah},
  booktitle={CVPR},
  pages={3175--3185},
  year={2020}
}

@inproceedings{li2023efficient,
  title={Efficient and explicit modelling of image hierarchies for image restoration},
  author={Li, Yawei and Fan, Yuchen and Xiang, Xiaoyu and Demandolx, Denis and Ranjan, Rakesh and Timofte, Radu and Van Gool, Luc},
  booktitle={CVPR},
  pages={18278--18289},
  year={2023}
}

@article{li2024toward,
  title={Toward DNN of LUTs: Learning Efficient Image Restoration with Multiple Look-Up Tables},
  author={Li, Jiacheng and Chen, Chang and Cheng, Zhen and Xiong, Zhiwei},
  journal={TPAMI},
  year={2024},
  publisher={IEEE}
}

@article{minnen2018joint,
  title={Joint autoregressive and hierarchical priors for learned image compression},
  author={Minnen, David and Ball{\'e}, Johannes and Toderici, George D},
  journal={NeurIPS},
  volume={31},
  year={2018}
}

@inproceedings{minnen2020channel,
  title={Channel-wise autoregressive entropy models for learned image compression},
  author={Minnen, David and Singh, Saurabh},
  booktitle={ICIP},
  pages={3339--3343},
  year={2020},
  organization={IEEE}
}

@inproceedings{mixed,
  title={Learned image compression with mixed transformer-cnn architectures},
  author={Liu, Jinming and Sun, Heming and Katto, Jiro},
  booktitle={CVPR},
  pages={14388--14397},
  year={2023}
}

@inproceedings{park2023all,
  title={All-in-one image restoration for unknown degradations using adaptive discriminative filters for specific degradations},
  author={Park, Dongwon and Lee, Byung Hyun and Chun, Se Young},
  booktitle={CVPR},
  pages={5815--5824},
  year={2023},
  organization={IEEE}
}

@article{potlapalli2023promptir,
  title={PromptIR: Prompting for All-in-One Blind Image Restoration},
  author={Potlapalli, Vaishnav and Zamir, Syed Waqas and Khan, Salman and Khan, Fahad Shahbaz},
  journal={arXiv preprint arXiv:2306.13090},
  year={2023}
}

@inproceedings{restormer,
  title={Restormer: Efficient transformer for high-resolution image restoration},
  author={Zamir, Syed Waqas and Arora, Aditya and Khan, Salman and Hayat, Munawar and Khan, Fahad Shahbaz and Yang, Ming-Hsuan},
  booktitle={CVPR},
  pages={5728--5739},
  year={2022}
}

@inproceedings{swinir,
  title={Swinir: Image restoration using swin transformer},
  author={Liang, Jingyun and Cao, Jiezhang and Sun, Guolei and Zhang, Kai and Van Gool, Luc and Timofte, Radu},
  booktitle={ICCV},
  pages={1833--1844},
  year={2021}
}

@inproceedings{uformer,
  title={Uformer: A general u-shaped transformer for image restoration},
  author={Wang, Zhendong and Cun, Xiaodong and Bao, Jianmin and Zhou, Wengang and Liu, Jianzhuang and Li, Houqiang},
  booktitle={CVPR},
  pages={17683--17693},
  year={2022}
}

@inproceedings{valanarasu2022transweather,
  title={Transweather: Transformer-based restoration of images degraded by adverse weather conditions},
  author={Valanarasu, Jeya Maria Jose and Yasarla, Rajeev and Patel, Vishal M},
  booktitle={CVPR},
  pages={2353--2363},
  year={2022}
}

@inproceedings{variational,
title={Variational image compression with a scale hyperprior},
author={Johannes Ball√© and David Minnen and Saurabh Singh and Sung Jin Hwang and Nick Johnston},
booktitle={ICLR},
year={2018},
}

@inproceedings{wgwsnet,
  title={Learning Weather-General and Weather-Specific Features for Image Restoration Under Multiple Adverse Weather Conditions},
  author={Zhu, Yurui and Wang, Tianyu and Fu, Xueyang and Yang, Xuanyu and Guo, Xin and Dai, Jifeng and Qiao, Yu and Hu, Xiaowei},
  booktitle={CVPR},
  pages={21747--21758},
  year={2023}
}

@article{xiong2010robust,
  title={Robust web image/video super-resolution},
  author={Xiong, Zhiwei and Sun, Xiaoyan and Wu, Feng},
  journal={TIP},
  volume={19},
  number={8},
  pages={2017--2028},
  year={2010},
  publisher={IEEE}
}

@article{yao2024neural,
  title={Neural degradation representation learning for all-in-one image restoration},
  author={Yao, Mingde and Xu, Ruikang and Guan, Yuanshen and Huang, Jie and Xiong, Zhiwei},
  journal={TIP},
  year={2024},
  publisher={IEEE}
}

@inproceedings{zhu2021transformer,
  title={Transformer-based transform coding},
  author={Zhu, Yinhao and Yang, Yang and Cohen, Taco},
  booktitle={ICLR},
  year={2021}
}

@inproceedings{zou2022devil,
  title={The devil is in the details: Window-based attention for image compression},
  author={Zou, Renjie and Song, Chunfeng and Zhang, Zhaoxiang},
  booktitle={CVPR},
  pages={17492--17501},
  year={2022}
}

