@article{abdulrahman2020toward,
  title={Toward constructing a balanced intrusion detection dataset based on CICIDS2017},
  author={Abdulrahman, Amer Abdulmajeed and Ibrahem, Mahmood Khalel},
  journal={Samarra Journal of Pure and Applied Science},
  volume={2},
  number={3},
  pages={132--142},
  year={2020}
}

@article{amin2018quantum,
  title={Quantum Boltzmann machine},
  author={Amin, Mohammad H and Andriyash, Evgeny and Rolfe, Jason and Kulchytskyy, Bohdan and Melko, Roger},
  journal={Physical Review X},
  volume={8},
  number={2},
  pages={021050},
  year={2018},
  publisher={APS}
}

@article{chawla2002smote,
  title={SMOTE: synthetic minority over-sampling technique},
  author={Chawla, Nitesh V and Bowyer, Kevin W and Hall, Lawrence O and Kegelmeyer, W Philip},
  journal={Journal of artificial intelligence research},
  volume={16},
  pages={321--357},
  year={2002}
}

@article{dattani2019pegasus,
  title={Pegasus: The second connectivity graph for large-scale quantum annealing hardware},
  author={Dattani, Nike and Szalay, Szilard and Chancellor, Nicholas},
  journal={arXiv preprint arXiv:1901.07636},
  year={2019},
  url={https://arxiv.org/abs/1901.07636}
}

@article{dixit2023quantum,
  title={Quantum-Assisted Training of Restricted Boltzmann Machines},
  author={Dixit, Akash and Sharma, Rahul and Singh, Priya},
  journal={Quantum Information Processing},
  volume={22},
  number={5},
  pages={135--150},
  year={2023},
  publisher={Springer}
}

@misc{dwave2020pegasus,
  title={Pegasus topology},
  author={D-Wave Systems Inc.},
  year={2020},
  url={https://www.dwavesys.com/}
}

@article{garcia2012effectiveness,
  title={On the effectiveness of preprocessing methods when dealing with different levels of class imbalance},
  author={Garc{\'\i}a, Vicente and S{\'a}nchez, Jos{\'e} Salvador and Mollineda, Ram{\'o}n Alberto},
  journal={Knowledge-Based Systems},
  volume={25},
  number={1},
  pages={13--21},
  year={2012},
  publisher={Elsevier}
}

@inproceedings{gopalan2021balancing,
  title={Balancing approaches towards ML for IDS: a survey for the CSE-CIC IDS dataset},
  author={Gopalan, Subiksha Srinivasa and Ravikumar, Dharshini and Linekar, Dino and Raza, Ali and Hasib, Maheen},
  booktitle={2020 International Conference on Communications, Signal Processing, and their Applications (ICCSPA)},
  pages={1--6},
  year={2021},
  organization={IEEE}
}

@article{he2008learning,
  title={Learning from imbalanced data},
  author={He, Haibo and Garcia, Edwardo A},
  journal={IEEE Transactions on knowledge and data engineering},
  volume={21},
  number={9},
  pages={1263--1284},
  year={2008},
  publisher={IEEE}
}

@article{hinton2006reducing,
  title={Reducing the dimensionality of data with neural networks},
  author={Hinton, Geoffrey E and Salakhutdinov, Ruslan R},
  journal={Science},
  volume={313},
  number={5786},
  pages={504--507},
  year={2006},
  publisher={American Association for the Advancement of Science}
}

@article{liu2022data,
  title={Data-Balancing Algorithm Based on Generative Adversarial Network for Robust Network Intrusion Detection},
  author={Liu, I-Hsien and Hsieh, Cheng-En and Lin, Wei-Min and Li, Jung-Shian and Li, Chu-Fen},
  journal={Journal of Robotics, Networking and Artificial Life},
  volume={9},
  number={3},
  pages={303--308},
  year={2022},
  publisher={ALife Robotics Corporation Ltd.}
}

@inproceedings{mohammed2020machine,
  title={Machine learning with oversampling and undersampling techniques: overview study and experimental results},
  author={Mohammed, Roweida and Rawashdeh, Jumanah and Abdullah, Malak},
  booktitle={2020 11th international conference on information and communication systems (ICICS)},
  pages={243--248},
  year={2020},
  organization={IEEE}
}

@article{pelofske2023clique,
  title={4-Clique Network Minor Embedding for Quantum Annealers},
  author={Pelofske, Elijah},
  journal={arXiv preprint arXiv:2301.08807},
  year={2023},
  url={https://arxiv.org/abs/2301.08807}
}

@article{venturelli2015quantum,
  title={Quantum optimization of fully connected spin glasses},
  author={Venturelli, Davide and Marchand, Dominique J and Rojo, Gian-Luca},
  journal={Physical Review X},
  volume={5},
  number={3},
  pages={031040},
  year={2015},
  publisher={APS}
}

