@inproceedings{ChaiSBA19,
  author       = {Yuning Chai and
                  Benjamin Sapp and
                  Mayank Bansal and
                  Dragomir Anguelov},
  editor       = {Leslie Pack Kaelbling and
                  Danica Kragic and
                  Komei Sugiura},
  title        = {MultiPath: Multiple Probabilistic Anchor Trajectory Hypotheses for
                  Behavior Prediction},
  booktitle    = {3rd Annual Conference on Robot Learning, CoRL 2019, Osaka, Japan,
                  October 30 - November 1, 2019, Proceedings},
  series       = {Proceedings of Machine Learning Research},
  volume       = {100},
  pages        = {86--99},
  publisher    = {{PMLR}},
  year         = {2019},
  url          = {http://proceedings.mlr.press/v100/chai20a.html},
  timestamp    = {Mon, 25 May 2020 15:01:26 +0200},
  biburl       = {https://dblp.org/rec/conf/corl/ChaiSBA19.bib},
  bibsource    = {dblp computer science bibliography, https://dblp.org}
}

@inproceedings{CuiRCLNHSD19,
  author       = {Henggang Cui and
                  Vladan Radosavljevic and
                  Fang{-}Chieh Chou and
                  Tsung{-}Han Lin and
                  Thi Nguyen and
                  Tzu{-}Kuo Huang and
                  Jeff Schneider and
                  Nemanja Djuric},
  title        = {Multimodal Trajectory Predictions for Autonomous Driving using Deep
                  Convolutional Networks},
  booktitle    = {International Conference on Robotics and Automation, {ICRA} 2019,
                  Montreal, QC, Canada, May 20-24, 2019},
  pages        = {2090--2096},
  publisher    = {{IEEE}},
  year         = {2019},
  url          = {https://doi.org/10.1109/ICRA.2019.8793868},
  doi          = {10.1109/ICRA.2019.8793868},
  timestamp    = {Wed, 16 Oct 2019 14:14:51 +0200},
  biburl       = {https://dblp.org/rec/conf/icra/CuiRCLNHSD19.bib},
  bibsource    = {dblp computer science bibliography, https://dblp.org}
}

@inproceedings{JannerDTL22,
  author       = {Michael Janner and
                  Yilun Du and
                  Joshua B. Tenenbaum and
                  Sergey Levine},
  editor       = {Kamalika Chaudhuri and
                  Stefanie Jegelka and
                  Le Song and
                  Csaba Szepesv{\'{a}}ri and
                  Gang Niu and
                  Sivan Sabato},
  title        = {Planning with Diffusion for Flexible Behavior Synthesis},
  booktitle    = {International Conference on Machine Learning, {ICML} 2022, 17-23 July
                  2022, Baltimore, Maryland, {USA}},
  series       = {Proceedings of Machine Learning Research},
  volume       = {162},
  pages        = {9902--9915},
  publisher    = {{PMLR}},
  year         = {2022},
  url          = {https://proceedings.mlr.press/v162/janner22a.html},
  timestamp    = {Tue, 12 Jul 2022 17:36:52 +0200},
  biburl       = {https://dblp.org/rec/conf/icml/JannerDTL22.bib},
  bibsource    = {dblp computer science bibliography, https://dblp.org}
}

@inproceedings{NayakantiAZGRS23,
  author       = {Nigamaa Nayakanti and
                  Rami Al{-}Rfou and
                  Aurick Zhou and
                  Kratarth Goel and
                  Khaled S. Refaat and
                  Benjamin Sapp},
  title        = {Wayformer: Motion Forecasting via Simple {\&} Efficient Attention
                  Networks},
  booktitle    = {{IEEE} International Conference on Robotics and Automation, {ICRA}
                  2023, London, UK, May 29 - June 2, 2023},
  pages        = {2980--2987},
  publisher    = {{IEEE}},
  year         = {2023},
  url          = {https://doi.org/10.1109/ICRA48891.2023.10160609},
  doi          = {10.1109/ICRA48891.2023.10160609},
  timestamp    = {Tue, 08 Aug 2023 10:24:29 +0200},
  biburl       = {https://dblp.org/rec/conf/icra/NayakantiAZGRS23.bib},
  bibsource    = {dblp computer science bibliography, https://dblp.org}
}

@article{austin2021structured,
  title={Structured denoising diffusion models in discrete state-spaces},
  author={Austin, Jacob and Johnson, Daniel D and Ho, Jonathan and Tarlow, Daniel and Van Den Berg, Rianne},
  journal={Advances in Neural Information Processing Systems},
  volume={34},
  pages={17981--17993},
  year={2021}
}

@article{chang2023controllable,
  title={Controllable Safety-Critical Closed-loop Traffic Simulation via Guided Diffusion},
  author={Chang, Wei-Jer and Pittaluga, Francesco and Tomizuka, Masayoshi and Zhan, Wei and Chandraker, Manmohan},
  journal={arXiv preprint arXiv:2401.00391},
  year={2023}
}

@article{guo2023scenedm,
  title={SceneDM: Scene-level multi-agent trajectory generation with consistent diffusion models},
  author={Guo, Zhiming and Gao, Xing and Zhou, Jianlan and Cai, Xinyu and Shi, Botian},
  journal={arXiv preprint arXiv:2311.15736},
  year={2023}
}

@inproceedings{han2024amd,
  title={AMD: Autoregressive Motion Diffusion},
  author={Han, Bo and Peng, Hao and Dong, Minjing and Ren, Yi and Shen, Yixuan and Xu, Chang},
  booktitle={Proceedings of the AAAI Conference on Artificial Intelligence},
  volume={38},
  number={3},
  pages={2022--2030},
  year={2024}
}

@article{hoogeboom2021autoregressive,
  title={Autoregressive diffusion models},
  author={Hoogeboom, Emiel and Gritsenko, Alexey A and Bastings, Jasmijn and Poole, Ben and Berg, Rianne van den and Salimans, Tim},
  journal={arXiv preprint arXiv:2110.02037},
  year={2021}
}

@inproceedings{jiang2023motiondiffuser,
  title={Motiondiffuser: Controllable multi-agent motion prediction using diffusion},
  author={Jiang, Chiyu and Cornman, Andre and Park, Cheolho and Sapp, Benjamin and Zhou, Yin and Anguelov, Dragomir and others},
  booktitle={Proceedings of the IEEE/CVF Conference on Computer Vision and Pattern Recognition},
  pages={9644--9653},
  year={2023}
}

@article{niedoba2024diffusion,
  title={A Diffusion-Model of Joint Interactive Navigation},
  author={Niedoba, Matthew and Lavington, Jonathan and Liu, Yunpeng and Lioutas, Vasileios and Sefas, Justice and Liang, Xiaoxuan and Green, Dylan and Dabiri, Setareh and Zwartsenberg, Berend and Scibior, Adam and others},
  journal={Advances in Neural Information Processing Systems},
  volume={36},
  year={2024}
}

@article{pronovost2023scenario,
  title={Scenario Diffusion: Controllable driving scenario generation with diffusion},
  author={Pronovost, Ethan and Ganesina, Meghana Reddy and Hendy, Noureldin and Wang, Zeyu and Morales, Andres and Wang, Kai and Roy, Nick},
  journal={Advances in Neural Information Processing Systems},
  volume={36},
  pages={68873--68894},
  year={2023}
}

@article{ruhe2024rolling,
  title={Rolling Diffusion Models},
  author={Ruhe, David and Heek, Jonathan and Salimans, Tim and Hoogeboom, Emiel},
  journal={arXiv preprint arXiv:2402.09470},
  year={2024}
}

@inproceedings{scibior2021imagining,
  title={Imagining the road ahead: Multi-agent trajectory prediction via differentiable simulation},
  author={{\'S}cibior, Adam and Lioutas, Vasileios and Reda, Daniele and Bateni, Peyman and Wood, Frank},
  booktitle={2021 IEEE International Intelligent Transportation Systems Conference (ITSC)},
  pages={720--725},
  year={2021},
  organization={IEEE}
}

@inproceedings{suo2021trafficsim,
  title={Trafficsim: Learning to simulate realistic multi-agent behaviors},
  author={Suo, Simon and Regalado, Sebastian and Casas, Sergio and Urtasun, Raquel},
  booktitle={Proceedings of the IEEE/CVF Conference on Computer Vision and Pattern Recognition},
  pages={10400--10409},
  year={2021}
}

@inproceedings{uria2014deep,
  title={A deep and tractable density estimator},
  author={Uria, Benigno and Murray, Iain and Larochelle, Hugo},
  booktitle={International Conference on Machine Learning},
  pages={467--475},
  year={2014},
  organization={PMLR}
}

@inproceedings{zhao2019multi,
  title={Multi-agent tensor fusion for contextual trajectory prediction},
  author={Zhao, Tianyang and Xu, Yifei and Monfort, Mathew and Choi, Wongun and Baker, Chris and Zhao, Yibiao and Wang, Yizhou and Wu, Ying Nian},
  booktitle={Proceedings of the IEEE/CVF conference on computer vision and pattern recognition},
  pages={12126--12134},
  year={2019}
}

@inproceedings{zhong2023guided,
  title={Guided conditional diffusion for controllable traffic simulation},
  author={Zhong, Ziyuan and Rempe, Davis and Xu, Danfei and Chen, Yuxiao and Veer, Sushant and Che, Tong and Ray, Baishakhi and Pavone, Marco},
  booktitle={2023 IEEE International Conference on Robotics and Automation (ICRA)},
  pages={3560--3566},
  year={2023},
  organization={IEEE}
}

