@inproceedings{9560837,
  author={Xie Zhaoming and Da Xingye and van de Panne Michiel and Babich Buck and Garg Animesh},
  booktitle={IEEE International Conference on Robotics and Automation}, 
  title={Dynamics Randomization Revisited: A Case Study for Quadrupedal Locomotion}, 
  year={2021}
}

@misc{dreamwaq,
      title={DreamWaQ: Learning Robust Quadrupedal Locomotion With Implicit Terrain Imagination via Deep Reinforcement Learning}, 
      author={I Made Aswin Nahrendra and Byeongho Yu and Hyun Myung},
      year={2023},
      booktitle={2023 IEEE International Conference on Robotics and Automation (ICRA)},
      howpublished={arXiv},
}

@inproceedings{genloco,
  title={Genloco: Generalized locomotion controllers for quadrupedal robots},
  author={Feng Gilbert and Zhang Hongbo and Li Zhongyu and Peng Xue Bin and Basireddy Bhuvan and Yue Linzhu and Song Zhitao and Yang Lizhi and Liu Yunhui and Sreenath Koushil and others},
  booktitle={Conference on Robot Learning},
  year={2023}
}

@article{smith2023demonstrating,
  title={Demonstrating a walk in the park: Learning to walk in 20 minutes with model-free reinforcement learning},
  author={Smith Laura and Kostrikov Ilya and Levine Sergey},
  journal={Robotics: Science and Systems (RSS) Demo},
  year={2023}
}

@article{torque_biped,
  title={Torque-based deep reinforcement learning for task-and-robot agnostic learning on bipedal robots using sim-to-real transfer},
  author={Kim Donghyeon and Berseth Glen and Schwartz Mathew and Park Jaeheung},
  journal={IEEE Robotics and Automation Letters},
  year={2023},
}

@inproceedings{torque_quadro,
  title={Learning torque control for quadrupedal locomotion},
  author={Chen Shuxiao and Zhang Bike and Mueller Mark W and Rai Akshara and Sreenath Koushil},
  booktitle={IEEE-RAS 22nd International Conference on Humanoid Robots (Humanoids)},
    year={2023}
}

@article{vic_sensible_tasks,
  author={Bogdanovic Miroslav and Khadiv Majid and Righetti Ludovic},
  journal={IEEE Robotics and Automation Letters}, 
  title={Learning Variable Impedance Control for Contact Sensitive Tasks}, 
  year={2020}
}

@article{zhao2022variable,
  title={Variable stiffness locomotion with guaranteed stability for quadruped robots traversing uneven terrains},
  author={Zhao Xinyuan and Wu Yuqiang and You Yangwei and Laurenzi Arturo and Tsagarakis Nikos},
  journal={Frontiers in Robotics and AI},
  year={2022},
}

