@inproceedings{mujoco,
  title={MuJoCo: A physics engine for model-based control},
  author={Todorov Emanuel},
  booktitle={2012 IEEE RSJ International Conference on Intelligent Robots and Systems},
  year={2012}
}

@misc{dreamwaq,
      title={DreamWaQ: Learning Robust Quadrupedal Locomotion With Implicit Terrain Imagination via Deep Reinforcement Learning}, 
      author={I Made Aswin Nahrendra and Byeongho Yu and Hyun Myung},
      year={2023},
      booktitle={2023 IEEE International Conference on Robotics and Automation (ICRA)},
      howpublished={arXiv},
}

@misc{rudin2022learning,
      title={Learning to Walk in Minutes Using Massively Parallel Deep Reinforcement Learning}, 
      author={Nikita Rudin and David Hoeller and Philipp Reist and Marco Hutter},
      year={2022},
      booktitle={Conference on Robot Learning},
}

@article{Lee_2020,
   title={Learning quadrupedal locomotion over challenging terrain},
   journal={Science Robotics},
   author={Lee Joonho and Hwangbo Jemin and Wellhausen Lorenz and Koltun Vladlen and Hutter Marco},
   year={2020},
}

@article{vic_sensible_tasks,
  author={Bogdanovic Miroslav and Khadiv Majid and Righetti Ludovic},
  journal={IEEE Robotics and Automation Letters}, 
  title={Learning Variable Impedance Control for Contact Sensitive Tasks}, 
  year={2020}
}

@inproceedings{genloco,
  title={Genloco: Generalized locomotion controllers for quadrupedal robots},
  author={Feng Gilbert and Zhang Hongbo and Li Zhongyu and Peng Xue Bin and Basireddy Bhuvan and Yue Linzhu and Song Zhitao and Yang Lizhi and Liu Yunhui and Sreenath Koushil and others},
  booktitle={Conference on Robot Learning},
  year={2023}
}

@inproceedings{torque_quadro,
  title={Learning torque control for quadrupedal locomotion},
  author={Chen Shuxiao and Zhang Bike and Mueller Mark W and Rai Akshara and Sreenath Koushil},
  booktitle={IEEE-RAS 22nd International Conference on Humanoid Robots (Humanoids)},
    year={2023}
}

@article{torque_biped,
  title={Torque-based deep reinforcement learning for task-and-robot agnostic learning on bipedal robots using sim-to-real transfer},
  author={Kim Donghyeon and Berseth Glen and Schwartz Mathew and Park Jaeheung},
  journal={IEEE Robotics and Automation Letters},
  year={2023},
}


@inproceedings{9560837,
  author={Xie Zhaoming and Da Xingye and van de Panne Michiel and Babich Buck and Garg Animesh},
  booktitle={IEEE International Conference on Robotics and Automation}, 
  title={Dynamics Randomization Revisited: A Case Study for Quadrupedal Locomotion}, 
  year={2021}
}

@article{smith2023demonstrating,
  title={Demonstrating a walk in the park: Learning to walk in 20 minutes with model-free reinforcement learning},
  author={Smith Laura and Kostrikov Ilya and Levine Sergey},
  journal={Robotics: Science and Systems (RSS) Demo},
  year={2023}
}


@article{margolis2024rapid,
  title={Rapid locomotion via reinforcement learning},
  author={Margolis Gabriel B and Yang Ge and Paigwar Kartik and Chen Tao and Agrawal Pulkit},
  journal={The International Journal of Robotics Research},
  year={2024}
}

@article{zhao2022variable,
  title={Variable stiffness locomotion with guaranteed stability for quadruped robots traversing uneven terrains},
  author={Zhao Xinyuan and Wu Yuqiang and You Yangwei and Laurenzi Arturo and Tsagarakis Nikos},
  journal={Frontiers in Robotics and AI},
  year={2022},
}
@article{yu2024compact,
  title={A Compact Variable Stiffness Actuator for Agile Legged Locomotion},
  author={Yu Lei and Zhao Haizhou and Qin Siying and Jin Gumin and Chen Yuqing},
  journal={IEEE ASME Transactions on Mechatronics},
  year={2024}
}
@article{fu2024novel,
  title={A Novel Variable Stiffness Compliant Robotic Link Based on Discrete Variable Stiffness Units for Safe Human Robot Interaction},
  author={Fu Jiaming and Yu Ziqing and Lin Han and Zheng Lianxi and Gan Dongming},
  journal={Journal of Mechanisms and Robotics},
  year={2024}
}
@article{kim2019highly,
  title={Highly dynamic quadruped locomotion via whole-body impulse control and model predictive control},
  author={Kim Donghyun and Di Carlo Jared and Katz Benjamin and Bledt Gerardo and Kim Sangbae},
  journal={arXiv},
  year={2019}
}

@inproceedings{di2018dynamic,
  title={Dynamic locomotion in the mit cheetah 3 through convex model-predictive control},
  author={Di Carlo Jared and Wensing Patrick M and Katz Benjamin and Bledt Gerardo and Kim Sangbae},
  booktitle={2018 IEEE RSJ international conference on intelligent robots and systems (IROS)},
  year={2018}
}

@misc{ppo,
      title={Proximal Policy Optimization Algorithms}, 
      author={John Schulman and Filip Wolski and Prafulla Dhariwal and Alec Radford and Oleg Klimov},
      year={2017},
}
