@inproceedings{DBLP:conf/acl/BarhomSEBRD19,
  author       = {Shany Barhom and
                  Vered Shwartz and
                  Alon Eirew and
                  Michael Bugert and
                  Nils Reimers and
                  Ido Dagan},
  title        = {Revisiting Joint Modeling of Cross-document Entity and Event Coreference
                  Resolution},
  booktitle    = {ACL},
  pages        = {4179--4189},
  year         = {2019}
}

@inproceedings{DBLP:conf/acl/HuLJ0GGC23,
  author       = {Zhilei Hu and
                  Zixuan Li and
                  Xiaolong Jin and
                  Long Bai and
                  Saiping Guan and
                  Jiafeng Guo and
                  Xueqi Cheng},
  title        = {Semantic Structure Enhanced Event Causality Identification},
  booktitle    = {ACL},
  pages        = {10901--10913},
  year         = {2023}
}

@inproceedings{DBLP:conf/acl/TranPN20,
  author       = {Hieu Minh Tran and
                  Duy Phung and
                  Thien Huu Nguyen},
  title        = {Exploiting Document Structures and Cluster Consistencies for Event
                  Coreference Resolution},
  booktitle    = {{ACL/IJCNLP}},
  pages        = {4840--4850},
  year         = {2021}
}

@inproceedings{DBLP:conf/coling/CuiSCLLS22,
  author       = {Shiyao Cui and
                  Jiawei Sheng and
                  Xin Cong and
                  Quangang Li and
                  Tingwen Liu and
                  Jinqiao Shi},
  title        = {Event Causality Extraction with Event Argument Correlations},
  booktitle    = {COLING},
  pages        = {2300--2312},
  year         = {2022}
}

@inproceedings{DBLP:conf/coling/ShenZWQ22,
  author       = {Shirong Shen and
                  Heng Zhou and
                  Tongtong Wu and
                  Guilin Qi},
  title        = {Event Causality Identification via Derivative Prompt Joint Learning},
  booktitle    = {{COLING}},
  pages        = {2288--2299},
  year         = {2022}
}

@inproceedings{DBLP:conf/coling/ZengJGGC20,
  author       = {Yutao Zeng and
                  Xiaolong Jin and
                  Saiping Guan and
                  Jiafeng Guo and
                  Xueqi Cheng},
  title        = {Event Coreference Resolution with their Paraphrases and Argument-aware
                  Embeddings},
  booktitle    = {{COLING}},
  pages        = {3084--3094},
  year         = {2020}
}

@inproceedings{DBLP:conf/eacl/TanPH23,
  author       = {Xingwei Tan and
                  Gabriele Pergola and
                  Yulan He},
  title        = {Event Temporal Relation Extraction with Bayesian Translational Model},
  booktitle    = {EACL},
  pages        = {1117--1130},
  year         = {2023}
}

@inproceedings{DBLP:conf/emnlp/SegalESGB20,
  author       = {Elad Segal and
                  Avia Efrat and
                  Mor Shoham and
                  Amir Globerson and
                  Jonathan Berant},
  title        = {A Simple and Effective Model for Answering Multi-span Questions},
  booktitle    = {EMNLP},
  pages        = {3074--3080},
  year         = {2020}
}

@inproceedings{DBLP:conf/emnlp/WangCZR20,
  author       = {Haoyu Wang and
                  Muhao Chen and
                  Hongming Zhang and
                  Dan Roth},
  title        = {Joint Constrained Learning for Event-Event Relation Extraction},
  booktitle    = {{EMNLP}},
  pages        = {696--706},
  year         = {2020}
}

@inproceedings{DBLP:conf/naacl/LuN21,
  author       = {Jing Lu and
                  Vincent Ng},
  title        = {Constrained Multi-Task Learning for Event Coreference Resolution},
  booktitle    = {{NAACL-HLT}},
  pages        = {4504--4514},
  year         = {2021}
}

@article{DBLP:journals/corr/abs-2307-09813,
  author       = {Wei Xiang and
                  Chuanhong Zhan and
                  Bang Wang},
  title        = {DAPrompt: Deterministic Assumption Prompt Learning for Event Causality
                  Identification},
  journal      = {CoRR},
  volume       = {abs/2307.09813},
  year         = {2023}
}

@inproceedings{hieu2022selecting,
  author       = {Hieu Man and
                  Nghia Trung Ngo and
                  Linh Ngo Van and
                  Thien Huu Nguyen},
  title        = {Selecting Optimal Context Sentences for Event-Event Relation Extraction},
  booktitle    = {AAAI},
  pages        = {11058--11066},
  year         = {2022}
}

@inproceedings{hu-etal-2019-multi,
    title = "A Multi-Type Multi-Span Network for Reading Comprehension that Requires Discrete Reasoning",
    author = "Hu, Minghao  and
      Peng, Yuxing  and
      Huang, Zhen  and
      Li, Dongsheng",
    booktitle = "EMNLP-IJCNLP",
    month = nov,
    year = "2019",
    address = "Hong Kong, China",
}

@misc{hu2023protoem,
      title={ProtoEM: A Prototype-Enhanced Matching Framework for Event Relation Extraction},
      author={Zhilei Hu and Zixuan Li and Daozhu Xu and Long Bai and Cheng Jin and Xiaolong Jin and Jiafeng Guo and Xueqi Cheng},
      year={2023},
      eprint={2309.12892},
      archivePrefix={arXiv},
      primaryClass={cs.CL}
}

@inproceedings{huang2023classification,
  author       = {Quzhe Huang and
                  Yutong Hu and
                  Shengqi Zhu and
                  Yansong Feng and
                  Chang Liu and
                  Dongyan Zhao},
  title        = {More than Classification: {A} Unified Framework for Event Temporal
                  Relation Extraction},
  booktitle    = {ACL},
  pages        = {9631--9646},
  year         = {2023}
}

@inproceedings{hwang-etal-2022-event,
    title = "Event-Event Relation Extraction using Probabilistic Box Embedding",
    author = "Hwang, EunJeong  and
      Lee, Jay-Yoon  and
      Yang, Tianyi  and
      Patel, Dhruvesh  and
      Zhang, Dongxu  and
      McCallum, Andrew",
    booktitle = "ACL",
    month = may,
    year = "2022",
    pages = "235--244",
}

@inproceedings{wang-etal-2022-maven,
    title = "{MAVEN}-{ERE}: A Unified Large-scale Dataset for Event Coreference, Temporal, Causal, and Subevent Relation Extraction",
    author = "Wang, Xiaozhi  and
      Chen, Yulin  and
      Ding, Ning  and
      Peng, Hao  and
      Wang, Zimu  and
      Lin, Yankai  and
      Han, Xu  and
      Hou, Lei  and
      Li, Juanzi  and
      Liu, Zhiyuan  and
      Li, Peng  and
      Zhou, Jie",
    booktitle = {{EMNLP}},
    month = dec,
    year = "2022",
    pages = "926--941",
}

@misc{wang2023instructuie,
      title={InstructUIE: Multi-task Instruction Tuning for Unified Information Extraction},
      author={Xiao Wang and Weikang Zhou and Can Zu and Han Xia and Tianze Chen and Yuansen Zhang and Rui Zheng and Junjie Ye and Qi Zhang and Tao Gui and Jihua Kang and Jingsheng Yang and Siyuan Li and Chunsai Du},
      year={2023},
      eprint={2304.08085},
      archivePrefix={arXiv},
      primaryClass={cs.CL}
}

@misc{xiao2024yayiuie,
      title={YAYI-UIE: A Chat-Enhanced Instruction Tuning Framework for Universal Information Extraction},
      author={Xinglin Xiao and Yijie Wang and Nan Xu and Yuqi Wang and Hanxuan Yang and Minzheng Wang and Yin Luo and Lei Wang and Wenji Mao and Daniel Zeng},
      year={2024},
      eprint={2312.15548},
      archivePrefix={arXiv},
      primaryClass={cs.CL}
}

