@inproceedings{yu2023magvit,
  title={Magvit: Masked generative video transformer},
  author={Yu, Lijun and Cheng, Yong and Sohn, Kihyuk and Lezama, Jos{\'e} and Zhang, Han and Chang, Huiwen and Hauptmann, Alexander G and Yang, Ming-Hsuan and Hao, Yuan and Essa, Irfan and others},
  booktitle={CVPR},
  year={2023}
}

@inproceedings{chang2022maskgit,
  title={Maskgit: Masked generative image transformer},
  author={Chang, Huiwen and Zhang, Han and Jiang, Lu and Liu, Ce and Freeman, William T},
  booktitle={CVPR},
  year={2022}
}

@article{chen2024next,
  title={Next Token Prediction Towards Multimodal Intelligence: A Comprehensive Survey},
  author={Chen, Liang and Wang, Zekun and Ren, Shuhuai and Li, Lei and Zhao, Haozhe and Li, Yunshui and Cai, Zefan and Guo, Hongcheng and Zhang, Lei and Xiong, Yizhe and others},
  journal={arXiv preprint arXiv:2412.18619},
  year={2024}
}

@article{ren2023testa,
  title={TESTA: Temporal-spatial token aggregation for long-form video-language understanding},
  author={Ren, Shuhuai and Chen, Sishuo and Li, Shicheng and Sun, Xu and Hou, Lu},
  journal={arXiv preprint arXiv:2310.19060},
  year={2023}
}

@inproceedings{villegas2022phenaki,
  title={Phenaki: Variable length video generation from open domain textual descriptions},
  author={Villegas, Ruben and Babaeizadeh, Mohammad and Kindermans, Pieter-Jan and Moraldo, Hernan and Zhang, Han and Saffar, Mohammad Taghi and Castro, Santiago and Kunze, Julius and Erhan, Dumitru},
  booktitle={ICLR},
  year={2022}
}

@article{tian2024visual,
  title={Visual Autoregressive Modeling: Scalable Image Generation via Next-Scale Prediction},
  author={Tian, Keyu and Jiang, Yi and Yuan, Zehuan and Peng, Bingyue and Wang, Liwei},
  journal={arXiv preprint arXiv:2404.02905},
  year={2024}
}

@inproceedings{yu2023language,
  title={Language Model Beats Diffusion--Tokenizer is Key to Visual Generation},
  author={Yu, Lijun and Lezama, Jos{\'e} and Gundavarapu, Nitesh B and Versari, Luca and Sohn, Kihyuk and Minnen, David and Cheng, Yong and Gupta, Agrim and Gu, Xiuye and Hauptmann, Alexander G and others},
  booktitle={ICLR},
  year={2024}
}

@article{walker2021predicting,
  title={Predicting video with vqvae},
  author={Walker, Jacob and Razavi, Ali and Oord, A{\"a}ron van den},
  journal={arXiv preprint arXiv:2103.01950},
  year={2021}
}

@inproceedings{ge2022long,
  title={Long video generation with time-agnostic vqgan and time-sensitive transformer},
  author={Ge, Songwei and Hayes, Thomas and Yang, Harry and Yin, Xi and Pang, Guan and Jacobs, David and Huang, Jia-Bin and Parikh, Devi},
  booktitle={ECCV},
  year={2022},
}

@inproceedings{hong2022cogvideo,
  title={Cogvideo: Large-scale pretraining for text-to-video generation via transformers},
  author={Hong, Wenyi and Ding, Ming and Zheng, Wendi and Liu, Xinghan and Tang, Jie},
  booktitle={ICLR},
  year={2023}
}

@article{rakhimov2020latent,
  title={Latent video transformer},
  author={Rakhimov, Ruslan and Volkhonskiy, Denis and Artemov, Alexey and Zorin, Denis and Burnaev, Evgeny},
  journal={arXiv preprint arXiv:2006.10704},
  year={2020}
}

@inproceedings{weissenborn2019scaling,
  title={Scaling autoregressive video models},
  author={Weissenborn, Dirk and T{\"a}ckstr{\"o}m, Oscar and Uszkoreit, Jakob},
  booktitle={ICLR},
  year={2020}
}

@article{Wang2024OmniTokenizerAJ,
  title={OmniTokenizer: A Joint Image-Video Tokenizer for Visual Generation},
  author={Junke Wang and Yi Jiang and Zehuan Yuan and Binyue Peng and Zuxuan Wu and Yu-Gang Jiang},
  journal={ArXiv},
  year={2024},
  volume={abs/2406.09399},
  url={https://api.semanticscholar.org/CorpusID:270440676}
}

@article{Zhao2024ImageAV,
  title={Image and Video Tokenization with Binary Spherical Quantization},
  author={Yue Zhao and Yuanjun Xiong and Philipp Krahenbuhl},
  journal={ArXiv},
  year={2024},
  volume={abs/2406.07548},
  url={https://api.semanticscholar.org/CorpusID:270380237}
}

@article{Li2024AutoregressiveIG,
  title={Autoregressive Image Generation without Vector Quantization},
  author={Tianhong Li and Yonglong Tian and He Li and Mingyang Deng and Kaiming He},
  journal={ArXiv},
  year={2024},
  volume={abs/2406.11838},
  url={https://api.semanticscholar.org/CorpusID:270560593}
}

@article{Tian2024VisualAM,
  title={Visual Autoregressive Modeling: Scalable Image Generation via Next-Scale Prediction},
  author={Keyu Tian and Yi Jiang and Zehuan Yuan and Bingyue Peng and Liwei Wang},
  journal={ArXiv},
  year={2024},
  volume={abs/2404.02905},
  url={https://api.semanticscholar.org/CorpusID:268876071}
}

@inproceedings{Yang2024CogVideoXTD,
  title={CogVideoX: Text-to-Video Diffusion Models with An Expert Transformer},
  author={Zhuoyi Yang and Jiayan Teng and Wendi Zheng and Ming Ding and Shiyu Huang and Jiazheng Xu and Yuanming Yang and Wenyi Hong and Xiaohan Zhang and Guanyu Feng and Da Yin and Xiaotao Gu and Yuxuan Zhang and Weihan Wang and Yean Cheng and Ting Liu and Bin Xu and Yuxiao Dong and Jie Tang},
  year={2024},
  url={https://api.semanticscholar.org/CorpusID:271855655}
}

@article{Brown2020LanguageMA,
  title={Language Models are Few-Shot Learners},
  author={Tom B. Brown and Benjamin Mann and Nick Ryder and Melanie Subbiah and Jared Kaplan and Prafulla Dhariwal and Arvind Neelakantan and Pranav Shyam and Girish Sastry and Amanda Askell and Sandhini Agarwal and Ariel Herbert-Voss and Gretchen Krueger and Tom Henighan and Rewon Child and Aditya Ramesh and Daniel M. Ziegler and Jeff Wu and Clemens Winter and Christopher Hesse and Mark Chen and Eric Sigler and Ma-teusz Litwin and Scott Gray and Benjamin Chess and Jack Clark and Christopher Berner and Sam McCandlish and Alec Radford and Ilya Sutskever and Dario Amodei},
  journal={ArXiv},
  year={2020},
  volume={abs/2005.14165},
  url={https://api.semanticscholar.org/CorpusID:218971783}
}

@inproceedings{Achiam2023GPT4TR,
  title={GPT-4 Technical Report},
  author={OpenAI Josh Achiam and Steven Adler and Sandhini Agarwal and Lama Ahmad and Ilge Akkaya and Florencia Leoni Aleman and Diogo Almeida and Janko Altenschmidt and Sam Altman and Shyamal Anadkat and Red Avila and Igor Babuschkin and Suchir Balaji and Valerie Balcom and Paul Baltescu and Haim-ing Bao and Mo Bavarian and Jeff Belgum and Irwan Bello and Jake Berdine and Gabriel Bernadett-Shapiro and Christopher Berner and Lenny Bogdonoff and Oleg Boiko and Madelaine Boyd and Anna-Luisa Brakman and Greg Brockman and Tim Brooks and Miles Brundage and Kevin Button and Trevor Cai and Rosie Campbell and Andrew Cann and Brittany Carey and Chelsea Carlson and Rory Carmichael and Brooke Chan and Che Chang and Fotis Chantzis and Derek Chen and Sully Chen and Ruby Chen and Jason Chen and Mark Chen and Benjamin Chess and Chester Cho and Casey Chu and Hyung Won Chung and Dave Cummings and Jeremiah Currier and Yunxing Dai and Cory Decareaux and Thomas Degry and Noah Deutsch and Damien Deville and Arka Dhar and David Dohan and Steve Dowling and Sheila Dunning and Adrien Ecoffet and Atty Eleti and Tyna Eloundou and David Farhi and Liam Fedus and Niko Felix and Sim'on Posada Fishman and Juston Forte and Is-abella Fulford and Leo Gao and Elie Georges and Christian Gibson and Vik Goel and Tarun Gogineni and Gabriel Goh and Raphael Gontijo-Lopes and Jonathan Gordon and Morgan Grafstein and Scott Gray and Ryan Greene and Joshua Gross and Shixiang Shane Gu and Yufei Guo and Chris Hallacy and Jesse Han and Jeff Harris and Yuchen He and Mike Heaton and Johannes Heidecke and Chris Hesse and Alan Hickey and Wade Hickey and Peter Hoeschele and Brandon Houghton and Kenny Hsu and Shengli Hu and Xin Hu and Joost Huizinga and Shantanu Jain and Shawn Jain and Joanne Jang and Angela Jiang and Roger Jiang and Haozhun Jin and Denny Jin and Shino Jomoto and Billie Jonn and Heewoo Jun and Tomer Kaftan and Lukasz Kaiser and Ali Kamali and Ingmar Kanitscheider and Nitish Shirish Keskar and Tabarak Khan and Logan Kilpatrick and Jong Wook Kim and Christina Kim and Yongjik Kim and Hendrik Kirchner and Jamie Ryan Kiros and Matthew Knight and Daniel Kokotajlo and Lukasz Kondraciuk and Andrew Kondrich and Aris Konstantinidis and Kyle Kosic and Gretchen Krueger and Vishal Kuo and Michael Lampe and Ikai Lan and Teddy Lee and Jan Leike and Jade Leung and Daniel Levy and Chak Ming Li and Rachel Lim and Molly Lin and Stephanie Lin and Ma-teusz Litwin and Theresa Lopez and Ryan Lowe and Patricia Lue and Anna Adeola Makanju and Kim Malfacini and Sam Manning and Todor Markov and Yaniv Markovski and Bianca Martin and Katie Mayer and Andrew Mayne and Bob McGrew and Scott Mayer McKinney and Christine McLeavey and Paul McMillan and Jake McNeil and David Medina and Aalok Mehta and Jacob Menick and Luke Metz and Andrey Mishchenko and Pamela Mishkin and Vinnie Monaco and Evan Morikawa and Daniel P. Mossing and Tong Mu and Mira Murati and Oleg Murk and David M'ely and Ashvin Nair and Reiichiro Nakano and Rajeev Nayak and Arvind Neelakantan and Richard Ngo and Hyeonwoo Noh and Ouyang Long and Cullen O'Keefe and Jakub W. Pachocki and Alex Paino and Joe Palermo and Ashley Pantuliano and Giambattista Parascandolo and Joel Parish and Emy Parparita and Alexandre Passos and Mikhail Pavlov and Andrew Peng and Adam Perelman and Filipe de Avila Belbute Peres and Michael Petrov and Henrique Pond{\'e} de Oliveira Pinto and Michael Pokorny and Michelle Pokrass and Vitchyr H. Pong and Tolly Powell and Alethea Power and Boris Power and Elizabeth Proehl and Raul Puri and Alec Radford and Jack Rae and Aditya Ramesh and Cameron Raymond and Francis Real and Kendra Rimbach and Carl Ross and Bob Rotsted and Henri Roussez and Nick Ryder and Mario D. Saltarelli and Ted Sanders and Shibani Santurkar and Girish Sastry and Heather Schmidt and David Schnurr and John Schulman and Daniel Selsam and Kyla Sheppard and Toki Sherbakov and Jessica Shieh and Sarah Shoker and Pranav Shyam and Szymon Sidor and Eric Sigler and Maddie Simens and Jordan Sitkin and Katarina Slama and Ian Sohl and Benjamin D. Sokolowsky and Yang Song and Natalie Staudacher and Felipe Petroski Such and Natalie Summers and Ilya Sutskever and Jie Tang and Nikolas A. Tezak and Madeleine Thompson and Phil Tillet and Amin Tootoonchian and Elizabeth Tseng and Preston Tuggle and Nick Turley and Jerry Tworek and Juan Felipe Cer'on Uribe and Andrea Vallone and Arun Vijayvergiya and Chelsea Voss and Carroll L. Wainwright and Justin Jay Wang and Alvin Wang and Ben Wang and Jonathan Ward and Jason Wei and CJ Weinmann and Akila Welihinda and Peter Welinder and Jiayi Weng and Lilian Weng and Matt Wiethoff and Dave Willner and Clemens Winter and Samuel Wolrich and Hannah Wong and Lauren Workman and Sherwin Wu and Jeff Wu and Michael Wu and Kai Xiao and Tao Xu and Sarah Yoo and Kevin Yu and Qim-ing Yuan and Wojciech Zaremba and Rowan Zellers and Chong Zhang and Marvin Zhang and Shengjia Zhao and Tianhao Zheng and Juntang Zhuang and William Zhuk and Barret Zoph},
  year={2023},
  url={https://api.semanticscholar.org/CorpusID:257532815}
}

@inproceedings{Chen2020GenerativePF,
  title={Generative Pretraining From Pixels},
  author={Mark Chen and Alec Radford and Jeff Wu and Heewoo Jun and Prafulla Dhariwal and David Luan and Ilya Sutskever},
  booktitle={International Conference on Machine Learning},
  year={2020},
  url={https://api.semanticscholar.org/CorpusID:219781060}
}

@article{Ho2022ImagenVH,
  title={Imagen Video: High Definition Video Generation with Diffusion Models},
  author={Jonathan Ho and William Chan and Chitwan Saharia and Jay Whang and Ruiqi Gao and Alexey A. Gritsenko and Diederik P. Kingma and Ben Poole and Mohammad Norouzi and David J. Fleet and Tim Salimans},
  journal={ArXiv},
  year={2022},
  volume={abs/2210.02303},
  url={https://api.semanticscholar.org/CorpusID:252715883}
}

@article{Lee2022AutoregressiveIG,
  title={Autoregressive Image Generation using Residual Quantization},
  author={Doyup Lee and Chiheon Kim and Saehoon Kim and Minsu Cho and Wook-Shin Han},
  journal={2022 IEEE/CVF Conference on Computer Vision and Pattern Recognition (CVPR)},
  year={2022},
  pages={11513-11522},
  url={https://api.semanticscholar.org/CorpusID:247244535}
}

@inproceedings{Vaswani2017AttentionIA,
  title={Attention is All you Need},
  author={Ashish Vaswani and Noam M. Shazeer and Niki Parmar and Jakob Uszkoreit and Llion Jones and Aidan N. Gomez and Lukasz Kaiser and Illia Polosukhin},
  booktitle={Neural Information Processing Systems},
  year={2017},
  url={https://api.semanticscholar.org/CorpusID:13756489}
}

@article{Team2024ChameleonME,
  title={Chameleon: Mixed-Modal Early-Fusion Foundation Models},
  author={Chameleon Team},
  journal={ArXiv},
  year={2024},
  volume={abs/2405.09818},
  url={https://api.semanticscholar.org/CorpusID:269791516}
}

@article{Soomro2012UCF101AD,
  title={UCF101: A Dataset of 101 Human Actions Classes From Videos in The Wild},
  author={Khurram Soomro and Amir Zamir and Mubarak Shah},
  journal={ArXiv},
  year={2012},
  volume={abs/1212.0402},
  url={https://api.semanticscholar.org/CorpusID:7197134}
}

@article{Carreira2018ASN,
  title={A Short Note about Kinetics-600},
  author={Jo{\~a}o Carreira and Eric Noland and Andras Banki-Horvath and Chloe Hillier and Andrew Zisserman},
  journal={ArXiv},
  year={2018},
  volume={abs/1808.01340},
  url={https://api.semanticscholar.org/CorpusID:51927456}
}

@article{Mentzer2023FiniteSQ,
  title={Finite Scalar Quantization: VQ-VAE Made Simple},
  author={Fabian Mentzer and David C. Minnen and Eirikur Agustsson and Michael Tschannen},
  journal={ArXiv},
  year={2023},
  volume={abs/2309.15505},
  url={https://api.semanticscholar.org/CorpusID:263153393}
}

@article{Russakovsky2014ImageNetLS,
  title={ImageNet Large Scale Visual Recognition Challenge},
  author={Olga Russakovsky and Jia Deng and Hao Su and Jonathan Krause and Sanjeev Satheesh and Sean Ma and Zhiheng Huang and Andrej Karpathy and Aditya Khosla and Michael S. Bernstein and Alexander C. Berg and Li Fei-Fei},
  journal={International Journal of Computer Vision},
  year={2014},
  volume={115},
  pages={211 - 252},
  url={https://api.semanticscholar.org/CorpusID:2930547}
}

@article{Isola2016ImagetoImageTW,
  title={Image-to-Image Translation with Conditional Adversarial Networks},
  author={Phillip Isola and Jun-Yan Zhu and Tinghui Zhou and Alexei A. Efros},
  journal={2017 IEEE Conference on Computer Vision and Pattern Recognition (CVPR)},
  year={2016},
  pages={5967-5976},
  url={https://api.semanticscholar.org/CorpusID:6200260}
}

@article{Karras2018ASG,
  title={A Style-Based Generator Architecture for Generative Adversarial Networks},
  author={Tero Karras and Samuli Laine and Timo Aila},
  journal={2019 IEEE/CVF Conference on Computer Vision and Pattern Recognition (CVPR)},
  year={2018},
  pages={4396-4405},
  url={https://api.semanticscholar.org/CorpusID:54482423}
}

@article{Touvron2023LLaMAOA,
  title={LLaMA: Open and Efficient Foundation Language Models},
  author={Hugo Touvron and Thibaut Lavril and Gautier Izacard and Xavier Martinet and Marie-Anne Lachaux and Timoth{\'e}e Lacroix and Baptiste Rozi{\`e}re and Naman Goyal and Eric Hambro and Faisal Azhar and Aurelien Rodriguez and Armand Joulin and Edouard Grave and Guillaume Lample},
  journal={ArXiv},
  year={2023},
  volume={abs/2302.13971},
  url={https://api.semanticscholar.org/CorpusID:257219404}
}

@article{Yu2023ScalingAM,
  title={Scaling Autoregressive Multi-Modal Models: Pretraining and Instruction Tuning},
  author={L. Yu and Bowen Shi and Ramakanth Pasunuru and Benjamin Muller and O. Yu. Golovneva and Tianlu Wang and Arun Babu and Binh Tang and Brian Karrer and Shelly Sheynin and Candace Ross and Adam Polyak and Russell Howes and Vasu Sharma and Puxin Xu and Hovhannes Tamoyan and Oron Ashual and Uriel Singer and Shang-Wen Li and Susan Zhang and Rich James and Gargi Ghosh and Yaniv Taigman and Maryam Fazel-Zarandi and Asli Celikyilmaz and Luke Zettlemoyer and Armen Aghajanyan},
  journal={ArXiv},
  year={2023},
  volume={abs/2309.02591},
  url={https://api.semanticscholar.org/CorpusID:261556690}
}

@article{Lu2023UnifiedIO2S,
  title={Unified-IO 2: Scaling Autoregressive Multimodal Models with Vision, Language, Audio, and Action},
  author={Jiasen Lu and Christopher Clark and Sangho Lee and Zichen Zhang and Savya Khosla and Ryan Marten and Derek Hoiem and Aniruddha Kembhavi},
  journal={ArXiv},
  year={2023},
  volume={abs/2312.17172},
  url={https://api.semanticscholar.org/CorpusID:266573555}
}

@article{Wu2023NExTGPTAM,
  title={NExT-GPT: Any-to-Any Multimodal LLM},
  author={Shengqiong Wu and Hao Fei and Leigang Qu and Wei Ji and Tat-Seng Chua},
  journal={ArXiv},
  year={2023},
  volume={abs/2309.05519},
  url={https://api.semanticscholar.org/CorpusID:261696650}
}

@article{Kaplan2020ScalingLF,
  title={Scaling Laws for Neural Language Models},
  author={Jared Kaplan and Sam McCandlish and Tom Henighan and Tom B. Brown and Benjamin Chess and Rewon Child and Scott Gray and Alec Radford and Jeff Wu and Dario Amodei},
  journal={ArXiv},
  year={2020},
  volume={abs/2001.08361},
  url={https://api.semanticscholar.org/CorpusID:210861095}
}

@article{Dao2022FlashAttentionFA,
  title={FlashAttention: Fast and Memory-Efficient Exact Attention with IO-Awareness},
  author={Tri Dao and Daniel Y. Fu and Stefano Ermon and Atri Rudra and Christopher R'e},
  journal={ArXiv},
  year={2022},
  volume={abs/2205.14135},
  url={https://api.semanticscholar.org/CorpusID:249151871}
}

@article{Yan2021VideoGPTVG,
  title={VideoGPT: Video Generation using VQ-VAE and Transformers},
  author={Wilson Yan and Yunzhi Zhang and P. Abbeel and A. Srinivas},
  journal={ArXiv},
  year={2021},
  volume={abs/2104.10157},
  url={https://api.semanticscholar.org/CorpusID:233307257}
}

@inproceedings{Stern2018BlockwisePD,
  title={Blockwise Parallel Decoding for Deep Autoregressive Models},
  author={Mitchell Stern and Noam M. Shazeer and Jakob Uszkoreit},
  booktitle={Neural Information Processing Systems},
  year={2018},
  url={https://api.semanticscholar.org/CorpusID:53208380}
}

@article{Gloeckle2024BetterF,
  title={Better \& Faster Large Language Models via Multi-token Prediction},
  author={Fabian Gloeckle and Badr Youbi Idrissi and Baptiste Rozi{\`e}re and David Lopez-Paz and Gabriele Synnaeve},
  journal={ArXiv},
  year={2024},
  volume={abs/2404.19737},
  url={https://api.semanticscholar.org/CorpusID:269457456}
}

@article{Wu2021GODIVAGO,
  title={GODIVA: Generating Open-DomaIn Videos from nAtural Descriptions},
  author={Chenfei Wu and Lun Huang and Qianxi Zhang and Binyang Li and Lei Ji and Fan Yang and Guillermo Sapiro and Nan Duan},
  journal={ArXiv},
  year={2021},
  volume={abs/2104.14806},
  url={https://api.semanticscholar.org/CorpusID:233476314}
}

@article{Wu2021NWAVS,
  title={N{\"U}WA: Visual Synthesis Pre-training for Neural visUal World creAtion},
  author={Chenfei Wu and Jian Liang and Lei Ji and Fan Yang and Yuejian Fang and Daxin Jiang and Nan Duan},
  journal={ArXiv},
  year={2021},
  volume={abs/2111.12417},
  url={https://api.semanticscholar.org/CorpusID:244527261}
}

@misc{liu2024lumina-mgpt,
      title={Lumina-mGPT: Illuminate Flexible Photorealistic Text-to-Image Generation with Multimodal Generative Pretraining},
      author={Dongyang Liu and Shitian Zhao and Le Zhuo and Weifeng Lin and Yu Qiao and Hongsheng Li and Peng Gao},
      year={2024},
      eprint={2408.02657},
      archivePrefix={arXiv},
      primaryClass={cs.CV},
      url={https://arxiv.org/abs/2408.02657},
}

@article{Ge2023PreserveYO,
  title={Preserve Your Own Correlation: A Noise Prior for Video Diffusion Models},
  author={Songwei Ge and Seungjun Nah and Guilin Liu and Tyler Poon and Andrew Tao and Bryan Catanzaro and David Jacobs and Jia-Bin Huang and Ming-Yu Liu and Yogesh Balaji},
  journal={2023 IEEE/CVF International Conference on Computer Vision (ICCV)},
  year={2023},
  pages={22873-22884},
  url={https://api.semanticscholar.org/CorpusID:258762178}
}

@article{Gupta2023PhotorealisticVG,
  title={Photorealistic Video Generation with Diffusion Models},
  author={Agrim Gupta and Lijun Yu and Kihyuk Sohn and Xiuye Gu and Meera Hahn and Fei-Fei Li and Irfan Essa and Lu Jiang and Jos{\'e} Lezama},
  journal={ArXiv},
  year={2023},
  volume={abs/2312.06662},
  url={https://api.semanticscholar.org/CorpusID:266163109}
}

@article{Kondratyuk2023VideoPoetAL,
  title={VideoPoet: A Large Language Model for Zero-Shot Video Generation},
  author={D. Kondratyuk and Lijun Yu and Xiuye Gu and Jos{\'e} Lezama and Jonathan Huang and Rachel Hornung and Hartwig Adam and Hassan Akbari and Yair Alon and Vighnesh Birodkar and Yong Cheng and Ming-Chang Chiu and Josh Dillon and Irfan Essa and Agrim Gupta and Meera Hahn and Anja Hauth and David Hendon and Alonso Martinez and David C. Minnen and David A. Ross and Grant Schindler and Mikhail Sirotenko and Kihyuk Sohn and Krishna Somandepalli and Huisheng Wang and Jimmy Yan and Ming Yang and Xuan Yang and Bryan Seybold and Lu Jiang},
  journal={ArXiv},
  year={2023},
  volume={abs/2312.14125},
  url={https://api.semanticscholar.org/CorpusID:266435847}
}

@article{ranzato2015sequence,
  title={Sequence level training with recurrent neural networks},
  author={Ranzato, Marc'Aurelio and Chopra, Sumit and Auli, Michael and Zaremba, Wojciech},
  journal={arXiv preprint arXiv:1511.06732},
  year={2015}
}

@article{Yu2022GeneratingVW,
  title={Generating Videos with Dynamics-aware Implicit Generative Adversarial Networks},
  author={Sihyun Yu and Jihoon Tack and Sangwoo Mo and Hyunsu Kim and Junho Kim and Jung-Woo Ha and Jinwoo Shin},
  journal={ArXiv},
  year={2022},
  volume={abs/2202.10571},
  url={https://api.semanticscholar.org/CorpusID:247025714}
}

@article{Skorokhodov2021StyleGANVAC,
  title={StyleGAN-V: A Continuous Video Generator with the Price, Image Quality and Perks of StyleGAN2},
  author={Ivan Skorokhodov and S. Tulyakov and Mohamed Elhoseiny},
  journal={2022 IEEE/CVF Conference on Computer Vision and Pattern Recognition (CVPR)},
  year={2021},
  pages={3616-3626},
  url={https://api.semanticscholar.org/CorpusID:245537141}
}

@article{Yang2022DiffusionMA,
  title={Diffusion Models: A Comprehensive Survey of Methods and Applications},
  author={Ling Yang and Zhilong Zhang and Shenda Hong and Runsheng Xu and Yue Zhao and Yingxia Shao and Wentao Zhang and Ming-Hsuan Yang and Bin Cui},
  journal={ACM Computing Surveys},
  year={2022},
  volume={56},
  pages={1 - 39},
  url={https://api.semanticscholar.org/CorpusID:252070859}
}

@misc{gpt4o,
  author = {OpenAI},
  title = {Hello GPT-4o},
  howpublished = {\url{https://openai.com/index/hello-gpt-4o/}},
  year = {2024},
  note = {Accessed: 2024-05-26}
}

@article{Gu2017NonAutoregressiveNM,
  title={Non-Autoregressive Neural Machine Translation},
  author={Jiatao Gu and James Bradbury and Caiming Xiong and Victor O. K. Li and Richard Socher},
  journal={ArXiv},
  year={2017},
  volume={abs/1711.02281},
  url={https://api.semanticscholar.org/CorpusID:3480671}
}


@inproceedings{Xia2022SpeculativeDE,
  title={Speculative decoding: Exploiting speculative execution for accelerating seq2seq generation},
  author={Xia, Heming and Ge, Tao and Wang, Peiyi and Chen, Si-Qing and Wei, Furu and Sui, Zhifang},
  booktitle={Findings of the Association for Computational Linguistics: EMNLP 2023},
  pages={3909--3925},
  year={2023}
}

@misc{chatgpt,
  author = {OpenAI},
  title = {ChatGPT: Chat Generative Pre-trained Transformer},
  year = {2023},
  howpublished = {\url{https://chat.openai.com/}},
  note = {Accessed: 2024-05-27}
}

@misc{gpt-o1,
  author = {OpenAI},
  title = {OpenAI o1},
  year = {2024},
  howpublished = {\url{https://openai.com/index/learning-to-reason-with-llms/}},
  note = {Accessed: 2024-09-12}
}

@inproceedings{chen-etal-2024-pca,
    title = "{PCA}-Bench: Evaluating Multimodal Large Language Models in Perception-Cognition-Action Chain",
    author = "Chen, Liang  and
      Zhang, Yichi  and
      Ren, Shuhuai  and
      Zhao, Haozhe  and
      Cai, Zefan  and
      Wang, Yuchi  and
      Wang, Peiyi  and
      Meng, Xiangdi  and
      Liu, Tianyu  and
      Chang, Baobao",
    booktitle = "Findings of the Association for Computational Linguistics ACL 2024",
    url = "https://aclanthology.org/2024.findings-acl.64",
}

@article{unterthiner2018towards,
  title={Towards accurate generative models of video: A new metric \& challenges},
  author={Unterthiner, Thomas and van Steenkiste, Sjoerd and Kurach, Karol and Marinier, Raphael and Michalski, Marcin and Gelly, Sylvain},
  journal={arXiv:1812.01717},
  year={2018}
}

@inproceedings{zhang2018unreasonable,
  title={The unreasonable effectiveness of deep features as a perceptual metric},
  author={Zhang, Richard and Isola, Phillip and Efros, Alexei A and Shechtman, Eli and Wang, Oliver},
  booktitle=CVPR,
   ignpages={586--595},
  year={2018}
}

@article{wang2004image,
  title={Image quality assessment: from error visibility to structural similarity},
  author={Wang, Zhou and Bovik, Alan C and Sheikh, Hamid R and Simoncelli, Eero P},
  journal=TIP,
  volume={13},
  number={4},
  pages={600--612},
  year={2004},
  publisher={IEEE}
}

@article{saito2020train,
  title={Train sparsely, generate densely: Memory-efficient unsupervised training of high-resolution temporal gan},
  author={Saito, Masaki and Saito, Shunta and Koyama, Masanori and Kobayashi, Sosuke},
  journal=IJCV,
  volume={128},
  number={10},
  pages={2586--2606},
  year={2020},
  publisher={Springer}
}

@inproceedings{carreira2017quo,
  title={Quo vadis, action recognition? a new model and the {K}inetics dataset},
  author={Carreira, Joao and Zisserman, Andrew},
  booktitle=CVPR,
   ignpages={6299--6308},
  year={2017}
}

@inproceedings{zhang2023pre,
  title={Pre-trained Language Models Do Not Help Auto-regressive Text-to-Image Generation},
  author={Zhang, Yuhui and McKinzie, Brandon and Gan, Zhe and Shankar, Vaishaal and Toshev, Alexander},
  booktitle={Proceedings on},
  pages={127--133},
  year={2023},
  organization={PMLR}
}

@article{wei2022emergent,
  title={Emergent abilities of large language models},
  author={Wei, Jason and Tay, Yi and Bommasani, Rishi and Raffel, Colin and Zoph, Barret and Borgeaud, Sebastian and Yogatama, Dani and Bosma, Maarten and Zhou, Denny and Metzler, Donald and others},
  journal={arXiv preprint arXiv:2206.07682},
  year={2022}
}

@article{henighan2020scaling,
  title={Scaling laws for autoregressive generative modeling},
  author={Henighan, Tom and Kaplan, Jared and Katz, Mor and Chen, Mark and Hesse, Christopher and Jackson, Jacob and Jun, Heewoo and Brown, Tom B and Dhariwal, Prafulla and Gray, Scott and others},
  journal={arXiv preprint arXiv:2010.14701},
  year={2020}
}

@article{bengio2015scheduled,
  title={Scheduled sampling for sequence prediction with recurrent neural networks},
  author={Bengio, Samy and Vinyals, Oriol and Jaitly, Navdeep and Shazeer, Noam},
  journal={Advances in neural information processing systems},
  volume={28},
  year={2015}
}

@article{bubeck2023sparks,
  title={Sparks of artificial general intelligence: Early experiments with GPT-4. arXiv},
  author={Bubeck, S{\'e}bastien and Chandrasekaran, Varun and Eldan, Ronen and Gehrke, Johannes and Horvitz, Eric and Kamar, Ece and Lee, Peter and Lee, Yin Tat and Li, Yuanzhi and Lundberg, Scott and others},
  journal={arXiv preprint arXiv:2303.12712},
  year={2023}
}

@article{podell2023sdxl,
  title={Sdxl: Improving latent diffusion models for high-resolution image synthesis},
  author={Podell, Dustin and English, Zion and Lacey, Kyle and Blattmann, Andreas and Dockhorn, Tim and M{\"u}ller, Jonas and Penna, Joe and Rombach, Robin},
  journal={arXiv preprint arXiv:2307.01952},
  year={2023}
}

@article{girdhar2023emu,
  title={Emu video: Factorizing text-to-video generation by explicit image conditioning},
  author={Girdhar, Rohit and Singh, Mannat and Brown, Andrew and Duval, Quentin and Azadi, Samaneh and Rambhatla, Sai Saketh and Shah, Akbar and Yin, Xi and Parikh, Devi and Misra, Ishan},
  journal={arXiv preprint arXiv:2311.10709},
  year={2023}
}

@article{singer2022make,
  title={Make-a-video: Text-to-video generation without text-video data},
  author={Singer, Uriel and Polyak, Adam and Hayes, Thomas and Yin, Xi and An, Jie and Zhang, Songyang and Hu, Qiyuan and Yang, Harry and Ashual, Oron and Gafni, Oran and others},
  journal={arXiv preprint arXiv:2209.14792},
  year={2022}
}

@inproceedings{skorokhodov2024hierarchical,
  title={Hierarchical Patch Diffusion Models for High-Resolution Video Generation},
  author={Skorokhodov, Ivan and Menapace, Willi and Siarohin, Aliaksandr and Tulyakov, Sergey},
  booktitle={Proceedings of the IEEE/CVF Conference on Computer Vision and Pattern Recognition},
  pages={7569--7579},
  year={2024}
}

@article{luo2023videofusion,
  title={Videofusion: Decomposed diffusion models for high-quality video generation},
  author={Luo, Zhengxiong and Chen, Dayou and Zhang, Yingya and Huang, Yan and Wang, Liang and Shen, Yujun and Zhao, Deli and Zhou, Jingren and Tan, Tieniu},
  journal={arXiv preprint arXiv:2303.08320},
  year={2023}
}

@Misc{xFormers2022,
  author =       {Benjamin Lefaudeux and Francisco Massa and Diana Liskovich and Wenhan Xiong and Vittorio Caggiano and Sean Naren and Min Xu and Jieru Hu and Marta Tintore and Susan Zhang and Patrick Labatut and Daniel Haziza and Luca Wehrstedt and Jeremy Reizenstein and Grigory Sizov},
  title =        {xFormers: A modular and hackable Transformer modelling library},
  howpublished = {\url{https://github.com/facebookresearch/xformers}},
  year =         {2022}
}

@article{wang2024parallelized,
  title={Parallelized Autoregressive Visual Generation},
  author={Wang, Yuqing and Ren, Shuhuai and Lin, Zhijie and Han, Yujin and Guo, Haoyuan and Yang, Zhenheng and Zou, Difan and Feng, Jiashi and Liu, Xihui},
  journal={arXiv preprint arXiv:2412.15119},
  year={2024}
}

@article{wang2024loong,
  title={Loong: Generating minute-level long videos with autoregressive language models},
  author={Wang, Yuqing and Xiong, Tianwei and Zhou, Daquan and Lin, Zhijie and Zhao, Yang and Kang, Bingyi and Feng, Jiashi and Liu, Xihui},
  journal={arXiv preprint arXiv:2410.02757},
  year={2024}
}

@article{clark2019adversarial,
  title={Adversarial video generation on complex datasets},
  author={Clark, Aidan and Donahue, Jeff and Simonyan, Karen},
  journal={arXiv preprint arXiv:1907.06571},
  year={2019}
}

@article{su2024roformer,
  title={Roformer: Enhanced transformer with rotary position embedding},
  author={Su, Jianlin and Ahmed, Murtadha and Lu, Yu and Pan, Shengfeng and Bo, Wen and Liu, Yunfeng},
  journal={Neurocomputing},
  volume={568},
  pages={127063},
  year={2024},
  publisher={Elsevier}
}

@article{devlin2018bert,
  title={Bert: Pre-training of deep bidirectional transformers for language understanding},
  author={Devlin, Jacob},
  journal={arXiv preprint arXiv:1810.04805},
  year={2018}
}

@inproceedings{kwon2023efficient,
  title={Efficient Memory Management for Large Language Model Serving with PagedAttention},
  author={Woosuk Kwon and Zhuohan Li and Siyuan Zhuang and Ying Sheng and Lianmin Zheng and Cody Hao Yu and Joseph E. Gonzalez and Hao Zhang and Ion Stoica},
  booktitle={Proceedings of the ACM SIGOPS 29th Symposium on Operating Systems Principles},
  year={2023}
}

@article{wang2018semi,
  title={Semi-autoregressive neural machine translation},
  author={Wang, Chunqi and Zhang, Ji and Chen, Haiqing},
  journal={arXiv preprint arXiv:1808.08583},
  year={2018}
}

@article{li2023lformer,
  title={Lformer: Text-to-Image Generation with L-shape Block Parallel Decoding},
  author={Li, Jiacheng and Wei, Longhui and Zhan, ZongYuan and He, Xin and Tang, Siliang and Tian, Qi and Zhuang, Yueting},
  journal={arXiv preprint arXiv:2303.03800},
  year={2023}
}

@article{ha2018world,
  title={World models},
  author={Ha, David and Schmidhuber, J{\"u}rgen},
  journal={arXiv preprint arXiv:1803.10122},
  year={2018}
}

@inproceedings{bruce2024genie,
  title={Genie: Generative interactive environments},
  author={Bruce, Jake and Dennis, Michael D and Edwards, Ashley and Parker-Holder, Jack and Shi, Yuge and Hughes, Edward and Lai, Matthew and Mavalankar, Aditi and Steigerwald, Richie and Apps, Chris and others},
  booktitle={Forty-first International Conference on Machine Learning},
  year={2024}
}

@article{deng2024causal,
  title={Causal Diffusion Transformers for Generative Modeling},
  author={Deng, Chaorui and Zh, Deyao and Li, Kunchang and Guan, Shi and Fan, Haoqi},
  journal={arXiv preprint arXiv:2412.12095},
  year={2024}
}

@inproceedings{lezama2022improved,
  title={Improved masked image generation with token-critic},
  author={Lezama, Jos{\'e} and Chang, Huiwen and Jiang, Lu and Essa, Irfan},
  booktitle={European Conference on Computer Vision},
  pages={70--86},
  year={2022},
  organization={Springer}
}

@article{pang2024randar,
  title={RandAR: Decoder-only Autoregressive Visual Generation in Random Orders},
  author={Pang, Ziqi and Zhang, Tianyuan and Luan, Fujun and Man, Yunze and Tan, Hao and Zhang, Kai and Freeman, William T and Wang, Yu-Xiong},
  journal={arXiv preprint arXiv:2412.01827},
  year={2024}
}