@article{Brown2020LanguageMA,
  title={Language Models are Few-Shot Learners},
  author={Tom B. Brown and Benjamin Mann and Nick Ryder and Melanie Subbiah and Jared Kaplan and Prafulla Dhariwal and Arvind Neelakantan and Pranav Shyam and Girish Sastry and Amanda Askell and Sandhini Agarwal and Ariel Herbert-Voss and Gretchen Krueger and Tom Henighan and Rewon Child and Aditya Ramesh and Daniel M. Ziegler and Jeff Wu and Clemens Winter and Christopher Hesse and Mark Chen and Eric Sigler and Ma-teusz Litwin and Scott Gray and Benjamin Chess and Jack Clark and Christopher Berner and Sam McCandlish and Alec Radford and Ilya Sutskever and Dario Amodei},
  journal={ArXiv},
  year={2020},
  volume={abs/2005.14165},
  url={https://api.semanticscholar.org/CorpusID:218971783}
}

@inproceedings{Chen2020GenerativePF,
  title={Generative Pretraining From Pixels},
  author={Mark Chen and Alec Radford and Jeff Wu and Heewoo Jun and Prafulla Dhariwal and David Luan and Ilya Sutskever},
  booktitle={International Conference on Machine Learning},
  year={2020},
  url={https://api.semanticscholar.org/CorpusID:219781060}
}

@article{Ge2023PreserveYO,
  title={Preserve Your Own Correlation: A Noise Prior for Video Diffusion Models},
  author={Songwei Ge and Seungjun Nah and Guilin Liu and Tyler Poon and Andrew Tao and Bryan Catanzaro and David Jacobs and Jia-Bin Huang and Ming-Yu Liu and Yogesh Balaji},
  journal={2023 IEEE/CVF International Conference on Computer Vision (ICCV)},
  year={2023},
  pages={22873-22884},
  url={https://api.semanticscholar.org/CorpusID:258762178}
}

@article{Gloeckle2024BetterF,
  title={Better \& Faster Large Language Models via Multi-token Prediction},
  author={Fabian Gloeckle and Badr Youbi Idrissi and Baptiste Rozi{\`e}re and David Lopez-Paz and Gabriele Synnaeve},
  journal={ArXiv},
  year={2024},
  volume={abs/2404.19737},
  url={https://api.semanticscholar.org/CorpusID:269457456}
}

@article{Gu2017NonAutoregressiveNM,
  title={Non-Autoregressive Neural Machine Translation},
  author={Jiatao Gu and James Bradbury and Caiming Xiong and Victor O. K. Li and Richard Socher},
  journal={ArXiv},
  year={2017},
  volume={abs/1711.02281},
  url={https://api.semanticscholar.org/CorpusID:3480671}
}

@article{Gupta2023PhotorealisticVG,
  title={Photorealistic Video Generation with Diffusion Models},
  author={Agrim Gupta and Lijun Yu and Kihyuk Sohn and Xiuye Gu and Meera Hahn and Fei-Fei Li and Irfan Essa and Lu Jiang and Jos{\'e} Lezama},
  journal={ArXiv},
  year={2023},
  volume={abs/2312.06662},
  url={https://api.semanticscholar.org/CorpusID:266163109}
}

@article{Ho2022ImagenVH,
  title={Imagen Video: High Definition Video Generation with Diffusion Models},
  author={Jonathan Ho and William Chan and Chitwan Saharia and Jay Whang and Ruiqi Gao and Alexey A. Gritsenko and Diederik P. Kingma and Ben Poole and Mohammad Norouzi and David J. Fleet and Tim Salimans},
  journal={ArXiv},
  year={2022},
  volume={abs/2210.02303},
  url={https://api.semanticscholar.org/CorpusID:252715883}
}

@article{Kondratyuk2023VideoPoetAL,
  title={VideoPoet: A Large Language Model for Zero-Shot Video Generation},
  author={D. Kondratyuk and Lijun Yu and Xiuye Gu and Jos{\'e} Lezama and Jonathan Huang and Rachel Hornung and Hartwig Adam and Hassan Akbari and Yair Alon and Vighnesh Birodkar and Yong Cheng and Ming-Chang Chiu and Josh Dillon and Irfan Essa and Agrim Gupta and Meera Hahn and Anja Hauth and David Hendon and Alonso Martinez and David C. Minnen and David A. Ross and Grant Schindler and Mikhail Sirotenko and Kihyuk Sohn and Krishna Somandepalli and Huisheng Wang and Jimmy Yan and Ming Yang and Xuan Yang and Bryan Seybold and Lu Jiang},
  journal={ArXiv},
  year={2023},
  volume={abs/2312.14125},
  url={https://api.semanticscholar.org/CorpusID:266435847}
}

@article{Lee2022AutoregressiveIG,
  title={Autoregressive Image Generation using Residual Quantization},
  author={Doyup Lee and Chiheon Kim and Saehoon Kim and Minsu Cho and Wook-Shin Han},
  journal={2022 IEEE/CVF Conference on Computer Vision and Pattern Recognition (CVPR)},
  year={2022},
  pages={11513-11522},
  url={https://api.semanticscholar.org/CorpusID:247244535}
}

@article{Li2024AutoregressiveIG,
  title={Autoregressive Image Generation without Vector Quantization},
  author={Tianhong Li and Yonglong Tian and He Li and Mingyang Deng and Kaiming He},
  journal={ArXiv},
  year={2024},
  volume={abs/2406.11838},
  url={https://api.semanticscholar.org/CorpusID:270560593}
}

@article{Skorokhodov2021StyleGANVAC,
  title={StyleGAN-V: A Continuous Video Generator with the Price, Image Quality and Perks of StyleGAN2},
  author={Ivan Skorokhodov and S. Tulyakov and Mohamed Elhoseiny},
  journal={2022 IEEE/CVF Conference on Computer Vision and Pattern Recognition (CVPR)},
  year={2021},
  pages={3616-3626},
  url={https://api.semanticscholar.org/CorpusID:245537141}
}

@inproceedings{Stern2018BlockwisePD,
  title={Blockwise Parallel Decoding for Deep Autoregressive Models},
  author={Mitchell Stern and Noam M. Shazeer and Jakob Uszkoreit},
  booktitle={Neural Information Processing Systems},
  year={2018},
  url={https://api.semanticscholar.org/CorpusID:53208380}
}

@article{Tian2024VisualAM,
  title={Visual Autoregressive Modeling: Scalable Image Generation via Next-Scale Prediction},
  author={Keyu Tian and Yi Jiang and Zehuan Yuan and Bingyue Peng and Liwei Wang},
  journal={ArXiv},
  year={2024},
  volume={abs/2404.02905},
  url={https://api.semanticscholar.org/CorpusID:268876071}
}

@article{Wang2024OmniTokenizerAJ,
  title={OmniTokenizer: A Joint Image-Video Tokenizer for Visual Generation},
  author={Junke Wang and Yi Jiang and Zehuan Yuan and Binyue Peng and Zuxuan Wu and Yu-Gang Jiang},
  journal={ArXiv},
  year={2024},
  volume={abs/2406.09399},
  url={https://api.semanticscholar.org/CorpusID:270440676}
}

@inproceedings{Xia2022SpeculativeDE,
  title={Speculative decoding: Exploiting speculative execution for accelerating seq2seq generation},
  author={Xia, Heming and Ge, Tao and Wang, Peiyi and Chen, Si-Qing and Wei, Furu and Sui, Zhifang},
  booktitle={Findings of the Association for Computational Linguistics: EMNLP 2023},
  pages={3909--3925},
  year={2023}
}

@article{Yan2021VideoGPTVG,
  title={VideoGPT: Video Generation using VQ-VAE and Transformers},
  author={Wilson Yan and Yunzhi Zhang and P. Abbeel and A. Srinivas},
  journal={ArXiv},
  year={2021},
  volume={abs/2104.10157},
  url={https://api.semanticscholar.org/CorpusID:233307257}
}

@article{Yang2022DiffusionMA,
  title={Diffusion Models: A Comprehensive Survey of Methods and Applications},
  author={Ling Yang and Zhilong Zhang and Shenda Hong and Runsheng Xu and Yue Zhao and Yingxia Shao and Wentao Zhang and Ming-Hsuan Yang and Bin Cui},
  journal={ACM Computing Surveys},
  year={2022},
  volume={56},
  pages={1 - 39},
  url={https://api.semanticscholar.org/CorpusID:252070859}
}

@inproceedings{Yang2024CogVideoXTD,
  title={CogVideoX: Text-to-Video Diffusion Models with An Expert Transformer},
  author={Zhuoyi Yang and Jiayan Teng and Wendi Zheng and Ming Ding and Shiyu Huang and Jiazheng Xu and Yuanming Yang and Wenyi Hong and Xiaohan Zhang and Guanyu Feng and Da Yin and Xiaotao Gu and Yuxuan Zhang and Weihan Wang and Yean Cheng and Ting Liu and Bin Xu and Yuxiao Dong and Jie Tang},
  year={2024},
  url={https://api.semanticscholar.org/CorpusID:271855655}
}

@article{Yu2022GeneratingVW,
  title={Generating Videos with Dynamics-aware Implicit Generative Adversarial Networks},
  author={Sihyun Yu and Jihoon Tack and Sangwoo Mo and Hyunsu Kim and Junho Kim and Jung-Woo Ha and Jinwoo Shin},
  journal={ArXiv},
  year={2022},
  volume={abs/2202.10571},
  url={https://api.semanticscholar.org/CorpusID:247025714}
}

@misc{gpt4o,
  author = {OpenAI},
  title = {Hello GPT-4o},
  howpublished = {\url{https://openai.com/index/hello-gpt-4o/}},
  year = {2024},
  note = {Accessed: 2024-05-26}
}

@inproceedings{hong2022cogvideo,
  title={Cogvideo: Large-scale pretraining for text-to-video generation via transformers},
  author={Hong, Wenyi and Ding, Ming and Zheng, Wendi and Liu, Xinghan and Tang, Jie},
  booktitle={ICLR},
  year={2023}
}

@article{li2023lformer,
  title={Lformer: Text-to-Image Generation with L-shape Block Parallel Decoding},
  author={Li, Jiacheng and Wei, Longhui and Zhan, ZongYuan and He, Xin and Tang, Siliang and Tian, Qi and Zhuang, Yueting},
  journal={arXiv preprint arXiv:2303.03800},
  year={2023}
}

@misc{liu2024lumina-mgpt,
      title={Lumina-mGPT: Illuminate Flexible Photorealistic Text-to-Image Generation with Multimodal Generative Pretraining},
      author={Dongyang Liu and Shitian Zhao and Le Zhuo and Weifeng Lin and Yu Qiao and Hongsheng Li and Peng Gao},
      year={2024},
      eprint={2408.02657},
      archivePrefix={arXiv},
      primaryClass={cs.CV},
      url={https://arxiv.org/abs/2408.02657},
}

@article{pang2024randar,
  title={RandAR: Decoder-only Autoregressive Visual Generation in Random Orders},
  author={Pang, Ziqi and Zhang, Tianyuan and Luan, Fujun and Man, Yunze and Tan, Hao and Zhang, Kai and Freeman, William T and Wang, Yu-Xiong},
  journal={arXiv preprint arXiv:2412.01827},
  year={2024}
}

@article{wang2018semi,
  title={Semi-autoregressive neural machine translation},
  author={Wang, Chunqi and Zhang, Ji and Chen, Haiqing},
  journal={arXiv preprint arXiv:1808.08583},
  year={2018}
}

@article{wang2024loong,
  title={Loong: Generating minute-level long videos with autoregressive language models},
  author={Wang, Yuqing and Xiong, Tianwei and Zhou, Daquan and Lin, Zhijie and Zhao, Yang and Kang, Bingyi and Feng, Jiashi and Liu, Xihui},
  journal={arXiv preprint arXiv:2410.02757},
  year={2024}
}

@article{wang2024parallelized,
  title={Parallelized Autoregressive Visual Generation},
  author={Wang, Yuqing and Ren, Shuhuai and Lin, Zhijie and Han, Yujin and Guo, Haoyuan and Yang, Zhenheng and Zou, Difan and Feng, Jiashi and Liu, Xihui},
  journal={arXiv preprint arXiv:2412.15119},
  year={2024}
}

