@inproceedings{chen2018spherical,
  title={Spherical structural similarity index for objective omnidirectional video quality assessment},
  author={Chen, Sijia and Zhang, Yingxue and Li, Yiming and Chen, Zhenzhong and Wang, Zhou},
  booktitle={IEEE International Conference on Multimedia and Expo},
  pages={1--6},
  year={2018},
}

@article{fang2017no,
  title={No reference quality assessment for screen content images with both local and global feature representation},
  author={Fang, Yuming and Yan, Jiebin and Li, Leida and Wu, Jinjian and Lin, Weisi},
  journal=TIP,
  volume={27},
  number={4},
  pages={1600--1610},
  year={2017},
}

@inproceedings{fang2022perceptual,
  title={Perceptual quality assessment of omnidirectional images},
  author={Fang, Yuming and Huang, Liping and Yan, Jiebin and Liu, Xuelin and Liu, Yang},
  booktitle={AAAI Conference on Artificial Intelligence},
  volume={36},
  number={1},
  pages={580--588},
  year={2022}
}

@article{gu2019blind,
  title={Blind image quality assessment via learnable attention-based pooling},
  author={Gu, Jie and Meng, Gaofeng and Xiang, Shiming and Pan, Chunhong},
  journal={Pattern Recognition},
  volume={91},
  pages={332--344},
  year={2019},
}

@article{jiang2021cubemap,
  title={Cubemap-based perception-driven blind quality assessment for 360-degree images},
  author={Jiang, Hao and Jiang, Gangyi and Yu, Mei and Zhang, Yun and Yang, You and Peng, Zongju and Chen, Fen and Zhang, Qingbo},
  journal=TIP,
  volume={30},
  pages={2364--2377},
  year={2021},
}

@inproceedings{kang2014convolutional,
  title={Convolutional neural networks for no-reference image quality assessment},
  author={Kang, Le and Ye, Peng and Li, Yi and Doermann, David},
  booktitle=CVPR,
  pages={1733--1740},
  year={2014}
}

@article{kim2017deep,
  title={Deep convolutional neural models for picture-quality prediction: Challenges and solutions to data-driven image quality assessment},
  author={Kim, Jongyoo and Zeng, Hui and Ghadiyaram, Deepti and Lee, Sanghoon and Zhang, Lei and Bovik, Alan C},
  journal={IEEE Signal Processing Magazine},
  volume={34},
  number={6},
  pages={130--141},
  year={2017},
}

@article{mittal2012making,
  title={Making a “completely blind” image quality analyzer},
  author={Mittal, Anish and Soundararajan, Rajiv and Bovik, Alan C},
  journal={IEEE Signal Processing Letters},
  volume={20},
  number={3},
  pages={209--212},
  year={2012}
}

@article{sendjasni2023attention,
  title={Attention-Aware Patch-Based CNN for Blind 360-Degree Image Quality Assessment},
  author={Sendjasni, Abderrezzaq and Larabi, Mohamed-Chaker},
  journal={Sensors},
  volume={23},
  number={21},
  pages={8676},
  year={2023},
}

@inproceedings{su2020blindly,
  title={Blindly assess image quality in the wild guided by a self-adaptive hyper network},
  author={Su, Shaolin and Yan, Qingsen and Zhu, Yu and Zhang, Cheng and Ge, Xin and Sun, Jinqiu and Zhang, Yanning},
  booktitle=CVPR,
  pages={3667--3676},
  year={2020}
}

@article{su2023distortion,
  title={From distortion manifold to perceptual quality: A data efficient blind image quality assessment approach},
  author={Su, Shaolin and Yan, Qingsen and Zhu, Yu and Sun, Jinqiu and Zhang, Yanning},
  journal={Pattern Recognition},
  volume={133},
  pages={109047},
  year={2023},
}

@article{sun2017weighted,
  title={Weighted-to-spherically-uniform quality evaluation for omnidirectional video},
  author={Sun, Yule and Lu, Ang and Yu, Lu},
  journal={IEEE Signal Processing Letters},
  volume={24},
  number={9},
  pages={1408--1412},
  year={2017},
}

@article{sun2019mc360iqa,
  title={{MC360IQA}: A multi-channel CNN for blind 360-degree image quality assessment},
  author={Sun, Wei and Min, Xiongkuo and Zhai, Guangtao and Gu, Ke and Duan, Huiyu and Ma, Siwei},
  journal={IEEE Journal of Selected Topics in Signal Processing},
  volume={14},
  number={1},
  pages={64--77},
  year={2019},
}

@article{wang2004image,
  title={Image quality assessment: From error visibility to structural similarity},
  author={Wang, Zhou and Bovik, Alan C and Sheikh, Hamid R and Simoncelli, Eero P},
  journal=TIP,
  volume={13},
  number={4},
  pages={600--612},
  year={2004},
}

@article{wang2021active,
  title={Active fine-tuning from gMAD examples improves blind image quality assessment},
  author={Wang, Zhihua and Ma, Kede},
  journal=PAMI,
  volume={44},
  number={9},
  pages={4577--4590},
  year={2021},
}

@inproceedings{wu2024assessor360,
  title={Assessor360: Multi-sequence network for blind omnidirectional image quality assessment},
  author={Wu, Tianhe and Shi, Shuwei and Cai, Haoming and Cao, Mingdeng and Xiao, Jing and Zheng, Yinqiang and Yang, Yujiu},
  booktitle={Advances in Neural Information Processing Systems},
  pages={1--14},
  year={2024}
}

@article{xu2020blind,
  title={Blind omnidirectional image quality assessment with viewport oriented graph convolutional networks},
  author={Xu, Jiahua and Zhou, Wei and Chen, Zhibo},
  journal=TCSVT,
  volume={31},
  number={5},
  pages={1724--1737},
  year={2020},
}

@inproceedings{yang2021spatial,
  title={Spatial attention-based non-reference perceptual quality prediction network for omnidirectional images},
  author={Yang, Li and Xu, Mai and Deng, Xin and Feng, Bo},
  booktitle={IEEE International Conference on Multimedia and Expo},
  pages={1--6},
  year={2021},
}

@inproceedings{yang2022tvformer,
  title={{TVFormer}: Trajectory-guided visual quality assessment on 360° images with transformers},
  author={Yang, Li and Xu, Mai and Liu, Tie and Huo, Liangyu and Gao, Xinbo},
  booktitle={ACM International Conference on Multimedia},
  pages={799--808},
  year={2022}
}

@inproceedings{yu2015framework,
  title={A framework to evaluate omnidirectional video coding schemes},
  author={Yu, Matt and Lakshman, Haricharan and Girod, Bernd},
  booktitle={IEEE International Symposium on Mixed and Augmented Reality},
  pages={31--36},
  year={2015},
}

@inproceedings{zakharchenko2016quality,
  title={Quality metric for spherical panoramic video},
  author={Zakharchenko, Vladyslav and Choi, Kwang Pyo and Park, Jeong Hoon},
  booktitle={The Optics and Photonics for Information Processing X},
  volume={9970},
  pages={57--65},
  year={2016},
}

@article{zhang2018blind,
  title={Blind image quality assessment using a deep bilinear convolutional neural network},
  author={Zhang, Weixia and Ma, Kede and Yan, Jia and Deng, Dexiang and Wang, Zhou},
  journal=TCSVT,
  volume={30},
  number={1},
  pages={36--47},
  year={2018},
}

@inproceedings{zhou2018weighted,
  title={Weighted-to-spherically-uniform SSIM objective quality evaluation for panoramic video},
  author={Zhou, Yufeng and Yu, Mei and Ma, Hualin and Shao, Hua and Jiang, Gangyi},
  booktitle={IEEE International Conference on Signal Processing},
  pages={54--57},
  year={2018},
}

