% Use this file for citations not found in the ACL Anthology (contained in "anthology.bib").


}
@article{fakepaper2023nature,
  author  = {Richard Van Noorden},
  title   = {How big is science’s fake-paper problem?},
  journal = {Nature News},
  year    = {2023},
  url     = {https://www.nature.com/articles/d41586-023-03464-x},
}
@article{majovsky2023artificial,
  title={Artificial intelligence can generate fraudulent but authentic-looking scientific medical articles: Pandora’s box has been opened},
  author={M{\'a}jovsk{\`y}, Martin and {\v{C}}ern{\`y}, Martin and Kasal, Mat{\v{e}}j and Komarc, Martin and Netuka, David},
  journal={Journal of medical Internet research},
  volume={25},
  pages={e46924},
  year={2023},
  publisher={JMIR Publications Toronto, Canada}
}
@inproceedings{kotonya2020explainable,
  title={Explainable Automated Fact-Checking for Public Health Claims},
  author={Kotonya, Neema and Toni, Francesca},
  booktitle={Proceedings of the 2020 Conference on Empirical Methods in Natural Language Processing (EMNLP)},
  pages={7740--7754},
  year={2020}
}

@inproceedings{explainLLMs,
  author       = {Dhairya Dalal and
                  Marco Valentino and
                  Andr{\'{e}} Freitas and
                  Paul Buitelaar},
  opteditor       = {Lun{-}Wei Ku and
                  Andre Martins and
                  Vivek Srikumar},
  title        = {Inference to the Best Explanation in Large Language Models},
  booktitle    = {Proceedings of the 62nd Annual Meeting of the Association for Computational
                  Linguistics (Volume 1: Long Papers), {ACL} },
  pages        = {217--235},
  optpublisher    = {Association for Computational Linguistics},
  year         = {2024},
  url          = {https://doi.org/10.18653/v1/2024.acl-long.14},
  doi          = {10.18653/V1/2024.ACL-LONG.14},
}

@inproceedings{explain-misinformation,
  author       = {Vera Schmitt and
                  Luis{-}Felipe Villa{-}Arenas and
                  Nils Feldhus and
                  Joachim Meyer and
                  Robert P. Spang and
                  Sebastian M{\"{o}}ller},
  title        = {The Role of Explainability in Collaborative Human-AI Disinformation
                  Detection},
  booktitle    = {The 2024 {ACM} Conference on Fairness, Accountability, and Transparency,
                  FAccT},
  pages        = {2157--2174},
  optpublisher    = {{ACM}},
  year         = {2024},
  url          = {https://doi.org/10.1145/3630106.3659031},
  doi          = {10.1145/3630106.3659031},
}

@inproceedings{kotonya2024towards,
  title={Towards a Framework for Evaluating Explanations in Automated Fact Verification},
  author={Kotonya, Neema and Toni, Francesca},
  booktitle={Proceedings of the 2024 Joint International Conference on Computational Linguistics, Language Resources and Evaluation (LREC-COLING 2024)},
  pages={16364--16377},
  year={2024}
}

@article{parker2024paper,
  title={Paper mill challenges: past, present, and future},
  author={Parker, Lisa and Boughton, Stephanie and Bero, Lisa and Byrne, Jennifer A},
  journal={Journal of Clinical Epidemiology},
  volume={176},
  pages={111549},
  year={2024},
  publisher={Elsevier}
}
@article{kendall2024risks,
  title={Risks of abuse of large language models, like ChatGPT, in scientific publishing: Authorship, predatory publishing, and paper mills.},
  author={Kendall, Graham and Teixeira da Silva, Jaime A},
  journal={Learned Publishing},
  volume={37},
  number={1},
  year={2024}
}
@article{sabel2023fake,
  title={Fake publications in biomedical science: Red-flagging method indicates mass production},
  author={Sabel, Bernhard A and Knaack, Emely and Gigerenzer, Gerd and Bilc, Mirela},
  journal={medRxiv},
  pages={2023--05},
  year={2023},
  publisher={Cold Spring Harbor Laboratory Press}
}
@article{perez2022threats,
  title={Threats to scholarly research integrity arising from paper mills: a rapid scoping review},
  author={P{\'e}rez-Neri, Iv{\'a}n and Pineda, Carlos and Sandoval, Hugo},
  journal={Clinical Rheumatology},
  volume={41},
  number={7},
  pages={2241--2248},
  year={2022},
  publisher={Springer}
}
@article{shepperd2023analysis,
  title={An analysis of retracted papers in Computer Science},
  author={Shepperd, Martin and Yousefi, Leila},
  journal={Plos one},
  volume={18},
  number={5},
  pages={e0285383},
  year={2023},
  publisher={Public Library of Science San Francisco, CA USA}
}
@article{feng2024citation,
  title={Citation network analysis of retractions in molecular biology field},
  author={Feng, Sida and Feng, Lingzi and Han, Fang and Zhang, Ye and Ren, Yanqing and Wang, Lixue and Yuan, Junpeng},
  journal={Scientometrics},
  volume={129},
  number={8},
  pages={4795--4817},
  year={2024},
  publisher={Springer}
}
@article{dadkhah2023detection,
  title={Detection of fake papers in the era of artificial intelligence},
  author={Dadkhah, Mehdi and Oermann, Marilyn H and Heged{\"u}s, Mih{\'a}ly and Raman, Raghu and D{\'a}vid, L{\'o}r{\'a}nt D{\'e}nes},
  journal={Diagnosis},
  volume={10},
  number={4},
  pages={390--397},
  year={2023},
  publisher={De Gruyter}
}
@inproceedings{freedman2024detecting,
  title={Detecting Scientific Fraud Using Argument Mining},
  author={Freedman, Gabriel and Toni, Francesca},
  booktitle={Proceedings of the 11th Workshop on Argument Mining (ArgMining 2024)},
  pages={15--28},
  year={2024}
}
@article{byrne2024call,
  title={A call for research to address the threat of paper mills},
  author={Byrne, Jennifer A and Abalkina, Anna and Akinduro-Aje, Olufolake and Christopher, Jana and Eaton, Sarah E and Joshi, Nitin and Scheffler, Ulf and Wise, Nick H and Wright, Jennifer},
  journal={PLoS Biology},
  volume={22},
  number={11},
  pages={e3002931},
  year={2024},
  publisher={Public Library of Science San Francisco, CA USA}
}
@article{wittau2024fight,
  title={How to fight fake papers: a review on important information sources and steps towards solution of the problem},
  author={Wittau, Jonathan and Seifert, Roland},
  journal={Naunyn-Schmiedeberg's archives of pharmacology},
  pages={1--14},
  year={2024},
  publisher={Springer}
}
@misc{christopher2021raw,
  title={The raw truth about paper mills},
  author={Christopher, Jana},
  journal={FEBS letters},
  volume={595},
  number={13},
  pages={1751--1757},
  year={2021},
  publisher={Wiley Online Library}
}
@article{wheeler2007database,
  title={Database resources of the national center for biotechnology information},
  author={Wheeler, David L and Barrett, Tanya and Benson, Dennis A and Bryant, Stephen H and Canese, Kathi and Chetvernin, Vyacheslav and Church, Deanna M and DiCuccio, Michael and Edgar, Ron and Federhen, Scott and others},
  journal={Nucleic acids research},
  volume={36},
  number={suppl\_1},
  pages={D13--D21},
  year={2007},
  publisher={Oxford University Press}
}
@misc{RetractionWatchDatabase,
  author       = {{The Center for Scientific Integrity}},
  title        = {{The Retraction Watch Database}},
  year         = 2018,
  url          = {http://retractiondatabase.org/},
  note         = {Accessed: 2025-02-03},
  institution  = {{The Center for Scientific Integrity}},
  issn         = {2692-4579}
}
@article{byrne2022protection,
  title={Protection of the human gene research literature from contract cheating organizations known as research paper mills},
  author={Byrne, Jennifer A and Park, Yasunori and Richardson, Reese AK and Pathmendra, Pranujan and Sun, Mengyi and Stoeger, Thomas},
  journal={Nucleic Acids Research},
  volume={50},
  number={21},
  pages={12058--12070},
  year={2022},
  publisher={Oxford University Press}
}
@article{grieneisen2012comprehensive,
  title={A comprehensive survey of retracted articles from the scholarly literature},
  author={Grieneisen, Michael L and Zhang, Minghua},
  journal={PloS one},
  volume={7},
  number={10},
  pages={e44118},
  year={2012},
  publisher={Public Library of Science San Francisco, USA}
}
@article{bik2016prevalence,
  title={The prevalence of inappropriate image duplication in biomedical research publications},
  author={Bik, Elisabeth M and Casadevall, Arturo and Fang, Ferric C},
  journal={MBio},
  volume={7},
  number={3},
  pages={10--1128},
  year={2016},
  publisher={Am Soc Microbiol}
}

@incollection{kans2024entrez,
  title={Entrez direct: E-utilities on the UNIX command line},
  author={Kans, Jonathan},
  booktitle={Entrez programming utilities help [Internet]},
  year={2024},
  publisher={National Center for Biotechnology Information (US)}
}

@article{lo2019s2orc,
  title={S2ORC: The semantic scholar open research corpus},
  author={Lo, Kyle and Wang, Lucy Lu and Neumann, Mark and Kinney, Rodney and Weld, Dan S},
  journal={arXiv preprint arXiv:1911.02782},
  year={2019}
}
@article{pan2024unifying,
  title={Unifying large language models and knowledge graphs: A roadmap},
  author={Pan, Shirui and Luo, Linhao and Wang, Yufei and Chen, Chen and Wang, Jiapu and Wu, Xindong},
  journal={IEEE Transactions on Knowledge and Data Engineering},
  year={2024},
  publisher={IEEE}
}
@article{priem2022openalex,
  title={OpenAlex: A fully-open index of scholarly works, authors, venues, institutions, and concepts},
  author={Priem, Jason and Piwowar, Heather and Orr, Richard},
  journal={arXiv preprint arXiv:2205.01833},
  year={2022}
}
@inproceedings{hsieh2023distilling,
  title={Distilling Step-by-Step! Outperforming Larger Language Models with Less Training Data and Smaller Model Sizes},
  author={Hsieh, Cheng-Yu and Li, Chun-Liang and Yeh, Chih-kuan and Nakhost, Hootan and Fujii, Yasuhisa and Ratner, Alex and Krishna, Ranjay and Lee, Chen-Yu and Pfister, Tomas},
  booktitle={Findings of the Association for Computational Linguistics: ACL 2023},
  pages={8003--8017},
  year={2023}
}
@article{li2022explanations,
  title={Explanations from large language models make small reasoners better},
  author={Li, Shiyang and Chen, Jianshu and Shen, Yelong and Chen, Zhiyu and Zhang, Xinlu and Li, Zekun and Wang, Hong and Qian, Jing and Peng, Baolin and Mao, Yi and others},
  journal={arXiv preprint arXiv:2210.06726},
  year={2022}
}
@inproceedings{shridhar2023distilling,
  title={Distilling Reasoning Capabilities into Smaller Language Models},
  author={Shridhar, Kumar and Stolfo, Alessandro and Sachan, Mrinmaya},
  booktitle={The 61st Annual Meeting Of The Association For Computational Linguistics},
  year={2023}
}
@inproceedings{rottger2024xstest,
  title={XSTest: A Test Suite for Identifying Exaggerated Safety Behaviours in Large Language Models},
  author={R{\"o}ttger, Paul and Kirk, Hannah and Vidgen, Bertie and Attanasio, Giuseppe and Bianchi, Federico and Hovy, Dirk},
  booktitle={Proceedings of the 2024 Conference of the North American Chapter of the Association for Computational Linguistics: Human Language Technologies (Volume 1: Long Papers)},
  pages={5377--5400},
  year={2024}
}
@article{liang2023encouraging,
  title={Encouraging divergent thinking in large language models through multi-agent debate},
  author={Liang, Tian and He, Zhiwei and Jiao, Wenxiang and Wang, Xing and Wang, Yan and Wang, Rui and Yang, Yujiu and Shi, Shuming and Tu, Zhaopeng},
  journal={arXiv preprint arXiv:2305.19118},
  year={2023}
}
@inproceedings{duimproving,
  title={Improving Factuality and Reasoning in Language Models through Multiagent Debate},
  author={Du, Yilun and Li, Shuang and Torralba, Antonio and Tenenbaum, Joshua B and Mordatch, Igor},
  booktitle={Forty-first International Conference on Machine Learning},
 year={2023}
}
@article{freedman2024argumentative,
  title={Argumentative Large Language Models for Explainable and Contestable Decision-Making},
  author={Freedman, Gabriel and Dejl, Adam and Gorur, Deniz and Yin, Xiang and Rago, Antonio and Toni, Francesca},
  journal={arXiv preprint arXiv:2405.02079},
  year={2024}
}
@article{chen2024role,
  title={What is the role of small models in the llm era: A survey},
  author={Chen, Lihu and Varoquaux, Ga{\"e}l},
  journal={arXiv preprint arXiv:2409.06857},
  year={2024}
}
@inproceedings{lehman2023we,
  title={Do we still need clinical language models?},
  author={Lehman, Eric and Hernandez, Evan and Mahajan, Diwakar and Wulff, Jonas and Smith, Micah J and Ziegler, Zachary and Nadler, Daniel and Szolovits, Peter and Johnson, Alistair and Alsentzer, Emily},
  booktitle={Conference on health, inference, and learning},
  pages={578--597},
  year={2023},
  organization={PMLR}
}
@inproceedings{dasgupta2022framework,
  title={Framework for evaluating faithfulness of local explanations},
  author={Dasgupta, Sanjoy and Frost, Nave and Moshkovitz, Michal},
  booktitle={International Conference on Machine Learning},
  pages={4794--4815},
  year={2022},
  organization={PMLR}
}

@article{lyu2024towards,
  title={Towards faithful model explanation in nlp: A survey},
  author={Lyu, Qing and Apidianaki, Marianna and Callison-Burch, Chris},
  journal={Computational Linguistics},
  pages={1--67},
  year={2024},
  publisher={MIT Press 255 Main Street, 9th Floor, Cambridge, Massachusetts 02142, USA~…}
}
@article{zheng2023judging,
  title={Judging llm-as-a-judge with mt-bench and chatbot arena},
  author={Zheng, Lianmin and Chiang, Wei-Lin and Sheng, Ying and Zhuang, Siyuan and Wu, Zhanghao and Zhuang, Yonghao and Lin, Zi and Li, Zhuohan and Li, Dacheng and Xing, Eric and others},
  journal={Advances in Neural Information Processing Systems},
  volume={36},
  pages={46595--46623},
  year={2023}
}

@article{fortune2024harvard,
  title = {Harvard Medical School Affiliate Retracts, Corrects Research},
  author = {Johnson, Carla},
  journal = {Fortune},
  year = {2024},
  month = {January},
  url = {https://fortune.com/europe/2024/01/29/harvard-medical-school-affiliate-retracts-corrects-research-dana-farber-welsh-blogger/},
}
@inproceedings{beltagy2019scibert,
  title={SciBERT: A Pretrained Language Model for Scientific Text},
  author={Beltagy, Iz and Lo, Kyle and Cohan, Arman},
  booktitle={Proceedings of the 2019 Conference on Empirical Methods in Natural Language Processing and the 9th International Joint Conference on Natural Language Processing (EMNLP-IJCNLP)},
  pages={3615--3620},
  year={2019}
}
@inproceedings{yasunaga2022linkbert,
  title={LinkBERT: Pretraining Language Models with Document Links},
  author={Yasunaga, Michihiro and Leskovec, Jure and Liang, Percy},
  booktitle={Proceedings of the 60th Annual Meeting of the Association for Computational Linguistics (Volume 1: Long Papers)},
  pages={8003--8016},
  year={2022}
}
@article{yang2022gatortron,
  title={Gatortron: A large clinical language model to unlock patient information from unstructured electronic health records},
  author={Yang, Xi and Chen, Aokun and PourNejatian, Nima and Shin, Hoo Chang and Smith, Kaleb E and Parisien, Christopher and Compas, Colin and Martin, Cheryl and Flores, Mona G and Zhang, Ying and others},
  journal={arXiv preprint arXiv:2203.03540},
  year={2022}
}
@article{dubey2024llama,
  title={The llama 3 herd of models},
  author={Dubey, Abhimanyu and Jauhri, Abhinav and Pandey, Abhinav and Kadian, Abhishek and Al-Dahle, Ahmad and Letman, Aiesha and Mathur, Akhil and Schelten, Alan and Yang, Amy and Fan, Angela and others},
  journal={arXiv preprint arXiv:2407.21783},
  year={2024}
}
@misc{ContactDoctor_Bio-Medical-Llama-3-8B,
  author = {ContactDoctor},
  title = {Bio-Medical: A High-Performance Biomedical Language Model},
  year = {2024},
  howpublished = {\url{https://huggingface.co/ContactDoctor/Bio-Medical-Llama-3-8B}},
}
@inproceedings{chen2024learning,
  title={Learning High-Quality and General-Purpose Phrase Representations},
  author={Chen, Lihu and Varoquaux, Gael and Suchanek, Fabian},
  booktitle={Findings of the Association for Computational Linguistics: EACL 2024},
  pages={983--994},
  year={2024}
}
@article{kojima2022large,
  title={Large language models are zero-shot reasoners},
  author={Kojima, Takeshi and Gu, Shixiang Shane and Reid, Machel and Matsuo, Yutaka and Iwasawa, Yusuke},
  journal={Advances in neural information processing systems},
  volume={35},
  pages={22199--22213},
  year={2022}
}
@article{brown2020language,
  title={Language models are few-shot learners},
  author={Brown, Tom and Mann, Benjamin and Ryder, Nick and Subbiah, Melanie and Kaplan, Jared D and Dhariwal, Prafulla and Neelakantan, Arvind and Shyam, Pranav and Sastry, Girish and Askell, Amanda and others},
  journal={Advances in neural information processing systems},
  volume={33},
  pages={1877--1901},
  year={2020}
}
@article{wu2024pmc,
  title={PMC-LLaMA: toward building open-source language models for medicine.},
  author={Wu, C and Lin, W and Zhang, X and Zhang, Y and Xie, W and Wang, Y},
  journal={Journal of the American Medical Informatics Association: JAMIA},
  pages={ocae045--ocae045},
  year={2024}
}
@article{asai2024openscholar,
  title={Openscholar: Synthesizing scientific literature with retrieval-augmented lms},
  author={Asai, Akari and He, Jacqueline and Shao, Rulin and Shi, Weijia and Singh, Amanpreet and Chang, Joseph Chee and Lo, Kyle and Soldaini, Luca and Feldman, Sergey and D'arcy, Mike and others},
  journal={arXiv preprint arXiv:2411.14199},
  year={2024}
}
@inproceedings{paszke2019pytorch,
    author = {Adam Paszke and
Sam Gross and
Francisco Massa and
Adam Lerer and
James Bradbury and
Gregory Chanan and
Trevor Killeen and
Zeming Lin and
Natalia Gimelshein and
Luca Antiga and
Alban Desmaison and
Andreas K{\"{o}}pf and
Edward Yang and
Zachary DeVito and
Martin Raison and
Alykhan Tejani and
Sasank Chilamkurthy and
Benoit Steiner and
Lu Fang and
Junjie Bai and
Soumith Chintala},
    booktitle = {Advances in Neural Information Processing Systems 32: Annual Conference
on Neural Information Processing Systems 2019, NeurIPS 2019, December
8-14, 2019, Vancouver, BC, Canada},
    editor = {Hanna M. Wallach and
Hugo Larochelle and
Alina Beygelzimer and
Florence d'Alch{\'{e}}{-}Buc and
Emily B. Fox and
Roman Garnett},
    timestamp = {Thu, 21 Jan 2021 00:00:00 +0100},
    title = {PyTorch: An Imperative Style, High-Performance Deep Learning Library},
    url = {https://proceedings.neurips.cc/paper/2019/hash/bdbca288fee7f92f2bfa9f7012727740-Abstract.html},
    year = {2019}
}
@inproceedings{wolf2020transformers,
    author = {Wolf, Thomas  and
Debut, Lysandre  and
Sanh, Victor  and
Chaumond, Julien  and
Delangue, Clement  and
Moi, Anthony  and
Cistac, Pierric  and
Rault, Tim  and
Louf, Remi  and
Funtowicz, Morgan  and
Davison, Joe  and
Shleifer, Sam  and
von Platen, Patrick  and
Ma, Clara  and
Jernite, Yacine  and
Plu, Julien  and
Xu, Canwen  and
Le Scao, Teven  and
Gugger, Sylvain  and
Drame, Mariama  and
Lhoest, Quentin  and
Rush, Alexander},
    booktitle = {Proc. of EMNLP},
    title = {Transformers: State-of-the-Art Natural Language Processing},
    url = {https://aclanthology.org/2020.emnlp-demos.6},
    year = {2020}
}
@misc{mistral_large_2024,
  author = {MistralAI},
  title = {Mistral Large: A General-Purpose Language Model},
  year = {2024},
  howpublished = {\url{https://mistral.ai/news/mistral-large-2407/}},
}
@article{parker2022experts,
  title={Experts identified warning signs of fraudulent research: a qualitative study to inform a screening tool},
  author={Parker, Lisa and Boughton, Stephanie and Lawrence, Rosa and Bero, Lisa},
  journal={Journal of Clinical Epidemiology},
  volume={151},
  pages={1--17},
  year={2022},
  publisher={Elsevier}
}
@inproceedings{hulora,
  title={LoRA: Low-Rank Adaptation of Large Language Models},
  author={Hu, Edward J and Wallis, Phillip and Allen-Zhu, Zeyuan and Li, Yuanzhi and Wang, Shean and Wang, Lu and Chen, Weizhu and others},
  year={2021},
  booktitle={International Conference on Learning Representations}
}
@inproceedings{valentino2024introductory,
  title={Introductory Tutorial: Reasoning with Natural Language Explanations},
  author={Valentino, Marco and Freitas, Andr{\'e}},
  booktitle={Proceedings of the 2024 Conference on Empirical Methods in Natural Language Processing: Tutorial Abstracts},
  pages={25--31},
  year={2024}
}
@incollection{mccloskey1989catastrophic,
    author = {McCloskey, Michael and Cohen, Neal J},
    booktitle = {Psychology of learning and motivation},
    title = {Catastrophic interference in connectionist networks: The sequential learning problem},
    year = {1989}
}
@article{perkins2023academic,
  title={Academic Integrity considerations of AI Large Language Models in the post-pandemic era: ChatGPT and beyond},
  author={Perkins, Mike},
  journal={Journal of University Teaching and Learning Practice},
  volume={20},
  number={2},
  year={2023}
}
@article{cabanac2022problematic,
  title={The'Problematic Paper Screener'automatically selects suspect publications for post-publication (re) assessment},
  author={Cabanac, Guillaume and Labb{\'e}, Cyril and Magazinov, Alexander},
  journal={arXiv e-prints},
  pages={arXiv--2210},
  year={2022}
}
@inproceedings{wahle2021neural,
  title={Are neural language models good plagiarists? A benchmark for neural paraphrase detection},
  author={Wahle, Jan Philip and Ruas, Terry and Meuschke, Norman and Gipp, Bela},
  booktitle={2021 ACM/IEEE Joint Conference on Digital Libraries (JCDL)},
  pages={226--229},
  year={2021},
  organization={IEEE}
}
@inproceedings{mosca2023distinguishing,
  title={Distinguishing Fact from Fiction: A Benchmark Dataset for Identifying Machine-Generated Scientific Papers in the LLM Era.},
  author={Mosca, Edoardo and Abdalla, Mohamed Hesham Ibrahim and Basso, Paolo and Musumeci, Margherita and Groh, Georg},
  booktitle={Proceedings of the 3rd Workshop on Trustworthy Natural Language Processing (TrustNLP 2023)},
  pages={190--207},
  year={2023}
}
@article{abdalla2023benchmark,
  title={A Benchmark Dataset to Distinguish Human-Written and Machine-Generated Scientific Papers},
  author={Abdalla, Mohamed Hesham Ibrahim and Malberg, Simon and Dementieva, Daryna and Mosca, Edoardo and Groh, Georg},
  journal={Information},
  volume={14},
  number={10},
  pages={522},
  year={2023},
  publisher={MDPI}
}
@inproceedings{liyanage2022benchmark,
  title={A Benchmark Corpus for the Detection of Automatically Generated Text in Academic Publications},
  author={Liyanage, Vijini and Buscaldi, Davide and Nazarenko, Adeline},
  booktitle={Proceedings of the Thirteenth Language Resources and Evaluation Conference},
  pages={4692--4700},
  year={2022}
}
@article{cao2024can,
  title={Can Large Language Models Detect Misinformation in Scientific News Reporting?},
  author={Cao, Yupeng and Nair, Aishwarya Muralidharan and Eyimife, Elyon and Soofi, Nastaran Jamalipour and Subbalakshmi, KP and Wullert II, John R and Basu, Chumki and Shallcross, David},
  journal={arXiv preprint arXiv:2402.14268},
  year={2024}
}
@inproceedings{wahle2022large,
  title={How Large Language Models are Transforming Machine-Paraphrase Plagiarism},
  author={Wahle, Jan Philip and Ruas, Terry and Kirstein, Frederic and Gipp, Bela},
  booktitle={Proceedings of the 2022 Conference on Empirical Methods in Natural Language Processing},
  pages={952--963},
  year={2022}
}