@misc{RetractionWatchDatabase,
  author       = {{The Center for Scientific Integrity}},
  title        = {{The Retraction Watch Database}},
  year         = 2018,
  url          = {http://retractiondatabase.org/},
  note         = {Accessed: 2025-02-03},
  institution  = {{The Center for Scientific Integrity}},
  issn         = {2692-4579}
}

@article{abdalla2023benchmark,
  title={A Benchmark Dataset to Distinguish Human-Written and Machine-Generated Scientific Papers},
  author={Abdalla, Mohamed Hesham Ibrahim and Malberg, Simon and Dementieva, Daryna and Mosca, Edoardo and Groh, Georg},
  journal={Information},
  volume={14},
  number={10},
  pages={522},
  year={2023},
  publisher={MDPI}
}

@article{byrne2022protection,
  title={Protection of the human gene research literature from contract cheating organizations known as research paper mills},
  author={Byrne, Jennifer A and Park, Yasunori and Richardson, Reese AK and Pathmendra, Pranujan and Sun, Mengyi and Stoeger, Thomas},
  journal={Nucleic Acids Research},
  volume={50},
  number={21},
  pages={12058--12070},
  year={2022},
  publisher={Oxford University Press}
}

@article{byrne2024call,
  title={A call for research to address the threat of paper mills},
  author={Byrne, Jennifer A and Abalkina, Anna and Akinduro-Aje, Olufolake and Christopher, Jana and Eaton, Sarah E and Joshi, Nitin and Scheffler, Ulf and Wise, Nick H and Wright, Jennifer},
  journal={PLoS Biology},
  volume={22},
  number={11},
  pages={e3002931},
  year={2024},
  publisher={Public Library of Science San Francisco, CA USA}
}

@article{cabanac2022problematic,
  title={The'Problematic Paper Screener'automatically selects suspect publications for post-publication (re) assessment},
  author={Cabanac, Guillaume and Labb{\'e}, Cyril and Magazinov, Alexander},
  journal={arXiv e-prints},
  pages={arXiv--2210},
  year={2022}
}

@article{cao2024can,
  title={Can Large Language Models Detect Misinformation in Scientific News Reporting?},
  author={Cao, Yupeng and Nair, Aishwarya Muralidharan and Eyimife, Elyon and Soofi, Nastaran Jamalipour and Subbalakshmi, KP and Wullert II, John R and Basu, Chumki and Shallcross, David},
  journal={arXiv preprint arXiv:2402.14268},
  year={2024}
}

@misc{christopher2021raw,
  title={The raw truth about paper mills},
  author={Christopher, Jana},
  journal={FEBS letters},
  volume={595},
  number={13},
  pages={1751--1757},
  year={2021},
  publisher={Wiley Online Library}
}

@article{dadkhah2023detection,
  title={Detection of fake papers in the era of artificial intelligence},
  author={Dadkhah, Mehdi and Oermann, Marilyn H and Heged{\"u}s, Mih{\'a}ly and Raman, Raghu and D{\'a}vid, L{\'o}r{\'a}nt D{\'e}nes},
  journal={Diagnosis},
  volume={10},
  number={4},
  pages={390--397},
  year={2023},
  publisher={De Gruyter}
}

@inproceedings{explain-misinformation,
  author       = {Vera Schmitt and
                  Luis{-}Felipe Villa{-}Arenas and
                  Nils Feldhus and
                  Joachim Meyer and
                  Robert P. Spang and
                  Sebastian M{\"{o}}ller},
  title        = {The Role of Explainability in Collaborative Human-AI Disinformation
                  Detection},
  booktitle    = {The 2024 {ACM} Conference on Fairness, Accountability, and Transparency,
                  FAccT},
  pages        = {2157--2174},
  optpublisher    = {{ACM}},
  year         = {2024},
  url          = {https://doi.org/10.1145/3630106.3659031},
  doi          = {10.1145/3630106.3659031},
}

@inproceedings{explainLLMs,
  author       = {Dhairya Dalal and
                  Marco Valentino and
                  Andr{\'{e}} Freitas and
                  Paul Buitelaar},
  opteditor       = {Lun{-}Wei Ku and
                  Andre Martins and
                  Vivek Srikumar},
  title        = {Inference to the Best Explanation in Large Language Models},
  booktitle    = {Proceedings of the 62nd Annual Meeting of the Association for Computational
                  Linguistics (Volume 1: Long Papers), {ACL} },
  pages        = {217--235},
  optpublisher    = {Association for Computational Linguistics},
  year         = {2024},
  url          = {https://doi.org/10.18653/v1/2024.acl-long.14},
  doi          = {10.18653/V1/2024.ACL-LONG.14},
}

@article{fakepaper2023nature,
  author  = {Richard Van Noorden},
  title   = {How big is scienceâ€™s fake-paper problem?},
  journal = {Nature News},
  year    = {2023},
  url     = {https://www.nature.com/articles/d41586-023-03464-x},
}

@article{feng2024citation,
  title={Citation network analysis of retractions in molecular biology field},
  author={Feng, Sida and Feng, Lingzi and Han, Fang and Zhang, Ye and Ren, Yanqing and Wang, Lixue and Yuan, Junpeng},
  journal={Scientometrics},
  volume={129},
  number={8},
  pages={4795--4817},
  year={2024},
  publisher={Springer}
}

@inproceedings{freedman2024detecting,
  title={Detecting Scientific Fraud Using Argument Mining},
  author={Freedman, Gabriel and Toni, Francesca},
  booktitle={Proceedings of the 11th Workshop on Argument Mining (ArgMining 2024)},
  pages={15--28},
  year={2024}
}

@inproceedings{kotonya2020explainable,
  title={Explainable Automated Fact-Checking for Public Health Claims},
  author={Kotonya, Neema and Toni, Francesca},
  booktitle={Proceedings of the 2020 Conference on Empirical Methods in Natural Language Processing (EMNLP)},
  pages={7740--7754},
  year={2020}
}

@inproceedings{kotonya2024towards,
  title={Towards a Framework for Evaluating Explanations in Automated Fact Verification},
  author={Kotonya, Neema and Toni, Francesca},
  booktitle={Proceedings of the 2024 Joint International Conference on Computational Linguistics, Language Resources and Evaluation (LREC-COLING 2024)},
  pages={16364--16377},
  year={2024}
}

@inproceedings{liyanage2022benchmark,
  title={A Benchmark Corpus for the Detection of Automatically Generated Text in Academic Publications},
  author={Liyanage, Vijini and Buscaldi, Davide and Nazarenko, Adeline},
  booktitle={Proceedings of the Thirteenth Language Resources and Evaluation Conference},
  pages={4692--4700},
  year={2022}
}

@inproceedings{mosca2023distinguishing,
  title={Distinguishing Fact from Fiction: A Benchmark Dataset for Identifying Machine-Generated Scientific Papers in the LLM Era.},
  author={Mosca, Edoardo and Abdalla, Mohamed Hesham Ibrahim and Basso, Paolo and Musumeci, Margherita and Groh, Georg},
  booktitle={Proceedings of the 3rd Workshop on Trustworthy Natural Language Processing (TrustNLP 2023)},
  pages={190--207},
  year={2023}
}

@article{parker2024paper,
  title={Paper mill challenges: past, present, and future},
  author={Parker, Lisa and Boughton, Stephanie and Bero, Lisa and Byrne, Jennifer A},
  journal={Journal of Clinical Epidemiology},
  volume={176},
  pages={111549},
  year={2024},
  publisher={Elsevier}
}

@article{perez2022threats,
  title={Threats to scholarly research integrity arising from paper mills: a rapid scoping review},
  author={P{\'e}rez-Neri, Iv{\'a}n and Pineda, Carlos and Sandoval, Hugo},
  journal={Clinical Rheumatology},
  volume={41},
  number={7},
  pages={2241--2248},
  year={2022},
  publisher={Springer}
}

@article{sabel2023fake,
  title={Fake publications in biomedical science: Red-flagging method indicates mass production},
  author={Sabel, Bernhard A and Knaack, Emely and Gigerenzer, Gerd and Bilc, Mirela},
  journal={medRxiv},
  pages={2023--05},
  year={2023},
  publisher={Cold Spring Harbor Laboratory Press}
}

@article{shepperd2023analysis,
  title={An analysis of retracted papers in Computer Science},
  author={Shepperd, Martin and Yousefi, Leila},
  journal={Plos one},
  volume={18},
  number={5},
  pages={e0285383},
  year={2023},
  publisher={Public Library of Science San Francisco, CA USA}
}

@inproceedings{wahle2021neural,
  title={Are neural language models good plagiarists? A benchmark for neural paraphrase detection},
  author={Wahle, Jan Philip and Ruas, Terry and Meuschke, Norman and Gipp, Bela},
  booktitle={2021 ACM/IEEE Joint Conference on Digital Libraries (JCDL)},
  pages={226--229},
  year={2021},
  organization={IEEE}
}

@inproceedings{wahle2022large,
  title={How Large Language Models are Transforming Machine-Paraphrase Plagiarism},
  author={Wahle, Jan Philip and Ruas, Terry and Kirstein, Frederic and Gipp, Bela},
  booktitle={Proceedings of the 2022 Conference on Empirical Methods in Natural Language Processing},
  pages={952--963},
  year={2022}
}

