@inproceedings{Allig2019AlignmentOP,
  title={Alignment of Perception Information for Cooperative Perception},
  author={Allig, Christoph and Wanielik, Gerd},
  booktitle={IEEE Intelligent Vehicles Symposium (IV)},
  pages={1849--1854},
  year={2019},
  organization={IEEE},
}

@article{Han2023CollaborativePI,
  title={Collaborative Perception in Autonomous Driving: Methods, Datasets, and Challenges},
  author={Yushan Han and Hui Zhang and Huifang Li and Yi Jin and Congyan Lang and Yidong Li},
  journal={IEEE Intelligent Transportation Systems Magazine},
  year={2023},
  volume={15},
  pages={131-151}
}

@inproceedings{Lu2022RobustC3,
  title={Robust Collaborative 3D Object Detection in Presence of Pose Errors},
  author={Yifan Lu and Quanhao Li and Baoan Liu and Mehrdad Dianat and Chen Feng and Siheng Chen and Yanfeng Wang},
  booktitle={IEEE International Conference on Robotics and Automation (ICRA)},
  year={2023},
  pages={4812-4818},
}

@article{Luo2023EdgeCooperNC,
  title={EdgeCooper: Network-Aware Cooperative LiDAR Perception for Enhanced Vehicular Awareness},
  author={Guiyang Luo and Chongzhang Shao and Nan Cheng and Haibo Zhou and Hui Zhang and Quan Yuan and Jingli Li},
  journal={IEEE Journal on Selected Areas in Communications},
  year={2023},
  volume={42},
  pages={207-222}
}

@inproceedings{Miller2020CooperativePA,
  title={Cooperative Perception and Localization for Cooperative Driving},
  author={Aaron Miller and Kyungzun Rim and Parth Chopra and Paritosh Kelkar and Maxim Likhachev},
  booktitle={IEEE International Conference on Robotics and Automation (ICRA)},
  year={2020},
  pages={1256-1262},
}

@inproceedings{Wang2020V2VNetVC,
  title={V2VNet: Vehicle-to-Vehicle Communication for Joint Perception and Prediction},
  author={Tsun-Hsuan Wang and Sivabalan Manivasagam and Ming Liang and Binh Yang and Wenyuan Zeng and James Tu and Raquel Urtasun},
  booktitle={European Conference on Computer Vision (ECCV)},
  pages={605-621},
  year={2020},
}

@inproceedings{Xu2021OPV2VAO,
  title={OPV2V: An Open Benchmark Dataset and Fusion Pipeline for Perception with Vehicle-to-Vehicle Communication},
  author={Runsheng Xu and Hao Xiang and Xin Xia and Xu Han and Jinlong Liu and Jiaqi Ma},
  booktitle={International Conference on Robotics and Automation (ICRA)},
  year={2021},
  pages={2583-2589},
}

@inproceedings{Zhang2021EMPEM,
  title={EMP: Edge-assisted Multi-vehicle Perception},
  author={Xumiao Zhang and Anlan Zhang and Jiachen Sun and Xiao Zhu and Yihua Ethan Guo and Feng Qian and Zhuoqing Morley Mao},
  booktitle={International Conference on Mobile Computing and Networking (MobiCom)},
  year={2021}, 
  pages={545--558},
}

@inproceedings{akong2023dusa,
  title={DUSA: Decoupled Unsupervised Sim2Real Adaptation for Vehicle-to-Everything Collaborative Perception},
  author={Kong, Xianghao and Jiang, Wentao and Jia, Jinrang and Shi, Yifeng and Xu, Runsheng and Liu, Si},
  booktitle={ACM International Conference on Multimedia (ACM MM)},
  pages={1943-1954},
  year={2023}
}

@article{chen2022adaptformer,
  title={AdaptFormer: Adapting Vision Transformers for Scalable Visual Recognition},
  author={Chen, Shoufa and Ge, Chongjian and Tong, Zhan and Wang, Jiangliu and Song, Yibing and Wang, Jue and Luo, Ping},
  journal={Advances in Neural Information Processing Systems (NeurIPS)},
  volume={35},
  pages={16664--16678},
  year={2022}
}

@inproceedings{dong2022lpt,
  title={LPT: Long-tailed Prompt Tuning for Image Classification},
  author={Dong, Bowen and Zhou, Pan and Yan, Shuicheng and Zuo, Wangmeng},
  booktitle={International Conference on Learning Representations (ICLR)},
  year={2023}
}

@inproceedings{houlsby2019parameter,
  title={Parameter-Efficient Transfer Learning for NLP},
  author={Houlsby, Neil and Giurgiu, Andrei and Jastrzebski, Stanislaw and Morrone, Bruna and De Laroussilhe, Quentin and Gesmundo, Andrea and Attariyan, Mona and Gelly, Sylvain},
  booktitle={International Conference on Machine Learning (ICML)},
  pages={2790--2799},
  year={2019}
}

@inproceedings{jia2022visual,
  title={Visual prompt tuning},
  author={Jia, Menglin and Tang, Luming and Chen, Bor-Chun and Cardie, Claire and Belongie, Serge and Hariharan, Bharath and Lim, Ser-Nam},
  booktitle={European Conference on Computer Vision (ECCV)},
  pages={709--727},
  year={2022}
}

@article{li2021learning,
  title={Learning Distilled Collaboration Graph for Multi-Agent Perception},
  author={Li, Yiming and Ren, Shunli and Wu, Pengxiang and Chen, Siheng and Feng, Chen and Zhang, Wenjun},
  journal={Advances in Neural Information Processing Systems (NeurIPS)},
  volume={34},
  pages={29541-29552},
  year={2021}
}

@inproceedings{li2021prefix,
  title={Prefix-Tuning: Optimizing Continuous Prompts for Generation},
  author={Li, Xiang Lisa and Liang, Percy},
  booktitle={Annual Meeting of the Association for Computational Linguistics (ACL)},
  pages={4582--4597},
  year={2021}
}

@article{li2023mkd,
  title={MKD-Cooper: Cooperative 3D Object Detection for Autonomous Driving via Multi-teacher Knowledge Distillation},
  author={Li, Zhiyuan and Liang, Huawei and Wang, Hanqi and Zhao, Mingzhuo and Wang, Jian and Zheng, Xiaokun},
  journal={IEEE Transactions on Intelligent Vehicles},
  year={2024},
  publisher={IEEE}
}

@article{li2023s2r,
  title={S2R-ViT for Multi-Agent Cooperative Perception: Bridging the Gap from Simulation to Reality},
  author={Li, Jinlong and Xu, Runsheng and Liu, Xinyu and Li, Baolu and Zou, Qin and Ma, Jiaqi and Yu, Hongkai},
  journal={arXiv preprint arXiv:2307.07935},
  year={2023}
}

@inproceedings{ma2024macp,
  title={MACP: Efficient Model Adaptation for Cooperative Perception},
  author={Ma, Yunsheng and Lu, Juanwu and Cui, Can and Zhao, Sicheng and Cao, Xu and Ye, Wenqian and Wang, Ziran},
  booktitle={IEEE/CVF Winter Conference on Applications of Computer Vision (WACV)},
  pages={3373--3382},
  year={2024}
}

@article{nie2023pro,
  title={Pro-tuning: Unified prompt tuning for vision tasks},
  author={Nie, Xing and Ni, Bolin and Chang, Jianlong and Meng, Gaofeng and Huo, Chunlei and Xiang, Shiming and Tian, Qi},
  journal={IEEE Transactions on Circuits and Systems for Video Technology},
  year={2023},
  publisher={IEEE}
}

@inproceedings{petroni2019language,
  title={Language Models as Knowledge Bases?},
  author={Petroni, Fabio and Rockt{\"a}schel, Tim and Riedel, Sebastian and Lewis, Patrick and Bakhtin, Anton and Wu, Yuxiang and Miller, Alexander},
  booktitle={Conference on Empirical Methods in Natural Language Processing (EMNLP)},
  pages={2463--2473},
  year={2019}
}

@inproceedings{tang2020unsupervised,
  title={Unsupervised Domain Adaptation via Structurally Regularized Deep Clustering},
  author={Tang, Hui and Chen, Ke and Jia, Kui},
  booktitle={IEEE/CVF Conference on Computer Vision and Pattern Recognition (CVPR)},
  pages={8725--8735},
  year={2020}
}

@article{xin2024parameter,
  title={Parameter-Efficient Fine-Tuning for Pre-Trained Vision Models: A Survey},
  author={Xin, Yi and Luo, Siqi and Zhou, Haodi and Du, Junlong and Liu, Xiaohong and Fan, Yue and Li, Qing and Du, Yuntao},
  journal={arXiv preprint arXiv:2402.02242},
  year={2024}
}

@inproceedings{xin2024vmt,
  title={VMT-Adapter: Parameter-Efficient Transfer Learning for Multi-Task Dense Understanding},
  author={Xin, Yi and Du, Junlong and Wang, Qiang and Lin, Zhiwen and Yan, Ke},
  booktitle={AAAI Conference on Artificial Intelligence (AAAI)},
  number={14},
  pages={16085--16093},
  year={2024}
}

