@inproceedings{Georgiev2023,
author="Filipov, Stefan M.
and Tomova, Fani N.",
editor="Georgiev, Ivan
and Datcheva, Maria
and Georgiev, Krassimir
and Nikolov, Geno",
title="Covering a Set of Points with a Minimum Number of Equal Disks via Simulated Annealing",
booktitle="Numerical Methods and Applications",
year="2023",
publisher="Springer Nature Switzerland",
address="Cham",
pages="134--145",
}

@article{abu2011multi,
  title={Multi cover of a polygon minimizing the sum of areas},
  author={Abu-Affash, A Karim and Carmi, Paz and Katz, Matthew J and Morgenstern, Gila},
  journal={International Journal of Computational Geometry \& Applications},
  volume={21},
  number={06},
  pages={685--698},
  year={2011},
  publisher={World Scientific}
}

@article{bar2013note,
  title={A note on multicovering with disks},
  author={Bar-Yehuda, Reuven and Rawitz, Dror},
  journal={Computational Geometry},
  volume={46},
  number={3},
  pages={394--399},
  year={2013},
  publisher={Elsevier}
}

@inproceedings{bhowmick2013constant,
  title={A constant-factor approximation for multi-covering with disks},
  author={Bhowmick, Santanu and Varadarajan, Kasturi and Xue, Shi-Ke},
  booktitle={Symposium on Computational Geometry (SoCG)},
  pages={243--248},
  year={2013}
}

@inproceedings{gao2022fast,
  title={Fast approximation algorithms for multiple coverage with unit disks},
  author={Gao, Xuening and Guo, Longkun and Liao, Kewen},
  booktitle={Symposium on a World of Wireless, Mobile and Multimedia Networks (WoWMoM)},
  pages={185--193},
  year={2022},
  organization={IEEE}
}

@inproceedings{huang2021ptas,
  title={{PTAS} for minimum cost multi-covering with disks},
  author={Huang, Ziyun and Feng, Qilong and Wang, Jianxin and Xu, Jinhui},
  booktitle={Symposium on Discrete Algorithms (SODA)},
  pages={840--859},
  year={2021},
  organization={SIAM}
}

@article{huang2024ptas,
  title={{PTAS} for Minimum Cost MultiCovering with Disks},
  author={Huang, Ziyun and Feng, Qilong and Wang, Jianxin and Xu, Jinhui},
  journal={SIAM Journal on Computing},
  volume={53},
  number={4},
  pages={1181--1215},
  year={2024},
  publisher={SIAM}
}

