@inproceedings{NEURIPS2019_DiskANN,
 author = {Jayaram Subramanya, Suhas and Devvrit, Fnu and Simhadri, Harsha Vardhan and Krishnawamy, Ravishankar and Kadekodi, Rohan},
 booktitle = {Advances in Neural Information Processing Systems},
 editor = {H. Wallach and H. Larochelle and A. Beygelzimer and F. d\textquotesingle Alch\'{e}-Buc and E. Fox and R. Garnett},
 pages = {},
 publisher = {Curran Associates, Inc.},
 title = {DiskANN: Fast Accurate Billion-point Nearest Neighbor Search on a Single Node},
 url = {https://proceedings.neurips.cc/paper_files/paper/2019/file/09853c7fb1d3f8ee67a61b6bf4a7f8e6-Paper.pdf},
 volume = {32},
 year = {2019}
}


@inproceedings{
chen2021spann,
title={{SPANN}: Highly-efficient Billion-scale Approximate Nearest Neighborhood Search},
author={Qi Chen and Bing Zhao and Haidong Wang and Mingqin Li and Chuanjie Liu and Zengzhong Li and Mao Yang and Jingdong Wang},
booktitle={Advances in Neural Information Processing Systems},
editor={A. Beygelzimer and Y. Dauphin and P. Liang and J. Wortman Vaughan},
year={2021},
url={https://openreview.net/forum?id=-1rrzmJCp4}
}


@inproceedings{2023Web-Filtered-DiskANN,
author = {Gollapudi, Siddharth and Karia, Neel and Sivashankar, Varun and Krishnaswamy, Ravishankar and Begwani, Nikit and Raz, Swapnil and Lin, Yiyong and Zhang, Yin and Mahapatro, Neelam and Srinivasan, Premkumar and Singh, Amit and Simhadri, Harsha Vardhan},
title = {Filtered-DiskANN: Graph Algorithms for Approximate Nearest Neighbor Search with Filters},
year = {2023},
publisher = {ACM},
address = {New York, NY, USA},
booktitle = {Proceedings of the ACM Web Conference 2023},
pages = {3406–3416},
numpages = {11},
location = {Austin, TX, USA},
series = {WWW '23}
}

@article{2023VLDB-FARGO,
author = {Zhao, Xi and Zheng, Bolong and Yi, Xiaomeng and Luan, Xiaofan and Xie, Charles and Zhou, Xiaofang and Jensen, Christian S.},
title = {FARGO: Fast Maximum Inner Product Search via Global Multi-Probing},
year = {2023},
issue_date = {January 2023},
publisher = {VLDB Endowment},
volume = {16},
number = {5},
issn = {2150-8097},
journal = {Proc. VLDB Endow.},
month = {jan},
pages = {1100–1112},
numpages = {13}
}

@article{2020VLDB-ANN-LSH,
author = {Zheng, Bolong and Zhao, Xi and Weng, Lianggui and Hung, Nguyen Quoc Viet and Liu, Hang and Jensen, Christian S.},
title = {PM-LSH: A fast and accurate LSH framework for high-dimensional approximate NN search},
year = {2020},
issue_date = {January 2020},
publisher = {VLDB Endowment},
volume = {13},
number = {5},
issn = {2150-8097},
journal = {Proc. VLDB Endow.},
month = {jan},
pages = {643–655},
numpages = {13}
}

@inproceedings{2021KDDgraphANN,
author = {Tan, Shulong and Xu, Zhaozhuo and Zhao, Weijie and Fei, Hongliang and Zhou, Zhixin and Li, Ping},
title = {Norm Adjusted Proximity Graph for Fast Inner Product Retrieval},
year = {2021},
isbn = {9781450383325},
publisher = {Association for Computing Machinery},
address = {New York, NY, USA},
booktitle = {Proceedings of the 27th ACM SIGKDD Conference on Knowledge Discovery \& Data Mining},
pages = {1552–1560},
numpages = {9},
keywords = {approximate near neighbor search, maximum inner product search, recommendation, search on graph},
location = {Virtual Event, Singapore},
series = {KDD '21}
}


@inproceedings{2020NIPS-HM-ANN,
author = {Ren, Jie and Zhang, Minjia and Li, Dong},
title = {HM-ANN: efficient billion-point nearest neighbor search on heterogeneous memory},
year = {2020},
isbn = {9781713829546},
publisher = {Curran Associates Inc.},
address = {Red Hook, NY, USA},
booktitle = {Proceedings of the 34th International Conference on Neural Information Processing Systems},
articleno = {895},
numpages = {13},
location = {Vancouver, BC, Canada},
series = {NIPS'20}
}

@inproceedings{2015KDD-LSH-ANN,
author = {Gao, Jinyang and Jagadish, H.V. and Ooi, Beng Chin and Wang, Sheng},
title = {Selective Hashing: Closing the Gap between Radius Search and k-NN Search},
year = {2015},
isbn = {9781450336642},
publisher = {Association for Computing Machinery},
address = {New York, NY, USA},
booktitle = {Proceedings of the 21th ACM SIGKDD International Conference on Knowledge Discovery and Data Mining},
pages = {349–358},
numpages = {10},
keywords = {selective hashing, lsh, locality sensitive hashing, high-dimensional indexing, data sensitive hashing, adaptive hashing},
location = {Sydney, NSW, Australia},
series = {KDD '15}
}


@article{2022ACMTransAnytime,
author = {Mackenzie, Joel and Petri, Matthias and Moffat, Alistair},
title = {Anytime Ranking on Document-Ordered Indexes},
year = {2021},
issue_date = {January 2022},
publisher = {ACM},
address = {New York, NY, USA},
volume = {40},
number = {1},
issn = {1046-8188},
journal = {ACM Trans. Inf. Syst.},
month = {sep},
articleno = {13},
numpages = {32}
}

@inproceedings{2022EMNLP-mackenzie-clipping,
    title = "Accelerating Learned Sparse Indexes Via Term Impact Decomposition",
    author = "Mackenzie, Joel  and
      Mallia, Antonio  and
      Moffat, Alistair  and
      Petri, Matthias",
    editor = "Goldberg, Yoav  and
      Kozareva, Zornitsa  and
      Zhang, Yue",
    booktitle = "Findings of the Association for Computational Linguistics: EMNLP 2022",
    month = dec,
    year = "2022",
    address = "Abu Dhabi, United Arab Emirates",
    publisher = "ACL",
    pages = "2830--2842",
}

@article{Formal_etal_SIGIR2022_splade++,
  title={From Distillation to Hard Negative Sampling: Making Sparse Neural IR Models More Effective},
  author={Thibault Formal and Carlos Lassance and Benjamin Piwowarski and St{\'e}phane Clinchant},
  journal={Proceedings of the 45th International ACM SIGIR Conference on Research and Development in Information Retrieval},
  year={2022}
} 

@inproceedings{liu-etal-2023-retromae,
    title = "{R}etro{MAE}-2: Duplex Masked Auto-Encoder For Pre-Training Retrieval-Oriented Language Models",
    author = "Liu, Zheng  and 
      Xiao, Shitao  and
      Shao, Yingxia  and
      Cao, Zhao",
    editor = "Rogers, Anna  and
      Boyd-Graber, Jordan  and
      Okazaki, Naoaki",
    booktitle = "Proceedings of the 61st Annual Meeting of the Association for Computational Linguistics (Volume 1: Long Papers)",
    month = jul,
    year = "2023",
    address = "Toronto, Canada",
    publisher = "Association for Computational Linguistics",
    pages = "2635--2648"
}

@misc{ma2023finetuning,
      title={Fine-Tuning LLaMA for Multi-Stage Text Retrieval}, 
      author={Xueguang Ma and Liang Wang and Nan Yang and Furu Wei and Jimmy Lin},
      year={2023},
      eprint={2310.08319},
      archivePrefix={arXiv},
      primaryClass={cs.IR}
} 

@misc{touvron2023llama,
      title={Llama 2: Open Foundation and Fine-Tuned Chat Models},
      author={Hugo Touvron and Louis Martin and Kevin Stone and Peter Albert and Amjad Almahairi and Yasmine Babaei and Nikolay Bashlykov and Soumya Batra and Prajjwal Bhargava and Shruti Bhosale and Dan Bikel and Lukas Blecher and Cristian Canton Ferrer and Moya Chen and Guillem Cucurull and David Esiobu and Jude Fernandes and Jeremy Fu and Wenyin Fu and Brian Fuller and Cynthia Gao and Vedanuj Goswami and Naman Goyal and Anthony Hartshorn and Saghar Hosseini and Rui Hou and Hakan Inan and Marcin Kardas and Viktor Kerkez and Madian Khabsa and Isabel Kloumann and Artem Korenev and Punit Singh Koura and Marie-Anne Lachaux and Thibaut Lavril and Jenya Lee and Diana Liskovich and Yinghai Lu and Yuning Mao and Xavier Martinet and Todor Mihaylov and Pushkar Mishra and Igor Molybog and Yixin Nie and Andrew Poulton and Jeremy Reizenstein and Rashi Rungta and Kalyan Saladi and Alan Schelten and Ruan Silva and Eric Michael Smith and Ranjan Subramanian and Xiaoqing Ellen Tan and Binh Tang and Ross Taylor and Adina Williams and Jian Xiang Kuan and Puxin Xu and Zheng Yan and Iliyan Zarov and Yuchen Zhang and Angela Fan and Melanie Kambadur and Sharan Narang and Aurelien Rodriguez and Robert Stojnic and Sergey Edunov and Thomas Scialom},
      year={2023},
      eprint={2307.09288},
      archivePrefix={arXiv},
      primaryClass={cs.CL}
}
 

@inproceedings{NEURIPS2020_GPT3,
 author = {Brown, Tom and Mann, Benjamin and Ryder, Nick and Subbiah, Melanie and Kaplan, Jared D and Dhariwal, Prafulla and Neelakantan, Arvind and Shyam, Pranav and Sastry, Girish and Askell, Amanda and Agarwal, Sandhini and Herbert-Voss, Ariel and Krueger, Gretchen and Henighan, Tom and Child, Rewon and Ramesh, Aditya and Ziegler, Daniel and Wu, Jeffrey and Winter, Clemens and Hesse, Chris and Chen, Mark and Sigler, Eric and Litwin, Mateusz and Gray, Scott and Chess, Benjamin and Clark, Jack and Berner, Christopher and McCandlish, Sam and Radford, Alec and Sutskever, Ilya and Amodei, Dario},
 booktitle = {Advances in Neural Information Processing Systems},
 editor = {H. Larochelle and M. Ranzato and R. Hadsell and M.F. Balcan and H. Lin},
 pages = {1877--1901},
 publisher = {Curran Associates, Inc.},
 title = {Language Models are Few-Shot Learners},
 url = {https://proceedings.neurips.cc/paper_files/paper/2020/file/1457c0d6bfcb4967418bfb8ac142f64a-Paper.pdf},
 volume = {33},
 year = {2020}
}     
   

@InProceedings{Ge_2013_CVPR,
author = {Ge, Tiezheng and He, Kaiming and Ke, Qifa and Sun, Jian},
title = {Optimized Product Quantization for Approximate Nearest Neighbor Search},
booktitle = {Proceedings of the IEEE Conference on Computer Vision and Pattern Recognition (CVPR)},
month = {June},
year = {2013}
}

@inproceedings{2024SIGIR-CDFS-Yang,
author = {Yang, Yingrui and Carlson, Parker and He, Shanxiu and Qiao, Yifan and Yang, Tao},
title = {Cluster-based Partial Dense Retrieval Fused with Sparse Text Retrieval},
year = {2024},
publisher = {ACM},
address = {New York, NY, USA},
booktitle = {Proc. of the 47th International ACM SIGIR Conference on Research and Development in Information Retrieval},
pages = {2327–2331},
numpages = {5},
location = {Washington DC, USA},
series = {SIGIR '24}
} 

@article{Can2004EfficiencyAE,
  title={Efficiency and effectiveness of query processing in cluster-based retrieval},
  author={Fazli Can and Ismail Seng{\"o}r Alting{\"o}vde and Engin Demir},
  journal={Inf. Syst.},
  year={2004},
  volume={29},
  pages={697-717}
}

@article{2008ACMTrans-Altingovde,
author = {Altingovde, Ismail Sengor and Demir, Engin and Can, Fazli and Ulusoy, \"{O}zg\"{u}r},
title = {Incremental cluster-based retrieval using compressed cluster-skipping inverted files},
year = {2008},
issue_date = {June 2008},
publisher = {Association for Computing Machinery},
address = {New York, NY, USA},
volume = {26},
number = {3},
issn = {1046-8188},
url = {https://doi.org/10.1145/1361684.1361688},
doi = {10.1145/1361684.1361688},
journal = {ACM Trans. Inf. Syst.},
month = jun,
articleno = {15},
numpages = {36}
}

@inproceedings{2017ECIR-Hafizoglu,
author = {Hafizoglu, Fatih and Kucukoglu, Emre and Altingövde, Ismail},
year = {2017},
month = {04},
pages = {705-712},
booktitle = {Proc. of ECIR 2017},
title = {On the Efficiency of Selective Search},
isbn = {978-3-319-56607-8},
doi = {10.1007/978-3-319-56608-5_69}
}
