@inproceedings{monot5,
    title = "Document Ranking with a Pretrained Sequence-to-Sequence Model",
    author = "Nogueira, Rodrigo  and
      Jiang, Zhiying  and
      Pradeep, Ronak  and
      Lin, Jimmy",
    booktitle = "Findings of the Association for Computational Linguistics: EMNLP 2020",
    month = nov,
    year = "2020",
    address = "Online",
    publisher = "Association for Computational Linguistics",
    url = "https://www.aclweb.org/anthology/2020.findings-emnlp.63",
    doi = "10.18653/v1/2020.findings-emnlp.63",
    pages = "708--718"
}

@article{2021Facebook-DrBoost-Lewis,
      title={Boosted Dense Retriever},
      author={Patrick Lewis and Barlas OÄŸuz and Wenhan Xiong and Fabio Petroni and Wen-tau Yih and Sebastian Riedel},
      year={2022},
    pages = "3102--3117",
      journal={Proc. of NAACL}
}

@article{deepCT,
  title={Context-Aware Document Term Weighting for Ad-Hoc Search},
  author={Zhuyun Dai and J. Callan},
  journal={Proceedings of The Web Conference 2020},
  year={2020}
}

@article{Zamani2018FromNR,
  title={From Neural Re-Ranking to Neural Ranking: Learning a Sparse Representation for Inverted Indexing},
  author={Hamed Zamani and M. Dehghani and W. Croft and E. Learned-Miller and J. Kamps},
  journal={CIKM},
  year={2018}
}

@article{Zheng2015LearningTR,
  title={Learning to Reweight Terms with Distributed Representations},
  author={Guoqing Zheng and J. Callan},
  journal={SIGIR},
  year={2015}
}

@article{knrm,
  title={End-to-End Neural Ad-hoc Ranking with Kernel Pooling},
  author={Chenyan Xiong and Zhuyun Dai and J. Callan and Zhiyuan Liu and R. Power},
  journal={SIGIR},
  year={2017}
}

@article{MacAvaney2019SIGIR-cedr,
  title={CEDR: Contextualized Embeddings for Document Ranking},
  author={Sean MacAvaney and Andrew Yates and Arman Cohan and Nazli Goharian},
  journal={SIGIR},
  year={2019}
}

@article{drmm,
  title={A Deep Relevance Matching Model for Ad-hoc Retrieval},
  author={J. Guo and Y. Fan and Qingyao Ai and W. Croft},
  journal={CIKM},
  year={2016}
}

@inproceedings{Liu2010LearningTR,
  title={Learning to rank for information retrieval},
  author={T. Liu},
  booktitle={SIGIR},
  year={2010}
}

@article{Lin2020PretrainedTF,
  title={Pretrained Transformers for Text Ranking: BERT and Beyond},
  author={Jimmy Lin and Rodrigo Nogueira and A. Yates},
  journal={ArXiv},
  year={2020},
  volume={abs/2010.06467}
}

@article{Yang2019CriticallyET,
  title={Critically Examining the "Neural Hype": Weak Baselines and the Additivity of Effectiveness Gains from Neural Ranking Models},
  author={Wei Yang and Kuang Lu and Peilin Yang and Jimmy Lin},
  journal={SIGIR},
  year={2019}
}

@article{parade,
  title={PARADE: Passage Representation Aggregation for Document Reranking},
  author={Canjia Li and A. Yates and Sean MacAvaney and B. He and Yingfei Sun},
  journal={ArXiv},
  year={2020},
  volume={abs/2008.09093}
}

@inproceedings{convknrm,
  title={Convolutional neural networks for soft-matching n-grams in ad-hoc search},
  author={Dai, Zhuyun and Xiong, Chenyan and Callan, Jamie and Liu, Zhiyuan},
  booktitle={Proc of ACM WSDM'18},
  pages={126--134},
  year={2018}
}


@inproceedings{AttR-Duet,
  title={Word-entity duet representations for document ranking},
  author={Xiong, Chenyan and Callan, Jamie and Liu, Tie-Yan},
  booktitle={SIGIR},
  pages={763--772},
  year={2017}
}

@inproceedings{ESR,
  title={Explicit semantic ranking for academic search via knowledge graph embedding},
  author={Xiong, Chenyan and Power, Russell and Callan, Jamie},
  booktitle={WWW},
  pages={1271--1279},
  year={2017}
}

@inproceedings{KESM,
  title={Towards Better Text Understanding and Retrieval through Kernel Entity Salience Modeling},
  author={Xiong, Chenyan and Liu, Zhengzhong and Callan, Jamie and Liu, Tie-Yan},
  booktitle = {SIGIR},
  year = {2018}
} 

@inproceedings{DeepRank,
  title={Deeprank: A new deep architecture for relevance ranking in information retrieval},
  author={Pang, Liang and Lan, Yanyan and Guo, Jiafeng and Xu, Jun and Xu, Jingfang and Cheng, Xueqi},
  booktitle={CIKM},
  pages={257--266},
  year={2017},
}

@inproceedings{KNRM,
  title={End-to-end neural ad-hoc ranking with kernel pooling},
  author={Xiong, Chenyan and Dai, Zhuyun and Callan, Jamie and Liu, Zhiyuan and Power, Russell},
  booktitle={SIGIR},
  pages={55--64},
  year={2017},
  organization={ACM}
}

@inproceedings{Dai2019SIGIR,
 author = {Dai, Zhuyun and Callan, Jamie},
 title = {Deeper Text Understanding for {IR} with Contextual Neural Language Modeling},
 booktitle = {SIGIR},
 year = {2019}
} 

@inproceedings{DUET,
  title={Learning to match using local and distributed representations of text for web search},
  author={Mitra, Bhaskar and Diaz, Fernando and Craswell, Nick},
  booktitle={WWW},
  pages={1291--1299},
  year={2017}
}

@inproceedings{MatchRNN,
 author = {Wan, Shengxian and Lan, Yanyan and Xu, Jun and Guo, Jiafeng and Pang, Liang and Cheng, Xueqi},
 title = {Match-SRNN: Modeling the Recursive Matching Structure with Spatial RNN},
 booktitle = {IJCAI},
 year = {2016}
} 

@inproceedings{HiNT,
 author = {Fan, Yixing and Guo, Jiafeng and Lan, Yanyan and Xu, Jun and Zhai, Chengxiang and Cheng, Xueqi},
 title = {Modeling Diverse Relevance Patterns in Ad-hoc Retrieval},
 booktitle = {SIGIR},
 year = {2018}
} 

@inproceedings{PangNeuIR17,
  author={Pang, Liang and Lan, Yanyan and Guo, Jiafeng and Xu, Jun and Cheng, Xueqi},
  title={A deep investigation of deep {IR} models},
  booktitle={SIGIR 2017 Workshop on Neural Information Retrieval (Neu-IR'17)},
  year={2017},
  location={Shinjuku, Tokyo, Japan}
}

@inproceedings{BNN16,
  title={Binarized neural networks},
  author={Hubara, Itay and Courbariaux, Matthieu and Soudry, Daniel and El-Yaniv, Ran and Bengio, Yoshua},
  booktitle={Advances in neural information processing systems},
  pages={4107--4115},
  year={2016}
}

@inproceedings{XnorNet16,
  title={Xnor-net: Imagenet classification using binary convolutional neural networks},
  author={Rastegari, Mohammad and Ordonez, Vicente and Redmon, Joseph and Farhadi, Ali},
  booktitle={European Conference on Computer Vision},
  pages={525--542},
  year={2016}
}

@inproceedings{AAAI17BNN,
  title={How to train a compact binary neural network with high accuracy?},
  author={Tang, Wei and Hua, Gang and Wang, Liang},
  booktitle={AAAI},
  pages={2625--2631},
  year={2017}
}

@inproceedings{DSSM,
  title={Learning deep structured semantic models for web search using clickthrough data},
  author={Huang, Po-Sen and He, Xiaodong and Gao, Jianfeng and Deng, Li and Acero, Alex and Heck, Larry},
  booktitle={Proceedings of CIKM'13},
  pages={2333--2338},
  year={2013},
  organization={ACM}
}

@inproceedings{CDSSM,
  title={Learning semantic representations using convolutional neural networks for web search},
  author={Shen, Yelong and He, Xiaodong and Gao, Jianfeng and Deng, Li and Mesnil, Gr{\'e}goire},
  booktitle={Proceedings of the 23rd International Conference on World Wide Web},
  pages={373--374},
  year={2014},
  organization={ACM}
}

@article{DualRanking,
  title={A dual embedding space model for document ranking},
  author={Mitra, Bhaskar and Nalisnick, Eric and Craswell, Nick and Caruana, Rich},
  journal={arXiv preprint arXiv:1602.01137},
  year={2016}
}

@inproceedings{DualWWW16,
  title={Improving document ranking with dual word embeddings},
  author={Nalisnick, Eric and Mitra, Bhaskar and Craswell, Nick and Caruana, Rich},
  booktitle={WWW},
  pages={83--84},
  year={2016},
  organization={International World Wide Web Conferences Steering Committee}
}

@inproceedings{Mikolov2013Distributed,
  title={Distributed representations of words and phrases and their compositionality},
  author={Mikolov, Tomas and Sutskever, Ilya and Chen, Kai and Corrado, Greg S and Dean, Jeff},
  booktitle={Advances in neural information processing systems},
  pages={3111--3119},
  year={2013}
}

@inproceedings{Pennington2014Glove,
  title={Glove: Global vectors for word representation},
  author={Pennington, Jeffrey and Socher, Richard and Manning, Christopher},
  booktitle={Proceedings of the 2014 conference on empirical methods in natural language processing (EMNLP)},
  pages={1532--1543},
  year={2014}
}

@inproceedings{Zamani2017sigir,
  title={Relevance-based word embedding},
  author={Zamani, Hamed and Croft, W Bruce},
  booktitle={SIGIR},
  pages={505--514},
  year={2017},
  organization={ACM}
}


@inproceedings{ZamaniCIKM2018,
 author = {Zamani, Hamed and Dehghani, Mostafa and Croft, W. Bruce and Learned-Miller, Erik and Kamps, Jaap},
 title = {From Neural Re-Ranking to Neural Ranking: Learning a Sparse Representation for Inverted Indexing},
 booktitle = {Proceedings of the 27th ACM International Conference on Information and Knowledge Management},
 series = {CIKM '18},
 year = {2018},
 isbn = {978-1-4503-6014-2},
 location = {Torino, Italy},
 pages = {497--506},
 numpages = {10}
}

@article{Nogueira2019PassageRW,
  title={Passage Re-ranking with BERT},
  author={Rodrigo Nogueira and Kyunghyun Cho},
  journal={ArXiv},
  year={2019},
  volume={abs/1901.04085}
}

@article{birch,
  title={Simple Applications of BERT for Ad Hoc Document Retrieval},
  author={Wei Yang and Haotian Zhang and Jimmy Lin},
  journal={ArXiv},
  year={2019},
  volume={abs/1903.10972}
}

@article{bertmaxp,
  title={Deeper Text Understanding for {IR} with Contextual Neural Language Modeling},
  author={Zhuyun Dai and J. Callan},
  journal={SIGIR},
  year={2019}
}

@article{monobert,
  title={Multi-Stage Document Ranking with BERT},
  author={Rodrigo Nogueira and W. Yang and Kyunghyun Cho and Jimmy Lin},
  journal={ArXiv},
  year={2019},
  volume={abs/1910.14424}
}

@inproceedings{2020ECAI-tk,
  title={Interpretable \& Time-Budget-Constrained Contextualization for Re-Ranking},
  author={Sebastian Hofst{\"a}tter and Markus Zlabinger and A. Hanbury},
  booktitle={ECAI},
  year={2020}
}

@article{tkl,
  title={Local Self-Attention over Long Text for Efficient Document Retrieval},
  author={Sebastian Hofst{\"a}tter and Hamed Zamani and Bhaskar Mitra and Nick Craswell and A. Hanbury},
  journal={SIGIR},
  year={2020}
}

@article{2021SIGIR-ck-Mitra,
  title={Conformer-Kernel with Query Term Independence for Document Retrieval},
  author={Bhaskar Mitra and Sebastian Hofst{\"a}tter and Hamed Zamani and Nick Craswell},
  journal={SIGIR},
  year={2021}
}

@article{Mitra2017LearningTM,
  title={Learning to Match using Local and Distributed Representations of Text for Web Search},
  author={Bhaskar Mitra and F. Diaz and Nick Craswell},
  journal={WWW},
  year={2017}
}

@article{Gao2020ComplementingLR,
  title={Complementing Lexical Retrieval with Semantic Residual Embedding},
  author={Luyu Gao and Zhuyun Dai and Zhen Fan and J. Callan},
  journal={ECIR},
  year={2021},
  volume={abs/2004.13969}
}
@article{Luan2020SparseDA,
  title={Sparse, Dense, and Attentional Representations for Text Retrieval},
  author={Yi Luan and Jacob Eisenstein and Kristina Toutanova and M. Collins},
  journal={TACL},
  year={2021}
}

@article{Zhan2020LearningTR,
  title={Learning To Retrieve: How to Train a Dense Retrieval Model Effectively and Efficiently},
  author={Jingtao Zhan and J. Mao and Yiqun Liu and Min Zhang and Shaoping Ma},
  journal={ArXiv},
  year={2020},
  volume={abs/2010.10469}
}

@article{lsh,
  title={Efficient Interaction-based Neural Ranking with Locality Sensitive Hashing},
  author={S. Ji and Jinjin Shao and T. Yang},
  journal={WWW},
  year={2019}
}

@article{Shao2019PrivacyawareDR,
  title={Privacy-aware Document Ranking with Neural Signals},
  author={Jinjin Shao and S. Ji and T. Yang},
  journal={Proceedings of the 42nd International ACM SIGIR Conference on Research and Development in Information Retrieval},
  year={2019}
}
@article{CoPACRR,
  title={Co-PACRR: A Context-Aware Neural {IR} Model for Ad-hoc Retrieval},
  author={Kai Hui and Andrew Yates and K. Berberich and Gerard de Melo},
  journal={Proceedings of the Eleventh ACM International Conference on Web Search and Data Mining},
  year={2018}
}

@article{Gao2020distill,
  title={Understanding BERT Rankers Under Distillation},
  author={Luyu Gao and Zhuyun Dai and J. Callan},
  journal={Proceedings of SIGIR},
  year={2020}
}


@inproceedings{Xin2020SUSTAINLP,
  title={Early Exiting BERT for Efficient Document Ranking},
  author={J. Xin and Rodrigo Nogueira and Y. Yu and Jimmy Lin},
  booktitle={SUSTAINLP},
  year={2020}
}

@inproceedings{Humeau2020PolyencodersAA,
  title={Poly-encoders: Architectures and Pre-training Strategies for Fast and Accurate Multi-sentence Scoring},
  author={Samuel Humeau and Kurt Shuster and Marie-Anne Lachaux and J. Weston},
  booktitle={ICLR},
  year={2020}
}

@article{Hofsttter2021IntraDocumentCL,
  title={Intra-Document Cascading: Learning to Select Passages for Neural Document Ranking},
  author={Sebastian Hofst{\"a}tter and Bhaskar Mitra and Hamed Zamani and Nick Craswell and A. Hanbury},
  journal={Proceedings of the 44th International ACM SIGIR Conference on Research and Development in Information Retrieval},
  year={2021}
}

@article{Soldaini2020TheCT,
  title={The Cascade Transformer: an Application for Efficient Answer Sentence Selection},
  author={Luca Soldaini and Alessandro Moschitti},
  journal={ArXiv},
  year={2020},
  volume={abs/2005.02534}
}

@article{Zhan2020RepBERT,
  title={RepBERT: Contextualized Text Embeddings for First-Stage Retrieval},
  author={Jingtao Zhan and Jiaxin Mao and Yiqun Liu and Min Zhang and Shaoping Ma},
  journal={ArXiv},
  year={2020},
  volume={abs/2006.15498}
}

@inproceedings{Zhuang2021DeepQL,
  title={Deep Query Likelihood Model for Information Retrieval},
  author={Shengyao Zhuang and Hang Li and G. Zuccon},
  booktitle={ECIR},
  year={2021}
}

@inproceedings{Santos2020BeyondT,
  title={Beyond [CLS] through Ranking by Generation},
  author={C. D. Santos and Xiaofei Ma and Ramesh Nallapati and Zhiheng Huang and Bing Xiang},
  booktitle={EMNLP},
  year={2020}
}

@article{tilde,
  title={TILDE: Term Independent Likelihood moDEl for Passage Re-ranking},
  author={Shengyao Zhuang and G. Zuccon},
  journal={Proceedings of the 44th International ACM SIGIR Conference on Research and Development in Information Retrieval},
  year={2021}
}

@article{Chen2020-SimplifiedTK,
  title={Simplified TinyBERT: Knowledge Distillation for Document Retrieval},
  author={Xuanang Chen and B. He and Kai Hui and L. Sun and Yingfei Sun},
  journal={ArXiv},
  year={2020},
  volume={abs/2009.07531}
}

@article{Xiong2017SIGIR-knrm,
  title={End-to-End Neural Ad-hoc Ranking with Kernel Pooling},
  author={Chenyan Xiong and Zhuyun Dai and J. Callan and Zhiyuan Liu and R. Power},
  journal={SIGIR},
  year={2017}
}

@article{Ren2021PAIR,
  title={PAIR: Leveraging Passage-Centric Similarity Relation for Improving Dense Passage Retrieval},
  author={Ruiyang Ren and Shangwen Lv and Yingqi Qu and Jing Liu and Wayne Xin Zhao and Qiaoqiao She and Hua Wu and Haifeng Wang and Ji-rong Wen},
  journal={Findings of ACL/IJCNLP},
  year={2022}
}

@inproceedings{Reimers2019SentenceBERTSE,
  title={Sentence-BERT: Sentence Embeddings using Siamese BERT-Networks},
  author={Nils Reimers and Iryna Gurevych},
  booktitle={EMNLP/IJCNLP},
  year={2019}
}

@article{Karpukhin2020DPR,
  title={Dense Passage Retrieval for Open-Domain Question Answering},
  author={V. Karpukhin and Barlas OÄŸuz and Sewon Min and Patrick Lewis and Ledell Yu Wu and Sergey Edunov and Danqi Chen and Wen-tau Yih},
  journal={EMNLP'2020},
  year={2020},
  volume={ArXiv abs/2010.08191}
}

@inproceedings{dcbert,
  title={DC-BERT: Decoupling Question and Document for Efficient Contextual Encoding},
  author={Y. Zhang and Ping Nie and Xiubo Geng and A. Ramamurthy and L. Song and Daxin Jiang},
  booktitle={SIGIR},
  year={2020}
}

@inproceedings{Devlin2019BERT,
  title={BERT: Pre-training of Deep Bidirectional Transformers for Language Understanding},
  author={Jacob Devlin and Ming-Wei Chang and Kenton Lee and Kristina Toutanova},
  booktitle={NAACL},
  year={2019}
}

@article{Khattab2020ColBERT,
  title={{ColBERT:} Efficient and Effective Passage Search via Contextualized Late Interaction over BERT},
  author={O. Khattab and Matei A. Zaharia},
  journal={SIGIR},
  year={2020}
}

@article{Santhanam2021ColBERTv2,
  title={{ColBERTv2}: Effective and Efficient Retrieval via Lightweight Late Interaction},
  author={Keshav Santhanam and O. Khattab and Jon Saad-Falcon and Christopher Potts and Matei A. Zaharia},
  journal={NAACL'22},
  year={2022},
  volume={ArXiv abs/2112.01488} 
} 

@article{Nogueira2019d2q,
  title={Document Expansion by Query Prediction},
  author={Rodrigo Nogueira and Wei Yang and Jimmy J. Lin and Kyunghyun Cho},
  journal={ArXiv},
  year={2019},
  volume={abs/1904.08375}
}

@article{Dai2020deepct,
  title={Context-Aware Term Weighting For First Stage Passage Retrieval},
  author={Zhuyun Dai and Jamie Callan},
  journal={SIGIR},
  year={2020}
}

@inproceedings{Lin2021tctcolbert,
  title={In-Batch Negatives for Knowledge Distillation with Tightly-Coupled Teachers for Dense Retrieval},
  author={Sheng-Chieh Lin and Jheng-Hong Yang and Jimmy J. Lin},
  booktitle={REPL4NLP},
  year={2021}
}

@article{Mallia2021deepimpact,
  title={Learning Passage Impacts for Inverted Indexes},
  author={Antonio Mallia and O. Khattab and Nicola Tonellotto and Torsten Suel},
  journal={SIGIR},
  year={2021}
}

@article{Lin2021unicoil,
  title={A Few Brief Notes on DeepImpact, COIL, and a Conceptual Framework for Information Retrieval Techniques},
  author={Jimmy J. Lin and Xueguang Ma},
  journal={ArXiv},
  year={2021},
  volume={abs/2106.14807}
}

@article{Yang2021WSDM-BECR,
  title={Lightweight Composite Re-Ranking for Efficient Keyword Search with {BERT} },
  author={Yingrui Yang and Yifan Qiao and Jinjin Shao and Xifeng Yan and Tao Yang},
  journal={Proc. of ACM WSDM'22},
  year={2022}
}


@article{Zhuang2021TILDEv2,
  title={Fast Passage Re-ranking with Contextualized Exact Term Matching and Efficient Passage Expansion},
  author={Shengyao Zhuang and G. Zuccon},
  journal={ArXiv},
  year={2021},
  volume={abs/2108.08513}
}

@inproceedings{Cao2007listnet,
  title={Learning to rank: from pairwise approach to listwise approach},
  author={Zhe Cao and Tao Qin and Tie-Yan Liu and Ming-Feng Tsai and Hang Li},
  booktitle={ICML '07},
  year={2007}
}

@article{Hofsttter2020marginMSE,
  title={Improving Efficient Neural Ranking Models with Cross-Architecture Knowledge Distillation},
  author={Sebastian Hofst{\"a}tter and Sophia Althammer and Michael Schr{\"o}der and Mete Sertkan and Allan Hanbury},
  journal={ArXiv},
  year={2020},
  volume={abs/2010.02666}
}

@article{Robertson2009BM25,
  title={The Probabilistic Relevance Framework: BM25 and Beyond},
  author={Stephen E. Robertson and Hugo Zaragoza},
  journal={Found. Trends Inf. Retr.},
  year={2009},
  volume={3},
  pages={333-389}
}


@article{MacAvaney2020SIGIR-prettr,
  title={Efficient Document Re-Ranking for Transformers by Precomputing Term Representations},
  author={Sean MacAvaney and F. Nardini and R. Perego and N. Tonellotto and Nazli Goharian and O. Frieder},
  journal={SIGIR},
  year={2020}
}

@article{2021NAACL-Gao-COIL,
  author    = {Luyu Gao and
               Zhuyun Dai and
               Jamie Callan},
  title     = {{COIL:} Revisit Exact Lexical Match in Information Retrieval with
               Contextualized Inverted List},
  journal   = {NAACL},
  year      = {2021},
}

@article{wordpiece,
  title={Google's Neural Machine Translation System: Bridging the Gap between Human and Machine Translation},
  author={Y. Wu and M. Schuster and Z. Chen and Q. Le and M. Norouzi and W. Macherey and M. Krikun and Y. Cao and Q. Gao and K. Macherey and J. Klingner and A. Shah and M. Johnson and X. Liu and L. Kaiser and S. Gouws and Y. Kato and T. Kudo and H. Kazawa and K. Stevens and G. Kurian and N. Patil and W. Wang and C. Young and J. Smith and J. Riesa and A. Rudnick and O. Vinyals and G. Corrado and M. Hughes and J. Dean},
  journal={ArXiv},
  year={2016},
  volume={abs/1609.08144}
}




@article{NDCG,
  title={Cumulated gain-based evaluation of {IR} techniques},
  author={J{\"a}rvelin, Kalervo and Kek{\"a}l{\"a}inen, Jaana},
  journal={ACM Transactions on Information Systems (TOIS)},
  volume={20},
  number={4},
  pages={422--446},
  year={2002},
  publisher={ACM}
}


@inproceedings{Ren2021RocketQAv2,
    title = "{R}ocket{QA}v2: A Joint Training Method for Dense Passage Retrieval and Passage Re-ranking",
    author = "Ren, Ruiyang  and
      Qu, Yingqi  and
      Liu, Jing  and
      Zhao, Wayne Xin  and
      She, QiaoQiao  and
      Wu, Hua  and
      Wang, Haifeng  and
      Wen, Ji-Rong",
    booktitle = "Proceedings of the 2021 Conference on Empirical Methods in Natural Language Processing",
    month = nov,
    year = "2021",
    address = "Online and Punta Cana, Dominican Republic",
    publisher = "ACM",
    pages = "2825--2835"
}

@article{ 2021SIGIR-Zhan-ADORE-dense,
  author    = {Jingtao Zhan and
               Jiaxin Mao and
               Yiqun Liu and
               Jiafeng Guo and
               Min Zhang and
               Shaoping Ma},
  title     = {Optimizing Dense Retrieval Model Training with Hard Negatives},
  journal   = {CoRR},
  volume    = {abs/2104.08051},
  year      = {2021},
  url       = {https://arxiv.org/abs/2104.08051},
  eprinttype = {arXiv}
}
@inproceedings{
xiong2021-ANCE,
title={Approximate Nearest Neighbor Negative Contrastive Learning for Dense Text Retrieval},
author={Lee Xiong and Chenyan Xiong and Ye Li and Kwok-Fung Tang and Jialin Liu and Paul N. Bennett and Junaid Ahmed and Arnold Overwijk},
booktitle={ICLR},
year={2021},
}

@inproceedings{gao-2021-condenser,
    title = "Condenser: a Pre-training Architecture for Dense Retrieval",
    author = "Gao, Luyu  and
      Callan, Jamie",
    booktitle = "Proceedings of the 2021 Conference on Empirical Methods in Natural Language Processing",
    month = nov,
    year = "2021",
    address = "Online and Punta Cana, Dominican Republic",
    publisher = "ACM",
    url = "https://aclanthology.org/2021.emnlp-main.75",
    doi = "10.18653/v1/2021.emnlp-main.75",
    pages = "981--993"
}

@inproceedings{gao2022cocondenser,
    title = "Unsupervised Corpus Aware Language Model Pre-training for Dense Passage Retrieval",
    author = "Gao, Luyu  and
      Callan, Jamie",
    booktitle = "Proceedings of the 60th Annual Meeting of the Association for Computational Linguistics (Volume 1: Long Papers)",
    month = may,
    year = "2022",
    address = "Dublin, Ireland",
    publisher = "ACM",
    url = "https://aclanthology.org/2022.acl-long.203",
    doi = "10.18653/v1/2022.acl-long.203",
    pages = "2843--2853"
}

@inproceedings{2022WSDM-Zhan-RepCONC,
author = {Zhan, Jingtao and Mao, Jiaxin and Liu, Yiqun and Guo, Jiafeng and Zhang, Min and Ma, Shaoping},
title = {Learning Discrete Representations via Constrained Clustering for Effective and Efficient Dense Retrieval},
year = {2022},
booktitle = {Proc. of  Fifteenth ACM International Conference on Web Search and Data Mining}, pages = {1328--1336},
numpages = {9},
series = {WSDM '22} }


@article{Formal2021SPLADEV2,
  title={{SPLADE} v2: Sparse Lexical and Expansion Model for Information Retrieval},
  author={Thibault Formal and C. Lassance and Benjamin Piwowarski and St{\'e}phane Clinchant},
  journal={ArXiv},
  year={2021},
  volume={abs/2109.10086}
}

@article{Formal2021SPLADE,
  title={{SPLADE}: Sparse Lexical and Expansion Model for First Stage Ranking},
  author={Thibault Formal and Benjamin Piwowarski and St{\'e}phane Clinchant},
  journal={SIGIR},
  year={2021}
}

@article{ 2021CIKM-JPQ-Zhan,
      title={Jointly Optimizing Query Encoder and Product Quantization to Improve Retrieval Performance}, 
      author={Jingtao Zhan and Jiaxin Mao and Yiqun Liu and Jiafeng Guo and Min Zhang and Shaoping Ma},
      year={2021},
  journal={CIKM}
}

@inproceedings{bert,
  title={{BERT:} Pre-training of Deep Bidirectional Transformers for Language Understanding},
  author={J. Devlin and Ming-Wei Chang and Kenton Lee and Kristina Toutanova},
  booktitle={NAACL-HLT},
  year={2019}
}

@article{Hofsttter2021TASB,
  title={Efficiently Teaching an Effective Dense Retriever with Balanced Topic Aware Sampling},
  author={Sebastian Hofst{\"a}tter and Sheng-Chieh Lin and Jheng-Hong Yang and Jimmy J. Lin and Allan Hanbury},
  journal={SIGIR},
  year={2021}
}

@article{Formal2022SPLADE++,
  title={From Distillation to Hard Negative Sampling: Making Sparse Neural {IR} Models More Effective},
  author={Thibault Formal and Carlos Lassance and Benjamin Piwowarski and St{\'e}phane Clinchant},
  journal={SIGIR},
  year={2022}
}

@article{Shen2022unifiedretriever,
  title={{UnifieR:} A Unified Retriever for Large-Scale Retrieval},
  author={Tao Shen and Xiubo Geng and Chongyang Tao and Can Xu and Kai Zhang and Daxin Jiang},
  journal={ArXiv},
  year={2022},
  volume={abs/2205.11194}
}

@article{Lin2022PROD,
  title={PROD: Progressive Distillation for Dense Retrieval},
  author={Zheng Lin and Yeyun Gong and Xiao Liu and Hang Zhang and Chen Lin and Anlei Dong and Jian Jiao and Jing Lu and Daxin Jiang and Rangan Majumder and Nan Duan},
  journal={ArXiv},
  year={2022},
  volume={abs/2209.13335}
}

@article{Bai2020SparTerm,
  title={SparTerm: Learning Term-based Sparse Representation for Fast Text Retrieval},
  author={Yang Bai and Xiaoguang Li and Gang Wang and Chao-liang Zhang and Lifeng Shang and Jun Xu and Zhaowei Wang and Fangshan Wang and Qun Liu},
  journal={ArXiv},
  year={2020},
  volume={abs/2010.00768}
}

@article{Cormack2009RRF,
  title={Reciprocal rank fusion outperforms condorcet and individual rank learning methods},
  author={Gordon V. Cormack and Charles L. A. Clarke and Stefan B{\"u}ttcher},
  journal={SIGIR},
  year={2009}
}


@article{Craswell2020OverviewOT,
  title={Overview of the TREC 2020 Deep Learning Track},
  author={Nick Craswell and Bhaskar Mitra and Emine Yilmaz and Daniel Fernando Campos and Ellen M. Voorhees},
  journal={ArXiv},
  year={2020},
  volume={abs/2102.07662}
}

@article{Campos2016MSMARCO,
  title={{MS MARCO}: A Human Generated MAchine Reading COmprehension Dataset},
  author={Daniel Fernando Campos and Tri Nguyen and Mir Rosenberg and Xia Song and Jianfeng Gao and Saurabh Tiwary and Rangan Majumder and Li Deng and Bhaskar Mitra},
  journal={NIPS},
  year={2016}
}

@article{mallia2019pisa,
  title={{PISA}: Performant indexes and search for academia},
  author={Mallia, Antonio and Siedlaczek, Michal and Mackenzie, Joel and Suel, Torsten},
  journal={Proceedings of the Open-Source IR Replicability Challenge},
  year={2019}
}

@article{Lassance2022SPLADE-efficient,
  title={An Efficiency Study for SPLADE Models},
  author={Carlos Lassance and St{\'e}phane Clinchant},
  journal={SIGIR},
  year={2022}
}

@article{2022LinearInterpolationJimLin,
  title={To Interpolate or not to Interpolate: PRF, Dense and Sparse Retrievers},
  author={Hang Li and Shuai Wang and Shengyao Zhuang and Ahmed Mourad and Xueguang Ma and Jimmy Lin and G. Zuccon},
  journal={SIGIR},
  year={2022}
}

@inproceedings{Yang2022CQ,
  title={Compact Token Representations with Contextual Quantization for Efficient Document Re-ranking},
  author={Yingrui Yang and Yifan Qiao and Tao Yang},
  booktitle={ACL},
  year={2022}
}

@inproceedings{qiao2023optimizing,
  title={Optimizing Guided Traversal for Fast Learned Sparse Retrieval},
  author={Qiao, Yifan and Yang, Yingrui and Lin, Haixin and Yang, Tao},
  booktitle={Proceedings of the ACM Web Conference 2023},
  pages={3375--3385},
  year={2023}
}

@article{johnson2019billion,
  title={Billion-scale similarity search with {GPUs}},
  author={Johnson, Jeff and Douze, Matthijs and J{\'e}gou, Herv{\'e}},
  journal={IEEE Transactions on Big Data},
  volume={7},
  number={3},
  pages={535--547},
  year={2019},
  publisher={IEEE}
} 

@inproceedings{ thakur2021beir,
title={{BEIR}: A Heterogeneous Benchmark for Zero-shot Evaluation of Information Retrieval Models},
author={Nandan Thakur and Nils Reimers and Andreas R{\"u}ckl{\'e} and Abhishek Srivastava and Iryna Gurevych},
booktitle={NeurIPS},
year={2021},
}

@inproceedings{xin2022modir,
    title = "Zero-Shot Dense Retrieval with Momentum Adversarial Domain Invariant Representations",
    author = "Xin, Ji  and
      Xiong, Chenyan  and
      Srinivasan, Ashwin  and
      Sharma, Ankita  and
      Jose, Damien  and
      Bennett, Paul",
    booktitle = "Findings of the Association for Computational Linguistics: ACL 2022",
    month = may,
    year = "2022",
    address = "Dublin, Ireland",
    publisher = "ACM",
    url = "https://aclanthology.org/2022.findings-acl.316",
    doi = "10.18653/v1/2022.findings-acl.316",
    pages = "4008--4020"
}

@article{Liu2022RetroMAE,
  title={{RetroMAE:} Pre-training Retrieval-oriented Transformers via Masked Auto-Encoder},
  author={Shitao Xiao and Zheng Liu and Yingxia Shao and Zhao Cao},
  journal={EMNLP},
  year={2022}
}
%  volume={arXiv  abs/2205.12035}
@article{Wu2022CoT-MAE,
  author = {Wu, Xing and Ma, Guangyuan and Lin, Meng and Lin, Zijia and Wang, Zhongyuan and Hu, Songlin},
  title = {ConTextual Masked Auto-Encoder for Dense Passage Retrieval},
  journal={arXiv and AAAI 2023},
  year = {2022},
  volume={abs/2208.07670}
}

@article{qian2022multivector,
      title={Multi-Vector Retrieval as Sparse Alignment}, 
      author={Yujie Qian and Jinhyuk Lee and Sai Meher Karthik Duddu and Zhuyun Dai and Siddhartha Brahma and Iftekhar Naim and Tao Lei and Vincent Y. Zhao},
  journal={arXiv 2211.01267},
      year={2022},
      eprint={2211.01267},
      archivePrefix={arXiv},
      primaryClass={cs.CL}
}

@article{li2022citadel,
      title={{CITADEL}: Conditional Token Interaction via Dynamic Lexical Routing for Efficient and Effective Multi-Vector Retrieval}, 
      author={Minghan Li and Sheng-Chieh Lin and Barlas Oguz and Asish Ghoshal and Jimmy Lin and Yashar Mehdad and Wen-tau Yih and Xilun Chen},
  journal={arXiv 2211.01267},
      year={2022},
      eprint={2211.10411},
      archivePrefix={arXiv},
      primaryClass={cs.IR}
}

@inproceedings{sciavolino-etal-2021-simple,
    title = "Simple Entity-Centric Questions Challenge Dense Retrievers",
    author = "Sciavolino, Christopher  and
      Zhong, Zexuan  and
      Lee, Jinhyuk  and
      Chen, Danqi",
    booktitle = "Proceedings of the 2021 Conference on Empirical Methods in Natural Language Processing",
    month = nov,
    year = "2021",
    publisher = "ACL",
    pages = "6138--6148"
}

@inproceedings{ li2023slim,
      title={{SLIM}: Sparsified Late Interaction for Multi-Vector Retrieval with Inverted Indexes}, 
      author={Minghan Li and Sheng-Chieh Lin and Xueguang Ma and Jimmy Lin},
    booktitle = "SIGIR",
      year={2023},
      eprint={2302.06587},
      archivePrefix={arXiv and SIGIR 2023},
      primaryClass={cs.IR}
}

@inproceedings{2022ColBERT-PLAID,
author = {Santhanam, Keshav and Khattab, Omar and Potts, Christopher and Zaharia, Matei},
title = {PLAID: An Efficient Engine for Late Interaction Retrieval},
year = {2022},
booktitle = {Proceedings of the 31st ACM International Conference on Information \& Knowledge Management},
pages = {1747â€“1756},
numpages = {10},
series = {CIKM '22}
}

@article{2023SIGIR-Qiao,
  title={Representation Sparsification with Hybrid Thresholding for Fast {SPLADE}-based Document Retrieval},
  author={
Yifan Qiao 
and
Yingrui Yang and Shanxiu  He and Tao Yang},
  journal={ ACM SIGIR'23},
  year={2023}
}

@inproceedings{20232GT,
author = {Qiao, Yifan and Yang, Yingrui and Lin, Haixin and Yang, Tao},
title = {Optimizing Guided Traversal for Fast Learned Sparse Retrieval},
year = {2023},
publisher = {ACM},
address = {Austin, TX, USA},
booktitle = {ACM Web Conference},
series = {WWW '23}}


@inproceedings{2023SIGIR-LADR,
author = {Kulkarni, Hrishikesh and MacAvaney, Sean and Goharian, Nazli and Frieder, Ophir},
title = {Lexically-Accelerated Dense Retrieval},
year = {2023},
isbn = {9781450394086},
publisher = {Association for Computing Machinery},
address = {New York, NY, USA},
booktitle = {Proc. of the 46th International ACM SIGIR Conference on Research and Development in Information Retrieval},
pages = {152â€“162},
numpages = {11},
keywords = {dense retrieval, approximate k nearest neighbor, adaptive re-ranking},
location = {Taipei, Taiwan},
series = {SIGIR '23}
}


@inproceedings{2023SIGIR-SPLADE-pruning,
author = {Lassance, Carlos and Lupart, Simon and D\'{e}jean, Herv\'{e} and Clinchant, St\'{e}phane and Tonellotto, Nicola},
title = {A Static Pruning Study on Sparse Neural Retrievers},
year = {2023},
isbn = {9781450394086},
publisher = {Association for Computing Machinery},
address = {New York, NY, USA},
booktitle = {Proc. of the 46th International ACM SIGIR Conference on Research and Development in Information Retrieval},
pages = {1771â€“1775},
numpages = {5},
location = {Taipei, Taiwan},
series = {SIGIR '23}
}

@inproceedings{2022CIKM-MacAvaneyGraphReRank,
author = {MacAvaney, Sean and Tonellotto, Nicola and Macdonald, Craig},
title = {Adaptive Re-Ranking with a Corpus Graph},
year = {2022},
isbn = {9781450392365},
publisher = {Association for Computing Machinery},
address = {New York, NY, USA},
booktitle = {Proc. of the 31st ACM International Conference on Information \& Knowledge Management},
pages = {1491â€“1500},
numpages = {10},
keywords = {neural re-ranking, clustering hypothesis},
location = {Atlanta, GA, USA},
series = {CIKM '22}
}

@inproceedings{2021CIKM-PredictDenseSparse,
author = {Arabzadeh, Negar and Yan, Xinyi and Clarke, Charles L. A.},
title = {Predicting Efficiency/Effectiveness Trade-Offs for Dense vs. Sparse Retrieval Strategy Selection},
year = {2021},
booktitle = {Proc. of the 30th ACM International Conference on Information \& Knowledge Management},
pages = {2862â€“2866},
numpages = {5},
series = {CIKM '21}
}

@inproceedings{2022SIGIR-KurlandClusterRank,
author = {Markovskiy, Egor and Raiber, Fiana and Sabach, Shoham and Kurland, Oren},
title = {From Cluster Ranking to Document Ranking},
year = {2022},
booktitle = {Proc. of the 45th International ACM SIGIR Conference on Research and Development in Information Retrieval},
pages = {2137â€“2141},
numpages = {5},
location = {Madrid, Spain},
series = {SIGIR '22}
}


@inproceedings{kurland2008opposite,
  title={The opposite of smoothing: A language model approach to ranking query-specific document clusters},
  author={Kurland, Oren},
  booktitle={Proce. of the 31st annual international ACM SIGIR conference on Research and development in information retrieval},
  pages={171--178},
  year={2008}
}

@inproceedings{liu2004cluster,
  title={Cluster-based retrieval using language models},
  author={Liu, Xiaoyong and Croft, W Bruce},
  booktitle={Proc. of the 27th annual international ACM SIGIR conference on Research and development in information retrieval},
  pages={186--193},
  year={2004}
}

@article{kuzi2020leveraging,
  title={Leveraging semantic and lexical matching to improve the recall of document retrieval systems: A hybrid approach},
  author={Kuzi, Saar and Zhang, Mingyang and Li, Cheng and Bendersky, Michael and Najork, Marc},
  journal={arXiv preprint arXiv:2010.01195},
  year={2020}
}

@inproceedings{2023SIGIR-ZhuangRankT5,
author = {Zhuang, Honglei and Qin, Zhen and Jagerman, Rolf and Hui, Kai and Ma, Ji and Lu, Jing and Ni, Jianmo and Wang, Xuanhui and Bendersky, Michael},
title = {RankT5: Fine-Tuning T5 for Text Ranking with Ranking Losses},
year = {2023},
booktitle = {Proc. of the 46th International ACM SIGIR Conference on Research and Development in Information Retrieval},
pages = {2308â€“2313},
numpages = {6},
location = {Taipei, Taiwan},
series = {SIGIR '23}
}

@inproceedings{2020SIGMOD-ANNadaptive,
author = {Li, Conglong and Zhang, Minjia and Andersen, David G. and He, Yuxiong},
title = {Improving Approximate Nearest Neighbor Search through Learned Adaptive Early Termination},
year = {2020},
booktitle = {Proc. of the 2020 ACM SIGMOD International Conference on Management of Data},
pages = {2539â€“2554},
numpages = {16},
keywords = {information retrieval, approximate nearest neighbor search},
location = {Portland, OR, USA},
series = {SIGMOD '20}
}

@inproceedings {2023USENIX-ANNcluster,
author = {Zili Zhang and Chao Jin and Linpeng Tang and Xuanzhe Liu and Xin Jin},
title = {Fast, Approximate Vector Queries on Very Large Unstructured Datasets},
booktitle = {20th USENIX Symposium on Networked Systems Design and Implementation (NSDI 23)},
year = {2023},
pages = {995--1011},
publisher = {USENIX Association},
month = apr
}

@inproceedings{2006NAACL-docExpan,
author = {Tao, Tao and Wang, Xuanhui and Mei, Qiaozhu and Zhai, ChengXiang},
title = {Language Model Information Retrieval with Document Expansion},
year = {2006},
booktitle = {Proc. of the Main Conference on Human Language Technology Conference of the North American Chapter of the Association of Computational Linguistics},
pages = {407â€“414},
numpages = {8},
location = {New York},
series = {HLT-NAACL '06}
}

  
 
@inproceedings{2022WWWforwardIndex,
author = {Leonhardt, Jurek and Rudra, Koustav and Khosla, Megha and Anand, Abhijit and Anand, Avishek},
title = {Efficient Neural Ranking Using Forward Indexes},
year = {2022},
booktitle = {Proc. of the ACM Web Conference 2022},
pages = {266â€“276},
numpages = {11},
series = {WWW '22}
}

@article{2020TPAMI-HNSW,
author = {Malkov, Yu A. and Yashunin, D. A.},
title = {Efficient and Robust Approximate Nearest Neighbor Search Using Hierarchical Navigable Small World Graphs},
year = {2020},
issue_date = {April 2020},
publisher = {IEEE Computer Society},
address = {USA},
volume = {42},
number = {4},
issn = {0162-8828},
journal = {IEEE Trans. Pattern Anal. Mach. Intell.},
month = {apr},
pages = {824â€“836},
numpages = {13}
}

@inproceedings{shen2023lexmae,
title={Lex{MAE}: Lexicon-Bottlenecked Pretraining for Large-Scale Retrieval},
author={Tao Shen and Xiubo Geng and Chongyang Tao and Can Xu and Xiaolong Huang and Binxing Jiao and Linjun Yang and Daxin Jiang},
booktitle={The Eleventh International Conference on Learning Representations},
year={2023},
url={https://openreview.net/forum?id=PfpEtB3-csK}
}

@inproceedings{ dai2023promptagator,
title={Promptagator: Few-shot Dense Retrieval From 8 Examples},
author={Zhuyun Dai and Vincent Y Zhao and Ji Ma and Yi Luan and Jianmo Ni and Jing Lu and Anton Bakalov and Kelvin Guu and Keith Hall and Ming-Wei Chang},
booktitle={The Eleventh International Conference on Learning Representations },
year={2023},
url={https://openreview.net/forum?id=gmL46YMpu2J}
}

@inproceedings{
wei2022finetuned, 
title={Finetuned Language Models are Zero-Shot Learners},
author={Jason Wei and Maarten Bosma and Vincent Zhao and Kelvin Guu and Adams Wei Yu and Brian Lester and Nan Du and Andrew M. Dai and Quoc V Le},
booktitle={International Conference on Learning Representations},
year={2022},
url={https://openreview.net/forum?id=gEZrGCozdqR}
} 
  
@inproceedings{sachan-etal-2022-improving,
    title = "Improving Passage Retrieval with Zero-Shot Question Generation",
    author = "Sachan, Devendra  and
      Lewis, Mike  and
      Joshi, Mandar  and
      Aghajanyan, Armen  and
      Yih, Wen-tau  and
      Pineau, Joelle  and
      Zettlemoyer, Luke",
    booktitle = "Proceedings of the 2022 Conference on Empirical Methods in Natural Language Processing",
    month = dec,
    year = "2022",
    address = "Abu Dhabi, United Arab Emirates",
    publisher = "Association for Computational Linguistics",
    url = "https://aclanthology.org/2022.emnlp-main.249",
    doi = "10.18653/v1/2022.emnlp-main.249",
    pages = "3781--3797",
}
 
@article{hochreiter1997long,
  title={Long short-term memory},
  author={Hochreiter, Sepp and Schmidhuber, J{\"u}rgen},
  journal={Neural computation},
  volume={9},
  number={8},
  pages={1735--1780},
  year={1997},
  publisher={MIT Press}
}

@inproceedings{mallia2022faster,
  title={Faster learned sparse retrieval with guided traversal},
  author={Mallia, Antonio and Mackenzie, Joel and Suel, Torsten and Tonellotto, Nicola},
  booktitle={Proceedings of the 45th International ACM SIGIR Conference on Research and Development in Information Retrieval},
  pages={1901--1905},
  year={2022}
}

@article{mackenzie2021anytime,
  title={Anytime ranking on document-ordered indexes},
  author={Mackenzie, Joel and Petri, Matthias and Moffat, Alistair},
  journal={ACM Transactions on Information Systems (TOIS)},
  volume={40},
  number={1},
  pages={1--32},
  year={2021},
  publisher={ACM New York, NY}
}


@inproceedings{Cheriton2019doct5query,
  title={From doc2query to docTTTTTquery},
  author={David R. Cheriton},
  year={2019},
  url={https://api.semanticscholar.org/CorpusID:208612557}
}

@article{Ge2014OPQ,
  title={Optimized Product Quantization},
  author={Tiezheng Ge and Kaiming He and Qifa Ke and Jian Sun},
  journal={IEEE Transactions on Pattern Analysis and Machine Intelligence},
  year={2014},
  volume={36},
  pages={744-755},
  url={https://api.semanticscholar.org/CorpusID:6033212}
}