@article{Foster2019,
	title = {Variational {Bayesian} optimal experimental design},
	author = {Foster, Adam and Jankowiak, Martin and Bingham, Eli and Horsfall, Paul and Teh, Yee Whye and Rainforth, Tom and Goodman, Noah},
    journal={Advances in Neural Information Processing Systems},
	month = mar,
	year = {2019},
    articleno = {1259},
    numpages = {12}
}

@InProceedings{Kleinegesse2020b,
	title = {Bayesian experimental design for implicit models by mutual information neural estimation},
	volume = 	 {119},
	booktitle = {Proceedings of the 37th International Conference on Machine Learning},
	author = {Kleinegesse, Steven and Gutmann, Michael U.},
	pages = 	 {5316--5326},
	year = {2020},
	note = {arXiv: 2002.08129
Publication Title: arXiv},
}

@article{glaser2022maximum,
  title={Maximum Likelihood Learning of Unnormalized Models for Simulation-Based Inference},
  author={Glaser, Pierre and Arbel, Michael and Hromadka, Samo and Doucet, Arnaud and Gretton, Arthur},
  journal={arXiv preprint arXiv:2210.14756},
  year={2022}
}

@inproceedings{ivanova2021implicit,
      title={Implicit Deep Adaptive Design: Policy-Based Experimental Design without Likelihoods}, 
      author={Desi R. Ivanova and Adam Foster and Steven Kleinegesse and Michael U. Gutmann and Tom Rainforth},
      year={2021},
      booktitle = {Advances in Neural Information Processing Systems},
      pages = {25785--25798},
      volume = {34},
}

@misc{lim2022policybased,
      title={Policy-Based Bayesian Experimental Design for Non-Differentiable Implicit Models}, 
      author={Vincent Lim and Ellen Novoseller and Jeffrey Ichnowski and Huang Huang and Ken Goldberg},
      year={2022},
      eprint={2203.04272},
      archivePrefix={arXiv},
      primaryClass={cs.LG}
}

@inproceedings{miller2023simulation,
  title={Simulation-based Inference with the Generalized Kullback-Leibler Divergence},
  author={Miller, Benjamin Kurt and Federici, Marco and Weniger, Christoph and Forr{\'e}, Patrick},
  booktitle={1st Workshop on the Synergy of Scientific and Machine Learning Modeling at ICML2023},
  year={2023}
}

