@article{chaloner1995,
  title={Bayesian experimental design: A review},
  author={Chaloner, Kathryn and Verdinelli, Isabella},
  journal={Statistical Science},
  pages={273--304},
  year={1995},
  publisher={JSTOR}
}
@article{lindley1956,
  title={On a measure of the information provided by an experiment},
  author={Lindley, Dennis V},
  journal={The Annals of Mathematical Statistics},
  pages={986--1005},
  year={1956},
  publisher={JSTOR}
}

@article{roeder2017sticking,
  title={Sticking the landing: Simple, lower-variance gradient estimators for variational inference},
  author={Roeder, Geoffrey and Wu, Yuhuai and Duvenaud, David K},
  journal={Advances in Neural Information Processing Systems},
  volume={30},
  year={2017}
}

@inproceedings{rainforth2018tighter,
  title={Tighter variational bounds are not necessarily better},
  author={Rainforth, Tom and Kosiorek, Adam and Le, Tuan Anh and Maddison, Chris and Igl, Maximilian and Wood, Frank and Teh, Yee Whye},
  booktitle={International Conference on Machine Learning},
  pages={4277--4285},
  year={2018},
  organization={PMLR}
}

@misc{hermans2020likelihoodfree,
      title={Likelihood-free MCMC with Amortized Approximate Ratio Estimators}, 
      author={Joeri Hermans and Volodimir Begy and Gilles Louppe},
      year={2020},
      eprint={1903.04057},
      archivePrefix={arXiv},
      primaryClass={stat.ML}
}

@article{falkiewicz2024calibrating,
  title={Calibrating neural simulation-based inference with differentiable coverage probability},
  author={Falkiewicz, Maciej and Takeishi, Naoya and Shekhzadeh, Imahn and Wehenkel, Antoine and Delaunoy, Arnaud and Louppe, Gilles and Kalousis, Alexandros},
  journal={Advances in Neural Information Processing Systems},
  volume={36},
  year={2024}
}


@misc{oord2019representation,
      title={Representation Learning with Contrastive Predictive Coding}, 
      author={Aaron van den Oord and Yazhe Li and Oriol Vinyals},
      year={2019},
      eprint={1807.03748},
      archivePrefix={arXiv},
      primaryClass={cs.LG}
}

@inproceedings{ivanova2021implicit,
      title={Implicit Deep Adaptive Design: Policy-Based Experimental Design without Likelihoods}, 
      author={Desi R. Ivanova and Adam Foster and Steven Kleinegesse and Michael U. Gutmann and Tom Rainforth},
      year={2021},
      booktitle = {Advances in Neural Information Processing Systems},
      pages = {25785--25798},
      volume = {34},
}

@inproceedings{song2019understanding,
  title={Understanding the limitations of variational mutual information estimators},
  author={Song, Jiaming and Ermon, Stefano},
  booktitle={International Conference on Learning Representations},
  year={2020},
}

@book{lindley1972,
  title={Bayesian statistics, a review},
  author={Lindley, Dennis V},
  volume={2},
  year={1972},
  publisher={SIAM}
}
@article{mine,
  title={{MINE}: mutual information neural estimation},
  author={Belghazi, Ishmael and Rajeswar, Sai and Baratin, Aristide and Hjelm, R Devon and Courville, Aaron},
  booktitle={Proceedings of the 35th International Conference on Machine Learning},
  pages={531--540},
  year={2018},
  organization={PMLR}
}
@inproceedings{rezende2015variational,
  title={Variational Inference with Normalizing Flows},
  author={Rezende, Danilo Jimenez and Mohamed, Shakir},
  booktitle={Proceedings of the 32nd International Conference on Machine Learning},
  pages={1530--1538},
  year={2015},
  organization={PMLR}
}


@article{cranmer2020frontier,
  title={The frontier of simulation-based inference},
  author={Cranmer, Kyle and Brehmer, Johann and Louppe, Gilles},
  journal={Proceedings of the National Academy of Sciences},
  volume={117},
  number={48},
  pages={30055--30062},
  year={2020},
  publisher={National Acad Sciences}
}


@article{Papamakarios2019,
	author  = {George Papamakarios and Eric Nalisnick and Danilo Jimenez Rezende and Shakir Mohamed and Balaji Lakshminarayanan},
  title   = {Normalizing Flows for Probabilistic Modeling and Inference},
  journal = {Journal of Machine Learning Research},
  year    = {2021},
  volume  = {22},
  number  = {57},
  pages   = {1--64},
}

@inproceedings{papamakarios2016,
  title={Fast $\epsilon$-Free Inference of Simulation Models with Bayesian Conditional Density Estimation},
  author={Papamakarios, George and Murray, Iain},
  booktitle={Advances in Neural Information Processing Systems},
  volume={29},
  pages={1028--1036},
  year={2016}
}


@inproceedings{Papamakarios2018,
  title={Sequential Neural Likelihood: Fast Likelihood-Free Inference with Autoregressive Flows},
  author={Papamakarios, George and Sterratt, David C. and Murray, Iain},
  booktitle={Proceedings of the 22nd International Conference on Artificial Intelligence and Statistics},
  pages={837--848},
  year={2019},
  organization={PMLR}
}

@InProceedings{Durkan2020,
  title = 	 {On Contrastive Learning for Likelihood-free Inference},
  author =       {Durkan, Conor and Murray, Iain and Papamakarios, George},
  booktitle = 	 {Proceedings of the 37th International Conference on Machine Learning},
  pages = 	 {2771--2781},
  year = 	 {2020},
  volume = 	 {119},
  series = 	 {Proceedings of Machine Learning Research},
  month = 	 {13--18 Jul},
  publisher =    {PMLR},
}

@inproceedings{durka2019,
 author = {Durkan, Conor and Bekasov, Artur and Murray, Iain and Papamakarios, George},
 booktitle = {Advances in Neural Information Processing Systems},
 editor = {H. Wallach and H. Larochelle and A. Beygelzimer and F. d\textquotesingle Alch\'{e}-Buc and E. Fox and R. Garnett},
 pages = {},
 publisher = {Curran Associates, Inc.},
 title = {Neural Spline Flows},
 volume = {32},
 year = {2019}
}


@InProceedings{Kleinegesse2020b,
	title = {Bayesian experimental design for implicit models by mutual information neural estimation},
	volume = 	 {119},
	booktitle = {Proceedings of the 37th International Conference on Machine Learning},
	author = {Kleinegesse, Steven and Gutmann, Michael U.},
	pages = 	 {5316--5326},
	year = {2020},
	note = {arXiv: 2002.08129
Publication Title: arXiv},
}


@InProceedings{rainforth2018nestingmontecarloestimators,
      title={On Nesting Monte Carlo Estimators}, 
      author={Tom Rainforth and Robert Cornish and Hongseok Yang and Andrew Warrington and Frank Wood},
      year={2018},
      booktitle = 	 {Proceedings of the 35th International Conference on Machine Learning},
      pages = 	 {4267--4276},
      primaryClass={stat.CO},
}



@InProceedings{Foster2019a,
  title = 	 {A Unified Stochastic Gradient Approach to Designing Bayesian-Optimal Experiments},
  author =       {Foster, Adam and Jankowiak, Martin and O'Meara, Matthew and Teh, Yee Whye and Rainforth, Tom},
  booktitle = 	 {Proceedings of the Twenty Third International Conference on Artificial Intelligence and Statistics},
  pages = 	 {2959--2969},
  year = 	 {2020},
  editor = 	 {Chiappa, Silvia and Calandra, Roberto},
  volume = 	 {108},
  series = 	 {Proceedings of Machine Learning Research},
  month = 	 {26--28 Aug},
  publisher =    {PMLR},
  pdf = 	 {http://proceedings.mlr.press/v108/foster20a/foster20a.pdf},
}



@article{Foster2019,
	title = {Variational {Bayesian} optimal experimental design},
	author = {Foster, Adam and Jankowiak, Martin and Bingham, Eli and Horsfall, Paul and Teh, Yee Whye and Rainforth, Tom and Goodman, Noah},
    journal={Advances in Neural Information Processing Systems},
	month = mar,
	year = {2019},
    articleno = {1259},
    numpages = {12}
}

@inproceedings{foster2021deep,
  title={Deep adaptive design: Amortizing sequential bayesian experimental design},
  author={Foster, Adam and Ivanova, Desi R and Malik, Ilyas and Rainforth, Tom},
  booktitle={International conference on machine learning},
  pages={3384--3395},
  year={2021},
  organization={PMLR}
}

@article{Kleinegesse2021,
	title = {Gradient-based {Bayesian} {Experimental} {Design} for {Implicit} {Models} using {Mutual} {Information} {Lower} {Bounds}},
	urldate = {2021-07-18},
	author = {Kleinegesse, Steven and Gutmann, Michael U.},
	month = may,
	year = {2021},
	note = {arXiv: 2105.04379},
	keywords = {Bayesian Experimental Design, Implicit Models, Likelihood-Free Inference, Model Discrimination, Mutual Information, Parameter Estimation},
}

@article{Kobyzev2019,
	title = {Normalizing {Flows}: {An} {Introduction} and {Review} of {Current} {Methods}},
	issn = {0162-8828},
	urldate = {2021-09-27},
	journal = {IEEE Transactions on Pattern Analysis and Machine Intelligence},
	author = {Kobyzev, Ivan and Prince, Simon and Brubaker, Marcus},
	month = aug,
	year = {2020},
}

@inproceedings{miller_contrastive_2022,
	title = {Contrastive {Neural} {Ratio} {Estimation}},
	urldate = {2023-01-10},
	author = {Miller, Benjamin Kurt and Weniger, Christoph and Forr\'{e}, Patrick},
	booktitle = {Proceedings of the 36th International Conference on Neural Information Processing Systems},
	year = {2024},
	articleno = {236},
	numpages = {17},
}

@misc{talts2020validating,
      title={Validating Bayesian Inference Algorithms with Simulation-Based Calibration}, 
      author={Sean Talts and Michael Betancourt and Daniel Simpson and Aki Vehtari and Andrew Gelman},
      year={2020},
      eprint={1804.06788},
      archivePrefix={arXiv},
      primaryClass={stat.ME}
}

@misc{cannon2022investigating,
      title={Investigating the Impact of Model Misspecification in Neural Simulation-based Inference}, 
      author={Patrick Cannon and Daniel Ward and Sebastian M. Schmon},
      year={2022},
      eprint={2209.01845},
      archivePrefix={arXiv},
      primaryClass={stat.ML}
}



@inproceedings{miller2023simulation,
  title={Simulation-based Inference with the Generalized Kullback-Leibler Divergence},
  author={Miller, Benjamin Kurt and Federici, Marco and Weniger, Christoph and Forr{\'e}, Patrick},
  booktitle={1st Workshop on the Synergy of Scientific and Machine Learning Modeling at ICML2023},
  year={2023}
}

@inproceedings{song2020generativemodelingestimatinggradients,
      title={Generative Modeling by Estimating Gradients of the Data Distribution}, 
      author={Yang Song and Stefano Ermon},
      year={2019},
      booktitle = {Proceedings of the 33rd International Conference on Neural Information Processing Systems},
      articleno = {1067},
      numpages = {13}
}


@InProceedings{pmlr-v235-ben-hamu24a,
  title = 	 {D-Flow: Differentiating through Flows for Controlled Generation},
  author =       {Ben-Hamu, Heli and Puny, Omri and Gat, Itai and Karrer, Brian and Singer, Uriel and Lipman, Yaron},
  booktitle = 	 {Proceedings of the 41st International Conference on Machine Learning},
  pages = 	 {3462--3483},
  year = 	 {2024},
  volume = 	 {235},
  series = 	 {Proceedings of Machine Learning Research},
  month = 	 {21--27 Jul},
  publisher =    {PMLR},
  pdf = 	 {https://raw.githubusercontent.com/mlresearch/v235/main/assets/ben-hamu24a/ben-hamu24a.pdf},
}


@inproceedings{linhart2023lc2stlocaldiagnosticsposterior,
      title={L-C2ST: Local Diagnostics for Posterior Approximations in Simulation-Based Inference}, 
      author={Julia Linhart and Alexandre Gramfort and Pedro L. C. Rodrigues},
      year={2024},
      booktitle = {Proceedings of the 37th International Conference on Neural Information Processing Systems},
      articleno = {2460},
      numpages = {27},
}

@article{paul2010improve,
  title={How to improve R\&D productivity: the pharmaceutical industry's grand challenge},
  author={Paul, Steven M and Mytelka, Daniel S and Dunwiddie, Christopher T and Persinger, Charles C and Munos, Bernard H and Lindborg, Stacy R and Schacht, Aaron L},
  journal={Nature reviews Drug discovery},
  volume={9},
  number={3},
  pages={203--214},
  year={2010},
  publisher={Nature Publishing Group UK London}
}

@article{bergstra2010,
author = {Bergstra, James and Bengio, Yoshua},
title = {Random Search for Hyper-Parameter Optimization},
year = {2012},
issue_date = {3/1/2012},
publisher = {JMLR.org},
volume = {13},
number = {null},
issn = {1532-4435},
pages = {281–305},
numpages = {25},
keywords = {global optimization, model selection, deep learning, neural networks, response surface modeling}
}

@article{glaser2022maximum,
  title={Maximum Likelihood Learning of Unnormalized Models for Simulation-Based Inference},
  author={Glaser, Pierre and Arbel, Michael and Hromadka, Samo and Doucet, Arnaud and Gretton, Arthur},
  journal={arXiv preprint arXiv:2210.14756},
  year={2022}
}


@article{bishop1994mixture,
  title={Mixture density networks},
  author={Bishop, Christopher M},
  year={1994},
  publisher={Aston University}
}

@article{snoek2012practical,
  title={Practical bayesian optimization of machine learning algorithms},
  author={Snoek, Jasper and Larochelle, Hugo and Adams, Ryan P},
  journal={Advances in neural information processing systems},
  volume={25},
  year={2012}
}

@article{kingma2014adam,
  title={Adam: A method for stochastic optimization},
  author={Kingma, Diederik P and Ba, Jimmy},
  journal={arXiv preprint arXiv:1412.6980},
  year={2014}
}

@article{hermanscrisis,
  title={A Crisis In Simulation-Based Inference? Beware, Your Posterior Approximations Can Be Unfaithful},
  author={Hermans, Joeri and Delaunoy, Arnaud and Rozet, Fran{\c{c}}ois and Wehenkel, Antoine and Begy, Volodimir and Louppe, Gilles},
  year={2022},
  journal={Transactions on Machine Learning Research}
}

@article{mohamed2019monte,
    author  = {Shakir Mohamed and Mihaela Rosca and Michael Figurnov and Andriy Mnih},
    title   = {Monte Carlo Gradient Estimation in Machine Learning},
    journal = {Journal of Machine Learning Research},
    year    = {2020},
    volume  = {21},
    number  = {132},
    pages   = {1--62},
}


@article{antebi2017combinatorial,
  title={Combinatorial signal perception in the BMP pathway},
  author={Antebi, Yaron E and Linton, James M and Klumpe, Heidi and Bintu, Bogdan and Gong, Mengsha and Su, Christina and McCardell, Reed and Elowitz, Michael B},
  journal={Cell},
  volume={170},
  number={6},
  pages={1184--1196},
  year={2017},
  publisher={Elsevier}
}

@article{su2022ligand,
  title={Ligand-receptor promiscuity enables cellular addressing},
  author={Su, Christina J and Murugan, Arvind and Linton, James M and Yeluri, Akshay and Bois, Justin and Klumpe, Heidi and Langley, Matthew A and Antebi, Yaron E and Elowitz, Michael B},
  journal={Cell systems},
  volume={13},
  number={5},
  pages={408--425},
  year={2022},
  publisher={Elsevier}
}


@article{nguyen2010estimating,
  title={Estimating divergence functionals and the likelihood ratio by convex risk minimization},
  author={Nguyen, XuanLong and Wainwright, Martin J and Jordan, Michael I},
  journal={IEEE Transactions on Information Theory},
  volume={56},
  number={11},
  pages={5847--5861},
  year={2010},
  publisher={IEEE}
}

@inproceedings{greenberg2019automatic,
  title={Automatic posterior transformation for likelihood-free inference},
  author={Greenberg, David and Nonnenmacher, Marcel and Macke, Jakob},
  booktitle={International Conference on Machine Learning},
  pages={2404--2414},
  year={2019},
  organization={PMLR}
}

@article{mohamed2016learning,
  title={Learning in implicit generative models},
  author={Mohamed, Shakir and Lakshminarayanan, Balaji},
  journal={arXiv preprint arXiv:1610.03483},
  year={2016}
}

@inproceedings{poole2019variational,
  title={On variational bounds of mutual information},
  author={Poole, Ben and Ozair, Sherjil and Van Den Oord, Aaron and Alemi, Alex and Tucker, George},
  booktitle={International Conference on Machine Learning},
  pages={5171--5180},
  year={2019},
  organization={PMLR}
}

@misc{lim2022policybased,
      title={Policy-Based Bayesian Experimental Design for Non-Differentiable Implicit Models}, 
      author={Vincent Lim and Ellen Novoseller and Jeffrey Ichnowski and Huang Huang and Ken Goldberg},
      year={2022},
      eprint={2203.04272},
      archivePrefix={arXiv},
      primaryClass={cs.LG}
}

@book{hastie2009elements,
  title={The elements of statistical learning: data mining, inference, and prediction},
  author={Hastie, Trevor and Tibshirani, Robert and Friedman, Jerome H and Friedman, Jerome H},
  volume={2},
  year={2009},
  publisher={Springer}
}

@inproceedings{lueckmann2021benchmarking,
  title={Benchmarking simulation-based inference},
  author={Lueckmann, Jan-Matthis and Boelts, Jan and Greenberg, David and Goncalves, Pedro and Macke, Jakob},
  booktitle={International Conference on Artificial Intelligence and Statistics},
  pages={343--351},
  year={2021},
  organization={PMLR}
}

@article{sisson2018overview,
  title={Overview of Approximate Bayesian Computation. arXiv e-prints, art},
  author={Sisson, SA and Fan, Y and Beaumont, MA},
  journal={arXiv preprint arXiv:1802.09720},
  year={2018}
}
@article{lueckmann2018likelihood,
  title={Likelihood-free inference with emulator networks. arXiv e-prints},
  author={Lueckmann, JM and Bassetto, G and Karaletsos, T and Macke, JH},
  journal={arXiv preprint arXiv:1805.09294},
  year={2018}
}

@article{lueckmann2017flexible,
  title={Flexible statistical inference for mechanistic models of neural dynamics},
  author={Lueckmann, Jan-Matthis and Goncalves, Pedro J and Bassetto, Giacomo and {\"O}cal, Kaan and Nonnenmacher, Marcel and Macke, Jakob H},
  journal={Advances in neural information processing systems},
  volume={30},
  year={2017}
}

@inproceedings{kleinegesse2019efficient,
  title={Efficient Bayesian experimental design for implicit models},
  author={Kleinegesse, Steven and Gutmann, Michael U},
  booktitle={The 22nd International Conference on Artificial Intelligence and Statistics},
  pages={476--485},
  year={2019},
  organization={PMLR}
}



@article{paszke2019pytorch,
  title={Pytorch: An imperative style, high-performance deep learning library},
  author={Paszke, Adam and Gross, Sam and Massa, Francisco and Lerer, Adam and Bradbury, James and Chanan, Gregory and Killeen, Trevor and Lin, Zeming and Gimelshein, Natalia and Antiga, Luca and others},
  journal={Advances in neural information processing systems},
  volume={32},
  year={2019}
}

@software{jax2018github,
  author = {James Bradbury and Roy Frostig and Peter Hawkins and Matthew James Johnson and Chris Leary and Dougal Maclaurin and George Necula and Adam Paszke and Jake Vander{P}las and Skye Wanderman-{M}ilne and Qiao Zhang},
  title = {{JAX}: composable transformations of {P}ython+{N}um{P}y programs},
  version = {0.3.13},
  year = {2018},
}

@article{vaswani2017attention,
  title={Attention is all you need},
  author={Vaswani, Ashish and Shazeer, Noam and Parmar, Niki and Uszkoreit, Jakob and Jones, Llion and Gomez, Aidan N and Kaiser, {\L}ukasz and Polosukhin, Illia},
  journal={Advances in neural information processing systems},
  volume={30},
  year={2017}
}

@inproceedings{devlin2019bert,
    title = "{BERT}: Pre-training of Deep Bidirectional Transformers for Language Understanding",
    author = "Devlin, Jacob  and
      Chang, Ming-Wei  and
      Lee, Kenton  and
      Toutanova, Kristina",
    booktitle = "Proceedings of the 2019 Conference of the North {A}merican Chapter of the Association for Computational Linguistics: Human Language Technologies, Volume 1 (Long and Short Papers)",
    month = jun,
    year = "2019",
    pages = "4171--4186",
}

@inproceedings{fujimoto2023sale,
      title={For SALE: State-Action Representation Learning for Deep Reinforcement Learning}, 
      author={Scott Fujimoto and Wei-Di Chang and Edward J. Smith and Shixiang Shane Gu and Doina Precup and David Meger},
      booktitle = {Proceedings of the 37th International Conference on Neural Information Processing Systems},
      year={2023},
      articleno = {2691},
      numpages = {52},
}

@inproceedings{mnih2013playing,
      title={Playing Atari with Deep Reinforcement Learning}, 
      author={Volodymyr Mnih and Koray Kavukcuoglu and David Silver and Alex Graves and Ioannis Antonoglou and Daan Wierstra and Martin Riedmiller},
      year={2013},
      booktitle={NIPS Deep Learning Workshop}
}

@misc{schaul2016prioritized,
      title={Prioritized Experience Replay}, 
      author={Tom Schaul and John Quan and Ioannis Antonoglou and David Silver},
      year={2016},
      eprint={1511.05952},
      archivePrefix={arXiv},
      primaryClass={cs.LG}
}

@article{lin1992self,
  title={Self-improving reactive agents based on reinforcement learning, planning and teaching},
  author={Lin, Long-Ji},
  journal={Machine learning},
  volume={8},
  pages={293--321},
  year={1992},
  publisher={Springer}
}

@inproceedings{ho2020denoising,
      title={Denoising Diffusion Probabilistic Models}, 
      author={Jonathan Ho and Ajay Jain and Pieter Abbeel},
      year={2020},
      booktitle = {Proceedings of the 34th International Conference on Neural Information Processing Systems},
      articleno = {574},
      numpages = {12},
}

@inproceedings{lipman2023flow,
  title={Flow Matching for Generative Modeling},
  author={Lipman, Yaron and Chen, Ricky T. Q. and Ben-Hamu, Heli and Nickel, Maximilian and Le, Matthew},
  booktitle={Proceedings of the 11th International Conference on Learning Representations (ICLR)},
  year={2023},
  address={Kigali, Rwanda},
}

@InProceedings{song2021maximum,
      title={Maximum Likelihood Training of Score-Based Diffusion Models}, 
      author={Yang Song and Conor Durkan and Iain Murray and Stefano Ermon},
      year={2022},
      booktitle = 	 {Proceedings of the 39th International Conference on Machine Learning},
      pages = 	 {14429--14460},
      volume = 	 {162},
}



@article{watson2023novo,
  title={De novo design of protein structure and function with RFdiffusion},
  author={Watson, Joseph L and Juergens, David and Bennett, Nathaniel R and Trippe, Brian L and Yim, Jason and Eisenach, Helen E and Ahern, Woody and Borst, Andrew J and Ragotte, Robert J and Milles, Lukas F and others},
  journal={Nature},
  volume={620},
  number={7976},
  pages={1089--1100},
  year={2023},
  publisher={Nature Publishing Group UK London}
}

@article{Nguyen_2010,
   title={Estimating Divergence Functionals and the Likelihood Ratio by Convex Risk Minimization},
   volume={56},
   ISSN={1557-9654},
   DOI={10.1109/tit.2010.2068870},
   number={11},
   journal={IEEE Transactions on Information Theory},
   publisher={Institute of Electrical and Electronics Engineers (IEEE)},
   author={Nguyen, XuanLong and Wainwright, Martin J. and Jordan, Michael I.},
   year={2010},
   month=nov, pages={5847–5861} }

@misc{dax2023flow,
      title={Flow Matching for Scalable Simulation-Based Inference}, 
      author={Maximilian Dax and Jonas Wildberger and Simon Buchholz and Stephen R. Green and Jakob H. Macke and Bernhard Schölkopf},
      year={2023},
      eprint={2305.17161},
      archivePrefix={arXiv},
      primaryClass={cs.LG}
}

@article{dirks2007thermodynamic,
  title={Thermodynamic analysis of interacting nucleic acid strands},
  author={Dirks, Robert M and Bois, Justin S and Schaeffer, Joseph M and Winfree, Erik and Pierce, Niles A},
  journal={SIAM review},
  volume={49},
  number={1},
  pages={65--88},
  year={2007},
  publisher={SIAM}
}

