@inproceedings{guo-etal-2024-curious,title = "The Curious Decline of Linguistic Diversity: Training Language Models on Synthetic Text",author = "Guo, Yanzhu and Shang, Guokan and Vazirgiannis, Michalis and Clavel, Chlo{\'e}",editor = "Duh, Kevin and Gomez, Helena and Bethard, Steven",booktitle = FINDINGS:2024:naacl,month = jun,year = "2024",address = "Mexico City, Mexico",publisher = acl,url = anth # {2024.findings-naacl.228/},doi = "10.18653/v1/2024.findings-naacl.228",pages = "3589--3604"
}

@inproceedings{zhang-etal-2024-exploring,title = "Exploring Collaboration Mechanisms for {LLM} Agents: A Social Psychology View",author = "Zhang, Jintian and Xu, Xin and Zhang, Ningyu and Liu, Ruibo and Hooi, Bryan and Deng, Shumin",editor = "Ku, Lun-Wei and Martins, Andre and Srikumar, Vivek",booktitle = ACL:2024:long,month = aug,year = "2024",address = "Bangkok, Thailand",publisher = acl,url = anth # {2024.acl-long.782/},doi = "10.18653/v1/2024.acl-long.782",pages = "14544--14607"
}

