% Use this file for citations not found in the ACL Anthology (contained in "anthology.bib").

@article{shumailov2023curse,
  title={The curse of recursion: Training on generated data makes models forget},
  author={Shumailov, Ilia and Shumaylov, Zakhar and Zhao, Yiren and Gal, Yarin and Papernot, Nicolas and Anderson, Ross},
  journal={arXiv preprint arXiv:2305.17493},
  year={2023}
}

@article{guo2023curious,
  title={The curious decline of linguistic diversity: Training language models on synthetic text},
  author={Guo, Yanzhu and Shang, Guokan and Vazirgiannis, Michalis and Clavel, Chlo{\'e}},
  journal={arXiv preprint arXiv:2311.09807},
  year={2023}
}


@article{martinez2023combining,
  title={Combining generative artificial intelligence (AI) and the Internet: Heading towards evolution or degradation?},
  author={Mart{\'\i}nez, Gonzalo and Watson, Lauren and Reviriego, Pedro and Hern{\'a}ndez, Jos{\'e} Alberto and Juarez, Marc and Sarkar, Rik},
  journal={arXiv preprint arXiv:2303.01255},
  year={2023}
}

@inproceedings{hataya2023will,
  title={Will Large-scale Generative Models Corrupt Future Datasets?},
  author={Hataya, Ryuichiro and Bao, Han and Arai, Hiromi},
  booktitle={Proceedings of the IEEE/CVF International Conference on Computer Vision},
  pages={20555--20565},
  year={2023}
}

@article{lebrun2022evaluating,
  title={Evaluating distributional distortion in neural language modeling},
  author={LeBrun, Benjamin and Sordoni, Alessandro and O'Donnell, Timothy J},
  journal={arXiv preprint arXiv:2203.12788},
  year={2022}
}

@article{dohmatob2024tale,
  title={A tale of tails: Model collapse as a change of scaling laws},
  author={Dohmatob, Elvis and Feng, Yunzhen and Yang, Pu and Charton, Francois and Kempe, Julia},
  journal={arXiv preprint arXiv:2402.07043},
  year={2024}
}

@article{dohmatob2024strong,
  title={Strong Model Collapse},
  author={Dohmatob, Elvis and Feng, Yunzhen and Kempe, Julia},
  journal={arXiv preprint arXiv:2410.04840},
  year={2024}
}

@article{perez2024llms,
  title={When llms play the telephone game: Cumulative changes and attractors in iterated cultural transmissions},
  author={Perez, J{\'e}r{\'e}my and L{\'e}ger, Corentin and Kova{\v{c}}, Grgur and Colas, C{\'e}dric and Molinaro, Gaia and Derex, Maxime and Oudeyer, Pierre-Yves and Moulin-Frier, Cl{\'e}ment},
  journal={arXiv preprint arXiv:2407.04503},
  year={2024}
}

@article{pedreschi2024human,
  title={Human-AI coevolution},
  author={Pedreschi, Dino and Pappalardo, Luca and Ferragina, Emanuele and Baeza-Yates, Ricardo and Barab{\'a}si, Albert-L{\'a}szl{\'o} and Dignum, Frank and Dignum, Virginia and Eliassi-Rad, Tina and Giannotti, Fosca and Kert{\'e}sz, J{\'a}nos and others},
  journal={Artificial Intelligence},
  pages={104244},
  year={2024},
  publisher={Elsevier}
}

@article{peterson2024ai,
  title={AI and the Problem of Knowledge Collapse},
  author={Peterson, Andrew J},
  journal={arXiv preprint arXiv:2404.03502},
  year={2024}
}

@article{vanmassenhove2019lost,
  title={Lost in translation: Loss and decay of linguistic richness in machine translation},
  author={Vanmassenhove, Eva and Shterionov, Dimitar and Way, Andy},
  journal={arXiv preprint arXiv:1906.12068},
  year={2019}
}

@article{vanmassenhove2021machine,
  title={Machine translationese: Effects of algorithmic bias on linguistic complexity in machine translation},
  author={Vanmassenhove, Eva and Shterionov, Dimitar and Gwilliam, Matthew},
  journal={arXiv preprint arXiv:2102.00287},
  year={2021}
}

@article{feng2024beyond,
  title={Beyond Model Collapse: Scaling Up with Synthesized Data Requires Reinforcement},
  author={Feng, Yunzhen and Dohmatob, Elvis and Yang, Pu and Charton, Francois and Kempe, Julia},
  journal={arXiv preprint arXiv:2406.07515},
  year={2024}
}

@article{gerstgrasser2024model,
  title={Is model collapse inevitable? breaking the curse of recursion by accumulating real and synthetic data},
  author={Gerstgrasser, Matthias and Schaeffer, Rylan and Dey, Apratim and Rafailov, Rafael and Sleight, Henry and Hughes, John and Korbak, Tomasz and Agrawal, Rajashree and Pai, Dhruv and Gromov, Andrey and others},
  journal={arXiv preprint arXiv:2404.01413},
  year={2024}
}

@book{mufwene2004ecology,
  title={The ecology of language evolution},
  author={Mufwene, Salikoko S},
  year={2004},
  publisher={Cambridge University Press}
}

@article{thompson2024shocking,
  title={A Shocking Amount of the Web is Machine Translated: Insights from Multi-Way Parallelism},
  author={Thompson, Brian and Dhaliwal, Mehak Preet and Frisch, Peter and Domhan, Tobias and Federico, Marcello},
  journal={arXiv preprint arXiv:2401.05749},
  year={2024}
}

@article{vaswani2017attention,
  title={Attention is all you need},
  author={Vaswani, A},
  journal={Advances in Neural Information Processing Systems},
  year={2017}
}

@article{hendy2023good,
  title={How good are gpt models at machine translation? a comprehensive evaluation},
  author={Hendy, Amr and Abdelrehim, Mohamed and Sharaf, Amr and Raunak, Vikas and Gabr, Mohamed and Matsushita, Hitokazu and Kim, Young Jin and Afify, Mohamed and Awadalla, Hany Hassan},
  journal={arXiv preprint arXiv:2302.09210},
  year={2023}
}

@article{tishby2000information,
  title={The information bottleneck method},
  author={Tishby, Naftali and Pereira, Fernando C and Bialek, William},
  journal={arXiv preprint physics/0004057},
  year={2000}
}

@inproceedings{zhang2023prompting,
  title={Prompting large language model for machine translation: A case study},
  author={Zhang, Biao and Haddow, Barry and Birch, Alexandra},
  booktitle={International Conference on Machine Learning},
  pages={41092--41110},
  year={2023},
  organization={PMLR}
}

@inproceedings{kocmi2024findings,
  title={Findings of the WMT24 general machine translation shared task: the LLM era is here but mt is not solved yet},
  author={Kocmi, Tom and Avramidis, Eleftherios and Bawden, Rachel and Bojar, Ond{\v{r}}ej and Dvorkovich, Anton and Federmann, Christian and Fishel, Mark and Freitag, Markus and Gowda, Thamme and Grundkiewicz, Roman and others},
  booktitle={Proceedings of the Ninth Conference on Machine Translation},
  pages={1--46},
  year={2024}
}

@inproceedings{sizov2024analysing,
  title={Analysing Translation Artifacts: A Comparative Study of LLMs, NMTs, and Human Translations},
  author={Sizov, Fedor and Espa{\~n}a-Bonet, Cristina and van Genabith, Josef and Xie, Roy and Chowdhury, Koel Dutta},
  booktitle={Proceedings of the Ninth Conference on Machine Translation},
  pages={1183--1199},
  year={2024}
}

@article{briakou2024implications,
  title={On the Implications of Verbose LLM Outputs: A Case Study in Translation Evaluation},
  author={Briakou, Eleftheria and Liu, Zhongtao and Cherry, Colin and Freitag, Markus},
  journal={arXiv preprint arXiv:2410.00863},
  year={2024}
}


@article{cohn2019lost,
  title={Lost in machine translation: A method to reduce meaning loss},
  author={Cohn-Gordon, Reuben and Goodman, Noah},
  journal={arXiv preprint arXiv:1902.09514},
  year={2019}
}

@article{guo2024benchmarking,
  title={Benchmarking Linguistic Diversity of Large Language Models},
  author={Guo, Yanzhu and Shang, Guokan and Clavel, Chlo{\'e}},
  journal={arXiv preprint arXiv:2412.10271},
  year={2024}
}

@article{geng2024chatgpt,
  title={Is ChatGPT Transforming Academics' Writing Style?},
  author={Geng, Mingmeng and Trotta, Roberto},
  journal={arXiv preprint arXiv:2404.08627},
  year={2024}
}

@article{shaib2024standardizing,
  title={Standardizing the measurement of text diversity: A tool and a comparative analysis of scores},
  author={Shaib, Chantal and Barrow, Joe and Sun, Jiuding and Siu, Alexa F and Wallace, Byron C and Nenkova, Ani},
  journal={arXiv preprint arXiv:2403.00553},
  year={2024}
}

@article{luo2024diverge,
  title={To Diverge or Not to Diverge: A Morphosyntactic Perspective on Machine Translation vs Human Translation},
  author={Luo, Jiaming and Cherry, Colin and Foster, George},
  journal={Transactions of the Association for Computational Linguistics},
  volume={12},
  pages={355--371},
  year={2024},
  publisher={MIT Press One Broadway, 12th Floor, Cambridge, Massachusetts 02142, USA~…}
}

@inproceedings{wu2024transagents,
  title={TransAgents: Build Your Translation Company with Language Agents},
  author={Wu, Minghao and Xu, Jiahao and Wang, Longyue},
  booktitle={Proceedings of the 2024 Conference on Empirical Methods in Natural Language Processing: System Demonstrations},
  pages={131--141},
  year={2024}
}

@article{yan2024gpt,
  title={Gpt-4 vs. human translators: A comprehensive evaluation of translation quality across languages, domains, and expertise levels},
  author={Yan, Jianhao and Yan, Pingchuan and Chen, Yulong and Li, Judy and Zhu, Xianchao and Zhang, Yue},
  journal={arXiv preprint arXiv:2407.03658},
  year={2024}
}

@article{brynjolfsson2019does,
  title={Does machine translation affect international trade? Evidence from a large digital platform},
  author={Brynjolfsson, Erik and Hui, Xiang and Liu, Meng},
  journal={Management Science},
  volume={65},
  number={12},
  pages={5449--5460},
  year={2019},
  publisher={INFORMS}
}

@article{vieira2023machine,
  title={Machine translation in society: insights from UK users},
  author={Vieira, Lucas Nunes and O’Sullivan, Carol and Zhang, Xiaochun and O’Hagan, Minako},
  journal={Language Resources and Evaluation},
  volume={57},
  number={2},
  pages={893--914},
  year={2023},
  publisher={Springer}
}

@article{markov2023language,
  title={Language: Its origin and ongoing evolution},
  author={Markov, Ilia and Kharitonova, Kseniia and Grigorenko, Elena L},
  journal={Journal of Intelligence},
  volume={11},
  number={4},
  pages={61},
  year={2023},
  publisher={MDPI}
}


%%%%%%%%%%%% added by amr %%%%%%%%%%%%%%%%

@misc{Martinez2023-nk,
  title     = {Towards Understanding the Interplay of Generative Artificial Intelligence and the Internet},
  author    = {Martínez, Gonzalo and Watson, Lauren and Reviriego, Pedro and Hernández, José A. and Juarez, Marc and Sarkar, Rik},
  howpublished = {arXiv preprint arXiv:2306.06130},
  year      = {2023}
}

@misc{Alemohammad2023-sj,
  title     = {Self-consuming Generative Models go MAD},
  author    = {Alemohammad, Sina and Casco-Rodriguez, Josue and Luzi, Lorenzo and Humayun, Ahmed Imtiaz and Babaei, Hossein and LeJeune, Daniel and Siahkoohi, Ali and Baraniuk, Richard G.},
  howpublished = {arXiv preprint arXiv:2307.01850},
  year      = {2023}
}

@inproceedings{CaldwellMillen2008,
  title     = {Studying Cumulative Cultural Evolution in the Laboratory},
  author    = {Caldwell, Christine A. and Millen, Alan E.},
  booktitle = {Proceedings of the 30th Annual Conference of the Cognitive Science Society},
  pages     = {1665--1670},
  year      = {2008}
}

@article{Garrod2007,
  title     = {Foundations of Representation: Where Might Graphical Symbol Systems Come From?},
  author    = {Garrod, Simon and Fay, Nicolas and Rogers, Shane and Walker, Bethan and Swoboda, Nik},
  journal   = {Cognitive Science},
  volume    = {31},
  number    = {6},
  pages     = {961--987},
  year      = {2007}
}

@article{MesoudiWhiten2008,
  title     = {The Multiple Roles of Cultural Transmission Experiments in Understanding Human Cultural Evolution},
  author    = {Mesoudi, Alex and Whiten, Andrew},
  journal   = {Philosophical Transactions of the Royal Society B},
  volume    = {363},
  number    = {1509},
  pages     = {3489--3501},
  year      = {2008}
}

@article{Morgan2011,
  title     = {The Adaptive Utility of Cultural Accumulation},
  author    = {Morgan, Thomas J. H. and Rendell, Luke E. and Ehn, Markus and Hoppitt, William and Laland, Kevin N.},
  journal   = {Philosophical Transactions of the Royal Society B},
  volume    = {366},
  number    = {1566},
  pages     = {953--962},
  year      = {2011}
}

@misc{Wu2023-nb,
  title     = {AutoGen: Enabling Next-Gen LLM Applications via Multi-Agent Conversation},
  author    = {Wu, Qingyun and Bansal, Gagan and Zhang, Jieyu and Wu, Yiran and Li, Beibin and Zhu, Erkang and Jiang, Li and Zhang, Xiaoyun and Zhang, Shaokun and Liu, Jiale and Awadallah, Ahmed Hassan and White, Ryen W. and Burger, Doug and Wang, Chi},
  howpublished = {arXiv preprint arXiv:2308.08155},
  year      = {2023}
}

@misc{Li2024-yw,
  title     = {Improving Multi-Agent Debate with Sparse Communication Topology},
  author    = {Li, Yunxuan and Du, Yibing and Zhang, Jiageng and Hou, Le and Grabowski, Peter and Li, Yeqing and Ie, Eugene},
  howpublished = {arXiv preprint arXiv:2406.11776; arXiv:2407.02030},
  year      = {2024}
}

@misc{Pham2023-al,
  title     = {Let Models Speak Ciphers: Multiagent Debate through Embeddings},
  author    = {Pham, Chau and Liu, Boyi and Yang, Yingxiang and Chen, Zhengyu and Liu, Tianyi and Yuan, Jianbo and Plummer, Bryan A. and Wang, Zhaoran and Yang, Hongxia},
  howpublished = {arXiv preprint arXiv:2310.06272},
  year      = {2023}
}

@misc{Helm2024-yh,
  title     = {Tracking the Perspectives of Interacting Language Models},
  author    = {Helm, Hayden and Duderstadt, Brandon and Park, Youngser and Priebe, Carey E.},
  howpublished = {arXiv preprint arXiv:2406.11938},
  year      = {2024}
}

@misc{Min2023-ls,
  title     = {{FActScore}: Fine-grained Atomic Evaluation of Factual Precision in Long Form Text Generation},
  author    = {Min, Sewon and Krishna, Kalpesh and Lyu, Xinxi and Lewis, Mike and Yih, Wen-tau and Koh, Pang Wei and Iyyer, Mohit and Zettlemoyer, Luke and Hajishirzi, Hannaneh},
  howpublished = {arXiv preprint arXiv:2305.14251},
  year      = {2023}
}

@misc{Chern2023-xl,
  title     = {{FacTool}: Factuality Detection in Generative {AI}---A Tool Augmented Framework for Multi-task and Multi-domain Scenarios},
  author    = {Chern, I-Chun (Steffi) and Chen, Shiqi and Yuan, Weizhe and Feng, Kehua and Zhou, Chunting and He, Junxian and Neubig, Graham and Liu, Pengfei},
  howpublished = {arXiv preprint arXiv:2307.13528},
  year      = {2023}
}

@misc{Wang2023-lo,
  title     = {{Factcheck-GPT}: End-to-end Fine-grained Document-level Fact-checking and Correction of {LLM} Output},
  author    = {Wang, Yuxia and Reddy, Revanth Gangi and Mujahid, Zain Muhammad and Arora, Arnav and Rubashevskii, Aleksandr and Geng, Jiahui and Afzal, Osama Mohammed and Pan, Liangming and Borenstein, Nadav and Pillai, Aditya and Augenstein, Isabelle and Gurevych, Iryna and Nakov, Preslav},
  howpublished = {arXiv preprint arXiv:2311.09000},
  year      = {2023}
}

@misc{Iqbal2024-vd,
  title     = {OpenFactCheck: A Unified Framework for Factuality Evaluation of {LLMs}},
  author    = {Iqbal, Hasan and Wang, Yuxia and Wang, Minghan and Georgiev, Georgi and Geng, Jiahui and Gurevych, Iryna and Nakov, Preslav},
  howpublished = {arXiv preprint arXiv:2408.11832},
  year      = {2024}
}

@misc{Wei2024-je,
  title     = {Long-form Factuality in Large Language Models},
  author    = {Wei, Jerry and Yang, Chengrun and Song, Xinying and Lu, Yifeng and Hu, Nathan and Huang, Jie and Tran, Dustin and Peng, Daiyi and Liu, Ruibo and Huang, Da and Du, Cosmo and Le, Quoc V.},
  howpublished = {arXiv preprint arXiv:2403.18802},
  year      = {2024}
}

@misc{Chuang2023-mk,
  title     = {Simulating Opinion Dynamics with Networks of {LLM}-based Agents},
  author    = {Chuang, Yun-Shiuan and Goyal, Agam and Harlalka, Nikunj and Suresh, Siddharth and Hawkins, Robert and Yang, Sijia and Shah, Dhavan and Hu, Junjie and Rogers, Timothy T.},
  howpublished = {arXiv preprint arXiv:2311.09618},
  year      = {2023}
}

@article{kryscinski2021booksum,
  title={Booksum: A collection of datasets for long-form narrative summarization},
  author={Kry{\'s}ci{\'n}ski, Wojciech and Rajani, Nazneen and Agarwal, Divyansh and Xiong, Caiming and Radev, Dragomir},
  journal={arXiv preprint arXiv:2105.08209},
  year={2021}
}

@inproceedings{li2024latesteval,
  title={Latesteval: Addressing data contamination in language model evaluation through dynamic and time-sensitive test construction},
  author={Li, Yucheng and Guerin, Frank and Lin, Chenghua},
  booktitle={Proceedings of the AAAI Conference on Artificial Intelligence},
  volume={38},
  pages={18600--18607},
  year={2024}
}

@inproceedings{uchendu2023does,
  title={Does Human Collaboration Enhance the Accuracy of Identifying LLM-Generated Deepfake Texts?},
  author={Uchendu, Adaku and Lee, Jooyoung and Shen, Hua and Le, Thai and Lee, Dongwon and others},
  booktitle={Proceedings of the AAAI Conference on Human Computation and Crowdsourcing},
  volume={11},
  pages={163--174},
  year={2023}
}

@article{yin2023survey,
  title={A survey on multimodal large language models},
  author={Yin, Shukang and Fu, Chaoyou and Zhao, Sirui and Li, Ke and Sun, Xing and Xu, Tong and Chen, Enhong},
  journal={arXiv preprint arXiv:2306.13549},
  year={2023}
}

@book{hitchcock2011information,
 ISBN = {9781931745635},
 URL = {http://www.jstor.org/stable/j.ctvdmwwz4},
author={Hitchcock, Robert K and Whallon, Robert and Lovis, William A},
 publisher = {Cotsen Institute of Archaeology Press at UCLA},
 title = {Information and Its Role in Hunter-Gatherer Bands},
 urldate = {2025-02-23},
 year = {2011}
}

@article{Hu2024UnveilingLE,
  title={Unveiling LLM Evaluation Focused on Metrics: Challenges and Solutions},
  author={Taojun Hu and Xiao-Hua Zhou},
  journal={ArXiv},
  year={2024},
  volume={abs/2404.09135},
  url={https://api.semanticscholar.org/CorpusID:269149430}
}

@article{Zhang2019BERTScoreET,
  title={BERTScore: Evaluating Text Generation with BERT},
  author={Tianyi Zhang and Varsha Kishore and Felix Wu and Kilian Q. Weinberger and Yoav Artzi},
  journal={ArXiv},
  year={2019},
  volume={abs/1904.09675},
  url={https://api.semanticscholar.org/CorpusID:127986044}
}

@article{team2024gemma,
  title={Gemma 2: Improving open language models at a practical size},
  author={Team, Gemma and Riviere, Morgane and Pathak, Shreya and Sessa, Pier Giuseppe and Hardin, Cassidy and Bhupatiraju, Surya and Hussenot, L{\'e}onard and Mesnard, Thomas and Shahriari, Bobak and Ram{\'e}, Alexandre and others},
  journal={arXiv preprint arXiv:2408.00118},
  year={2024}
}

@article{shumailov2024ai,
  title={AI models collapse when trained on recursively generated data},
  author={Shumailov, Ilia and Shumaylov, Zakhar and Zhao, Yiren and Papernot, Nicolas and Anderson, Ross and Gal, Yarin},
  journal={Nature},
  volume={631},
  number={8022},
  pages={755--759},
  year={2024},
  publisher={Nature Publishing Group UK London}
}

@article{guerin2024impact,
  title={The Impact of Syntactic and Semantic Proximity on Machine Translation with Back-Translation},
  author={Guerin, Nicolas and Steinert-Threlkeld, Shane and Chemla, Emmanuel},
  journal={arXiv preprint arXiv:2403.18031},
  year={2024}
}

@article{dubey2024llama,
  title={The llama 3 herd of models},
  author={Dubey, Abhimanyu and Jauhri, Abhinav and Pandey, Abhinav and Kadian, Abhishek and Al-Dahle, Ahmad and Letman, Aiesha and Mathur, Akhil and Schelten, Alan and Yang, Amy and Fan, Angela and others},
  journal={arXiv preprint arXiv:2407.21783},
  year={2024}
}

@article{jiang2023mistral,
  title={Mistral 7B},
  author={Jiang, Albert Q and Sablayrolles, Alexandre and Mensch, Arthur and Bamford, Chris and Chaplot, Devendra Singh and Casas, Diego de las and Bressand, Florian and Lengyel, Gianna and Lample, Guillaume and Saulnier, Lucile and others},
  journal={arXiv preprint arXiv:2310.06825},
  year={2023}
}

@article{chan2024scaling,
  title={Scaling Synthetic Data Creation with 1,000,000,000 Personas},
  author={Chan, Xin and Wang, Xiaoyang and Yu, Dian and Mi, Haitao and Yu, Dong},
  journal={arXiv preprint arXiv:2406.20094},
  year={2024}
}
@inproceedings{park2023generative,
  title={Generative agents: Interactive simulacra of human behavior},
  author={Park, Joon Sung and O'Brien, Joseph and Cai, Carrie Jun and Morris, Meredith Ringel and Liang, Percy and Bernstein, Michael S},
  booktitle={Proceedings of the 36th annual acm symposium on user interface software and technology},
  pages={1--22},
  year={2023}
}
@inproceedings{kandpal2023large,
  title={Large language models struggle to learn long-tail knowledge},
  author={Kandpal, Nikhil and Deng, Haikang and Roberts, Adam and Wallace, Eric and Raffel, Colin},
  booktitle={International Conference on Machine Learning},
  pages={15696--15707},
  year={2023},
  organization={PMLR}
}
@article{fu2024towards,
  title={Towards theoretical understandings of self-consuming generative models},
  author={Fu, Shi and Zhang, Sen and Wang, Yingjie and Tian, Xinmei and Tao, Dacheng},
  journal={arXiv preprint arXiv:2402.11778},
  year={2024}
}