@article{betker2023better,
  title={{Better Speech Synthesis through Scaling}},
  author={Betker, James},
  journal={arXiv preprint arXiv:2305.07243},
  year={2023}
}

@article{borsos2023audiolm,
  title={{AudioLM: A Language Modeling Approach to Audio Generation}},
  author={Borsos, Zal{\'a}n and Marinier, Rapha{\"e}l and Vincent, Damien and Kharitonov, Eugene and Pietquin, Olivier and Sharifi, Matt and Roblek, Dominik and Teboul, Olivier and Grangier, David and Tagliasacchi, Marco and others},
  journal={IEEE/ACM transactions on audio, speech, and language processing},
  volume={31},
  pages={2523--2533},
  year={2023},
}

@article{casanova2024xtts,
  title={{XTTS: a Massively Multilingual Zero-Shot Text-to-Speech Model}},
  author={Casanova, Edresson and Davis, Kelly and G{\"o}lge, Eren and G{\"o}knar, G{\"o}rkem and Gulea, Iulian and Hart, Logan and Aljafari, Aya and Meyer, Joshua and Morais, Reuben and Olayemi, Samuel and others},
  journal={arXiv preprint arXiv:2406.04904},
  year={2024}
}

@article{chen2024vall,
  title={{VALL-E 2: Neural Codec Language Models are Human Parity Zero-Shot Text to Speech Synthesizers}},
  author={Chen, Sanyuan and Liu, Shujie and Zhou, Long and Liu, Yanqing and Tan, Xu and Li, Jinyu and Zhao, Sheng and Qian, Yao and Wei, Furu},
  journal={arXiv preprint arXiv:2406.05370},
  year={2024}
}

@article{defossez2024moshi,
  title={{Moshi: A Speech-Text Foundation Model for Real-Time Dialogue}},
  author={D{\'e}fossez, Alexandre and Mazar{\'e}, Laurent and Orsini, Manu and Royer, Am{\'e}lie and P{\'e}rez, Patrick and J{\'e}gou, Herv{\'e} and Grave, Edouard and Zeghidour, Neil},
  journal={arXiv preprint arXiv:2410.00037},
  year={2024}
}

@article{du2024cosyvoice,
  title={{CosyVoice: A Scalable Multilingual Zero-Shot Text-to-Speech Synthesizer Based on Supervised Semantic Tokens}},
  author={Du, Zhihao and Chen, Qian and Zhang, Shiliang and Hu, Kai and Lu, Heng and Yang, Yexin and Hu, Hangrui and Zheng, Siqi and Gu, Yue and Ma, Ziyang and others},
  journal={arXiv preprint arXiv:2407.05407},
  year={2024}
}

@article{du2024cosyvoice2,
  title={{CosyVoice 2: Scalable Streaming Speech Synthesis with Large Language Models}},
  author={Du, Zhihao and Wang, Yuxuan and Chen, Qian and Shi, Xian and Lv, Xiang and Zhao, Tianyu and Gao, Zhifu and Yang, Yexin and Gao, Changfeng and Wang, Hui and others},
  journal={arXiv preprint arXiv:2412.10117},
  year={2024}
}

@article{fossez2023high,
title={{High Fidelity Neural Audio Compression}},
author={Alexandre D{\'e}fossez and Jade Copet and Gabriel Synnaeve and Yossi Adi},
journal={Transactions on Machine Learning Research},
issn={2835-8856},
year={2023},
}

@article{kharitonov2023speak,
  title={{Speak, Read and Prompt: High-Fidelity Text-to-Speech with Minimal Supervision}},
  author={Kharitonov, Eugene and Vincent, Damien and Borsos, Zal{\'a}n and Marinier, Rapha{\"e}l and Girgin, Sertan and Pietquin, Olivier and Sharifi, Matt and Tagliasacchi, Marco and Zeghidour, Neil},
  journal={Transactions of the Association for Computational Linguistics},
  volume={11},
  pages={1703--1718},
  year={2023},
}

@ARTICLE{microvalle,
  author={Chen, Sanyuan and Wang, Chengyi and Wu, Yu and Zhang, Ziqiang and Zhou, Long and Liu, Shujie and Chen, Zhuo and Liu, Yanqing and Wang, Huaming and Li, Jinyu and He, Lei and Zhao, Sheng and Wei, Furu},
  journal={IEEE Transactions on Audio, Speech and Language Processing}, 
  title={{Neural Codec Language Models are Zero-Shot Text to Speech Synthesizers}}, 
  year={2025},
  pages={1-15},}

@article{peng2024voicecraft,
  title={{Voicecraft: Zero-Shot Speech Editing and Text-to-Speech in The Wild}},
  author={Peng, Puyuan and Huang, Po-Yao and Li, Shang-Wen and Mohamed, Abdelrahman and Harwath, David},
  journal={arXiv preprint arXiv:2403.16973},
  year={2024}
}

@article{wang2023lm,
  title={{LM-VC: Zero-Shot Voice Conversion via Speech Generation Based on Language Models}},
  author={Wang, Zhichao and Chen, Yuanzhe and Xie, Lei and Tian, Qiao and Wang, Yuping},
  journal={IEEE Signal Processing Letters},
  year={2023},
}

@article{wang2023neural,
  title={{Neural Codec Language Models are Zero-Shot Text to Speech Synthesizers}},
  author={Wang, Chengyi and Chen, Sanyuan and Wu, Yu and Zhang, Ziqiang and Zhou, Long and Liu, Shujie and Chen, Zhuo and Liu, Yanqing and Wang, Huaming and Li, Jinyu and others},
  journal={arXiv preprint arXiv:2301.02111},
  year={2023}
}

@article{wang2024maskgct,
  title={{MaskGCT: Zero-Shot Text-to-Speech with Masked Generative Codec Transformer}},
  author={Wang, Yuancheng and Zhan, Haoyue and Liu, Liwei and Zeng, Ruihong and Guo, Haotian and Zheng, Jiachen and Zhang, Qiang and Zhang, Xueyao and Zhang, Shunsi and Wu, Zhizheng},
  journal={arXiv preprint arXiv:2409.00750},
  year={2024}
}

@article{wang2024streamvoice,
  title={{StreamVoice: Streamable Context-Aware Language Modeling for Real-time Zero-Shot Voice Conversion}},
  author={Wang, Zhichao and Chen, Yuanzhe and Wang, Xinsheng and Chen, Zhuo and Xie, Lei and Wang, Yuping and Wang, Yuxuan},
  journal={arXiv preprint arXiv:2401.11053},
  year={2024}
}

@article{wu2024towards,
  title={{Towards Audio Language Modeling-An Overview}},
  author={Wu, Haibin and Chen, Xuanjun and Lin, Yi-Cheng and Chang, Kai-wei and Chung, Ho-Lam and Liu, Alexander H and Lee, Hung-yi},
  journal={arXiv preprint arXiv:2402.13236},
  year={2024}
}

@article{zeghidour2021soundstream,
  title={{SoundStream: An End-to-End Neural Audio Codec}},
  author={Zeghidour, Neil and Luebs, Alejandro and Omran, Ahmed and Skoglund, Jan and Tagliasacchi, Marco},
  journal={IEEE/ACM Transactions on Audio, Speech, and Language Processing},
  volume={30},
  pages={495--507},
  year={2021},
}

@article{zhang2023speak,
  title={{Speak Foreign Languages with Your Own Voice: Cross-Lingual Neural Codec Language Modeling}},
  author={Zhang, Ziqiang and Zhou, Long and Wang, Chengyi and Chen, Sanyuan and Wu, Yu and Liu, Shujie and Chen, Zhuo and Liu, Yanqing and Wang, Huaming and Li, Jinyu and others},
  journal={arXiv preprint arXiv:2303.03926},
  year={2023}
}

