@inproceedings{SMPL-X:2019,
  title = {Expressive Body Capture: {3D} Hands, Face, and Body from a Single Image},
  author = {Pavlakos, Georgios and Choutas, Vasileios and Ghorbani, Nima and Bolkart, Timo and Osman, Ahmed A. A. and Tzionas, Dimitrios and Black, Michael J.},
  booktitle = {Proceedings IEEE Conf. on Computer Vision and Pattern Recognition (CVPR)},
  pages     = {10975--10985},
  year = {2019}
}

@inproceedings{cao2024dreamavatar,
  title={Dreamavatar: Text-and-shape guided 3d human avatar generation via diffusion models},
  author={Cao, Yukang and Cao, Yan-Pei and Han, Kai and Shan, Ying and Wong, Kwan-Yee K},
  booktitle={Proceedings of the IEEE/CVF Conference on Computer Vision and Pattern Recognition},
  pages={958--968},
  year={2024}
}

@article{gao2023neural,
  title={Neural novel actor: Learning a generalized animatable neural representation for human actors},
  author={Gao, Qingzhe and Wang, Yiming and Liu, Libin and Liu, Lingjie and Theobalt, Christian and Chen, Baoquan},
  journal={IEEE Transactions on Visualization and Computer Graphics},
  year={2023},
  publisher={IEEE}
}

@inproceedings{hu2024gauhuman,
  title={Gauhuman: Articulated gaussian splatting from monocular human videos},
  author={Hu, Shoukang and Hu, Tao and Liu, Ziwei},
  booktitle={Proceedings of the IEEE/CVF Conference on Computer Vision and Pattern Recognition},
  pages={20418--20431},
  year={2024}
}

@inproceedings{hu2024gaussianavatar,
  title={Gaussianavatar: Towards realistic human avatar modeling from a single video via animatable 3d gaussians},
  author={Hu, Liangxiao and Zhang, Hongwen and Zhang, Yuxiang and Zhou, Boyao and Liu, Boning and Zhang, Shengping and Nie, Liqiang},
  booktitle={Proceedings of the IEEE/CVF Conference on Computer Vision and Pattern Recognition},
  pages={634--644},
  year={2024}
}

@inproceedings{huang2024humannorm,
  title={Humannorm: Learning normal diffusion model for high-quality and realistic 3d human generation},
  author={Huang, Xin and Shao, Ruizhi and Zhang, Qi and Zhang, Hongwen and Feng, Ying and Liu, Yebin and Wang, Qing},
  booktitle={Proceedings of the IEEE/CVF Conference on Computer Vision and Pattern Recognition},
  pages={4568--4577},
  year={2024}
}

@inproceedings{jain2022zero,
  title={Zero-shot text-guided object generation with dream fields},
  author={Jain, Ajay and Mildenhall, Ben and Barron, Jonathan T and Abbeel, Pieter and Poole, Ben},
  booktitle={Proceedings of the IEEE/CVF conference on computer vision and pattern recognition},
  pages={867--876},
  year={2022}
}

@article{jiang2024uv,
  title={UV Gaussians: Joint Learning of Mesh Deformation and Gaussian Textures for Human Avatar Modeling},
  author={Jiang, Yujiao and Liao, Qingmin and Li, Xiaoyu and Ma, Li and Zhang, Qi and Zhang, Chaopeng and Lu, Zongqing and Shan, Ying},
  journal={arXiv preprint arXiv:2403.11589},
  year={2024}
}

@article{kao2023deceptive,
  title={Deceptive-Human: Prompt-to-NeRF 3D Human Generation with 3D-Consistent Synthetic Images},
  author={Kao, Shiu-hong and Liu, Xinhang and Tai, Yu-Wing and Tang, Chi-Keung},
  journal={arXiv preprint arXiv:2311.16499},
  year={2023}
}

@article{kerbl20233d,
  title={3d gaussian splatting for real-time radiance field rendering},
  author={Kerbl, Bernhard and Kopanas, Georgios and Leimk{\"u}hler, Thomas and Drettakis, George},
  journal={ACM Transactions on Graphics},
  volume={42},
  number={4},
  pages={1--14},
  year={2023},
  publisher={ACM}
}

@article{kolotouros2024dreamhuman,
  title={Dreamhuman: Animatable 3d avatars from text},
  author={Kolotouros, Nikos and Alldieck, Thiemo and Zanfir, Andrei and Bazavan, Eduard and Fieraru, Mihai and Sminchisescu, Cristian},
  journal={Advances in Neural Information Processing Systems},
  volume={36},
  year={2024}
}

@inproceedings{lei2024gart,
  title={Gart: Gaussian articulated template models},
  author={Lei, Jiahui and Wang, Yufu and Pavlakos, Georgios and Liu, Lingjie and Daniilidis, Kostas},
  booktitle={Proceedings of the IEEE/CVF Conference on Computer Vision and Pattern Recognition},
  pages={19876--19887},
  year={2024}
}

@inproceedings{liao2024tada,
  title={Tada! text to animatable digital avatars},
  author={Liao, Tingting and Yi, Hongwei and Xiu, Yuliang and Tang, Jiaxiang and Huang, Yangyi and Thies, Justus and Black, Michael J},
  booktitle={2024 International Conference on 3D Vision (3DV)},
  pages={1508--1519},
  year={2024},
  organization={IEEE}
}

@inproceedings{liu2024humangaussian,
  title={Humangaussian: Text-driven 3d human generation with gaussian splatting},
  author={Liu, Xian and Zhan, Xiaohang and Tang, Jiaxiang and Shan, Ying and Zeng, Gang and Lin, Dahua and Liu, Xihui and Liu, Ziwei},
  booktitle={Proceedings of the IEEE/CVF Conference on Computer Vision and Pattern Recognition},
  pages={6646--6657},
  year={2024}
}

@article{moon2024expressive,
  title={Expressive whole-body 3D gaussian avatar},
  author={Moon, Gyeongsik and Shiratori, Takaaki and Saito, Shunsuke},
  journal={arXiv preprint arXiv:2407.21686},
  year={2024}
}

@inproceedings{peng2021animatable,
  title={Animatable neural radiance fields for modeling dynamic human bodies},
  author={Peng, Sida and Dong, Junting and Wang, Qianqian and Zhang, Shangzhan and Shuai, Qing and Zhou, Xiaowei and Bao, Hujun},
  booktitle={Proceedings of the IEEE/CVF International Conference on Computer Vision},
  pages={14314--14323},
  year={2021}
}

@inproceedings{peng2021neural,
  title={Neural body: Implicit neural representations with structured latent codes for novel view synthesis of dynamic humans},
  author={Peng, Sida and Zhang, Yuanqing and Xu, Yinghao and Wang, Qianqian and Shuai, Qing and Bao, Hujun and Zhou, Xiaowei},
  booktitle={Proceedings of the IEEE/CVF Conference on Computer Vision and Pattern Recognition},
  pages={9054--9063},
  year={2021}
}

@article{poole2022dreamfusion,
  title={Dreamfusion: Text-to-3d using 2d diffusion},
  author={Poole, Ben and Jain, Ajay and Barron, Jonathan T and Mildenhall, Ben},
  journal={arXiv preprint arXiv:2209.14988},
  year={2022}
}

@article{qian20233dgs,
  title={3dgs-avatar: Animatable avatars via deformable 3d gaussian splatting},
  author={Qian, Zhiyin and Wang, Shaofei and Mihajlovic, Marko and Geiger, Andreas and Tang, Siyu},
  journal={arXiv preprint arXiv:2312.09228},
  year={2023}
}

@inproceedings{radford2021learning,
  title={Learning transferable visual models from natural language supervision},
  author={Radford, Alec and Kim, Jong Wook and Hallacy, Chris and Ramesh, Aditya and Goh, Gabriel and Agarwal, Sandhini and Sastry, Girish and Askell, Amanda and Mishkin, Pamela and Clark, Jack and others},
  booktitle={International conference on machine learning},
  pages={8748--8763},
  year={2021},
  organization={PMLR}
}

@inproceedings{sanghi2022clip,
  title={Clip-forge: Towards zero-shot text-to-shape generation},
  author={Sanghi, Aditya and Chu, Hang and Lambourne, Joseph G and Wang, Ye and Cheng, Chin-Yi and Fumero, Marco and Malekshan, Kamal Rahimi},
  booktitle={Proceedings of the IEEE/CVF Conference on Computer Vision and Pattern Recognition},
  pages={18603--18613},
  year={2022}
}

@article{tang2023dreamgaussian,
  title={Dreamgaussian: Generative gaussian splatting for efficient 3d content creation},
  author={Tang, Jiaxiang and Ren, Jiawei and Zhou, Hang and Liu, Ziwei and Zeng, Gang},
  journal={arXiv preprint arXiv:2309.16653},
  year={2023}
}

@article{wang2024prolificdreamer,
  title={Prolificdreamer: High-fidelity and diverse text-to-3d generation with variational score distillation},
  author={Wang, Zhengyi and Lu, Cheng and Wang, Yikai and Bao, Fan and Li, Chongxuan and Su, Hang and Zhu, Jun},
  journal={Advances in Neural Information Processing Systems},
  volume={36},
  year={2024}
}

@inproceedings{weng2022humannerf,
  title={Humannerf: Free-viewpoint rendering of moving people from monocular video},
  author={Weng, Chung-Yi and Curless, Brian and Srinivasan, Pratul P and Barron, Jonathan T and Kemelmacher-Shlizerman, Ira},
  booktitle={Proceedings of the IEEE/CVF Conference on Computer Vision and Pattern Recognition},
  pages={16210--16220},
  year={2022}
}

@article{yi2023gaussiandreamer,
  title={Gaussiandreamer: Fast generation from text to 3d gaussian splatting with point cloud priors},
  author={Yi, Taoran and Fang, Jiemin and Wu, Guanjun and Xie, Lingxi and Zhang, Xiaopeng and Liu, Wenyu and Tian, Qi and Wang, Xinggang},
  journal={arXiv preprint arXiv:2310.08529},
  year={2023}
}

@article{zielonka2023drivable,
  title={Drivable 3d gaussian avatars},
  author={Zielonka, Wojciech and Bagautdinov, Timur and Saito, Shunsuke and Zollh{\"o}fer, Michael and Thies, Justus and Romero, Javier},
  journal={arXiv preprint arXiv:2311.08581},
  year={2023}
}

