@inproceedings{IPO,
  title={A general theoretical paradigm to understand learning from human preferences},
  author={Azar, Mohammad Gheshlaghi and Guo, Zhaohan Daniel and Piot, Bilal and Munos, Remi and Rowland, Mark and Valko, Michal and Calandriello, Daniele},
  booktitle={International Conference on Artificial Intelligence and Statistics},
  pages={4447--4455},
  year={2024},
  organization={PMLR}
}

@article{Step-dpo,
  title={Step-dpo: Step-wise preference optimization for long-chain reasoning of llms},
  author={Lai, Xin and Tian, Zhuotao and Chen, Yukang and Yang, Senqiao and Peng, Xiangru and Jia, Jiaya},
  journal={arXiv preprint arXiv:2406.18629},
  year={2024}
}

@article{dpg,
  title={Distributional reinforcement learning for energy-based sequential models},
  author={Parshakova, Tetiana and Andreoli, Jean-Marc and Dymetman, Marc},
  journal={arXiv preprint arXiv:1912.08517},
  year={2019}
}

@article{ethayarajh2024kto,
  title={Kto: Model alignment as prospect theoretic optimization},
  author={Ethayarajh, Kawin and Xu, Winnie and Muennighoff, Niklas and Jurafsky, Dan and Kiela, Douwe},
  journal={arXiv preprint arXiv:2402.01306},
  year={2024}
}

@article{gdc,
  title={A distributional approach to controlled text generation},
  author={Khalifa, Muhammad and Elsahar, Hady and Dymetman, Marc},
  journal={arXiv preprint arXiv:2012.11635},
  year={2020}
}

@article{gdc++,
  title={On reinforcement learning and distribution matching for fine-tuning language models with no catastrophic forgetting},
  author={Korbak, Tomasz and Elsahar, Hady and Kruszewski, Germ{\'a}n and Dymetman, Marc},
  journal={Advances in Neural Information Processing Systems},
  volume={35},
  pages={16203--16220},
  year={2022}
}

@article{lightman2023let,
  title={Let's verify step by step},
  author={Lightman, Hunter and Kosaraju, Vineet and Burda, Yura and Edwards, Harri and Baker, Bowen and Lee, Teddy and Leike, Jan and Schulman, John and Sutskever, Ilya and Cobbe, Karl},
  journal={arXiv preprint arXiv:2305.20050},
  year={2023}
}

@article{liu2024tis,
  title={TIS-DPO: Token-level Importance Sampling for Direct Preference Optimization With Estimated Weights},
  author={Liu, Aiwei and Bai, Haoping and Lu, Zhiyun and Sun, Yanchao and Kong, Xiang and Wang, Simon and Shan, Jiulong and Jose, Albin Madappally and Liu, Xiaojiang and Wen, Lijie and others},
  journal={arXiv preprint arXiv:2410.04350},
  year={2024}
}

@article{meng2024simpo,
  title={Simpo: Simple preference optimization with a reference-free reward},
  author={Meng, Yu and Xia, Mengzhou and Chen, Danqi},
  journal={arXiv preprint arXiv:2405.14734},
  year={2024}
}

@article{oreo,
  title={Offline Reinforcement Learning for LLM Multi-Step Reasoning},
  author={Wang, Huaijie and Hao, Shibo and Dong, Hanze and Zhang, Shenao and Bao, Yilin and Yang, Ziran and Wu, Yi},
  journal={arXiv preprint arXiv:2412.16145},
  year={2024}
}

@article{ouyang2022training,
  title={Training language models to follow instructions with human feedback},
  author={Ouyang, Long and Wu, Jeffrey and Jiang, Xu and Almeida, Diogo and Wainwright, Carroll and Mishkin, Pamela and Zhang, Chong and Agarwal, Sandhini and Slama, Katarina and Ray, Alex and others},
  journal={Advances in neural information processing systems},
  volume={35},
  pages={27730--27744},
  year={2022}
}

@article{pandey2024brain,
  title={BRAIn: Bayesian Reward-conditioned Amortized Inference for natural language generation from feedback},
  author={Pandey, Gaurav and Nandwani, Yatin and Naseem, Tahira and Mishra, Mayank and Xu, Guangxuan and Raghu, Dinesh and Joshi, Sachindra and Munawar, Asim and Astudillo, Ram{\'o}n Fernandez},
  journal={arXiv preprint arXiv:2402.02479},
  year={2024}
}

@article{probabilistic,
  title={Preference Optimization as Probabilistic Inference},
  author={Abdolmaleki, Abbas and Piot, Bilal and Shahriari, Bobak and Springenberg, Jost Tobias and Hertweck, Tim and Joshi, Rishabh and Oh, Junhyuk and Bloesch, Michael and Lampe, Thomas and Heess, Nicolas and others},
  journal={arXiv preprint arXiv:2410.04166},
  year={2024}
}

@article{rafailov2024direct,
  title={Direct preference optimization: Your language model is secretly a reward model},
  author={Rafailov, Rafael and Sharma, Archit and Mitchell, Eric and Manning, Christopher D and Ermon, Stefano and Finn, Chelsea},
  journal={Advances in Neural Information Processing Systems},
  volume={36},
  year={2024}
}

@article{rto,
  title={Dpo meets ppo: Reinforced token optimization for rlhf},
  author={Zhong, Han and Feng, Guhao and Xiong, Wei and Cheng, Xinle and Zhao, Li and He, Di and Bian, Jiang and Wang, Liwei},
  journal={arXiv preprint arXiv:2404.18922},
  year={2024}
}

@article{schulman2017proximal,
  title={Proximal policy optimization algorithms},
  author={Schulman, John and Wolski, Filip and Dhariwal, Prafulla and Radford, Alec and Klimov, Oleg},
  journal={arXiv preprint arXiv:1707.06347},
  year={2017}
}

@article{stepcontroldpo,
  title={Step-controlled dpo: Leveraging stepwise error for enhanced mathematical reasoning},
  author={Lu, Zimu and Zhou, Aojun and Wang, Ke and Ren, Houxing and Shi, Weikang and Pan, Junting and Zhan, Mingjie and Li, Hongsheng},
  journal={arXiv preprint arXiv:2407.00782},
  year={2024}
}

@article{stepkto,
  title={Step-KTO: Optimizing Mathematical Reasoning through Stepwise Binary Feedback},
  author={Lin, Yen-Ting and Jin, Di and Xu, Tengyu and Wu, Tianhao and Sukhbaatar, Sainbayar and Zhu, Chen and He, Yun and Chen, Yun-Nung and Weston, Jason and Tian, Yuandong and others},
  journal={arXiv preprint arXiv:2501.10799},
  year={2025}
}

@article{svpo,
  title={Step-level Value Preference Optimization for Mathematical Reasoning},
  author={Chen, Guoxin and Liao, Minpeng and Li, Chengxi and Fan, Kai},
  journal={arXiv preprint arXiv:2406.10858},
  year={2024}
}

@article{tang2024generalized,
  title={Generalized preference optimization: A unified approach to offline alignment},
  author={Tang, Yunhao and Guo, Zhaohan Daniel and Zheng, Zeyu and Calandriello, Daniele and Munos, R{\'e}mi and Rowland, Mark and Richemond, Pierre Harvey and Valko, Michal and Pires, Bernardo {\'A}vila and Piot, Bilal},
  journal={arXiv preprint arXiv:2402.05749},
  year={2024}
}

@article{zeng2024token,
  title={Token-level Direct Preference Optimization},
  author={Zeng, Yongcheng and Liu, Guoqing and Ma, Weiyu and Yang, Ning and Zhang, Haifeng and Wang, Jun},
  journal={arXiv preprint arXiv:2404.11999},
  year={2024}
}

@article{zhao2023slic,
  title={Slic-hf: Sequence likelihood calibration with human feedback},
  author={Zhao, Yao and Joshi, Rishabh and Liu, Tianqi and Khalman, Misha and Saleh, Mohammad and Liu, Peter J},
  journal={arXiv preprint arXiv:2305.10425},
  year={2023}
}

