@article{rafailov2024direct,
  title={Direct preference optimization: Your language model is secretly a reward model},
  author={Rafailov, Rafael and Sharma, Archit and Mitchell, Eric and Manning, Christopher D and Ermon, Stefano and Finn, Chelsea},
  journal={Advances in Neural Information Processing Systems},
  volume={36},
  year={2024}
}

@article{ethayarajh2024kto,
  title={Kto: Model alignment as prospect theoretic optimization},
  author={Ethayarajh, Kawin and Xu, Winnie and Muennighoff, Niklas and Jurafsky, Dan and Kiela, Douwe},
  journal={arXiv preprint arXiv:2402.01306},
  year={2024}
}


@inproceedings{IPO,
  title={A general theoretical paradigm to understand learning from human preferences},
  author={Azar, Mohammad Gheshlaghi and Guo, Zhaohan Daniel and Piot, Bilal and Munos, Remi and Rowland, Mark and Valko, Michal and Calandriello, Daniele},
  booktitle={International Conference on Artificial Intelligence and Statistics},
  pages={4447--4455},
  year={2024},
  organization={PMLR}
}

@article{Step-dpo,
  title={Step-dpo: Step-wise preference optimization for long-chain reasoning of llms},
  author={Lai, Xin and Tian, Zhuotao and Chen, Yukang and Yang, Senqiao and Peng, Xiangru and Jia, Jiaya},
  journal={arXiv preprint arXiv:2406.18629},
  year={2024}
}



@article{chen2024alphamath,
  title={AlphaMath Almost Zero: process Supervision without process},
  author={Chen, Guoxin and Liao, Minpeng and Li, Chengxi and Fan, Kai},
  journal={arXiv preprint arXiv:2405.03553},
  year={2024}
}

@article{GSMdata,
  title={Training verifiers to solve math word problems},
  author={Cobbe, Karl and Kosaraju, Vineet and Bavarian, Mohammad and Chen, Mark and Jun, Heewoo and Kaiser, Lukasz and Plappert, Matthias and Tworek, Jerry and Hilton, Jacob and Nakano, Reiichiro and others},
  journal={arXiv preprint arXiv:2110.14168},
  year={2021}
}

@article{MATHdata,
  title={Measuring mathematical problem solving with the math dataset},
  author={Hendrycks, Dan and Burns, Collin and Kadavath, Saurav and Arora, Akul and Basart, Steven and Tang, Eric and Song, Dawn and Steinhardt, Jacob},
  journal={arXiv preprint arXiv:2103.03874},
  year={2021}
}

@article{CoT,
  title={Chain-of-thought prompting elicits reasoning in large language models},
  author={Wei, Jason and Wang, Xuezhi and Schuurmans, Dale and Bosma, Maarten and Xia, Fei and Chi, Ed and Le, Quoc V and Zhou, Denny and others},
  journal={Advances in neural information processing systems},
  volume={35},
  pages={24824--24837},
  year={2022}
}

@article{gou2023tora,
  title={Tora: A tool-integrated reasoning agent for mathematical problem solving},
  author={Gou, Zhibin and Shao, Zhihong and Gong, Yeyun and Shen, Yelong and Yang, Yujiu and Huang, Minlie and Duan, Nan and Chen, Weizhu},
  journal={arXiv preprint arXiv:2309.17452},
  year={2023}
}

@misc{zhang2024mario,
      title={MARIO Eval: Evaluate Your Math LLM with your Math LLM--A mathematical dataset evaluation toolkit}, 
      author={Boning Zhang and Chengxi Li and Kai Fan},
      year={2024},
      eprint={2404.13925},
      archivePrefix={arXiv},
      primaryClass={cs.CL}
}


@article{shao2024deepseekmath,
  title={Deepseekmath: Pushing the limits of mathematical reasoning in open language models},
  author={Shao, Zhihong and Wang, Peiyi and Zhu, Qihao and Xu, Runxin and Song, Junxiao and Bi, Xiao and Zhang, Haowei and Zhang, Mingchuan and Li, YK and Wu, Y and others},
  journal={arXiv preprint arXiv:2402.03300},
  year={2024}
}


@article{yang2024qwen2,
  title={Qwen2. 5-math technical report: Toward mathematical expert model via self-improvement},
  author={Yang, An and Zhang, Beichen and Hui, Binyuan and Gao, Bofei and Yu, Bowen and Li, Chengpeng and Liu, Dayiheng and Tu, Jianhong and Zhou, Jingren and Lin, Junyang and others},
  journal={arXiv preprint arXiv:2409.12122},
  year={2024}
}



@article{hu2024openrlhf,
  title={OpenRLHF: An Easy-to-use, Scalable and High-performance RLHF Framework},
  author={Jian Hu and Xibin Wu and Zilin Zhu and Xianyu and Weixun Wang and Dehao Zhang and Yu Cao},
  journal={arXiv preprint arXiv:2405.11143},
  year={2024}
}


@article{hu2021lora,
  title={Lora: Low-rank adaptation of large language models},
  author={Hu, Edward J and Shen, Yelong and Wallis, Phillip and Allen-Zhu, Zeyuan and Li, Yuanzhi and Wang, Shean and Wang, Lu and Chen, Weizhu},
  journal={arXiv preprint arXiv:2106.09685},
  year={2021}
}



@article{pang2024iterative,
  title={Iterative reasoning preference optimization},
  author={Pang, Richard Yuanzhe and Yuan, Weizhe and Cho, Kyunghyun and He, He and Sukhbaatar, Sainbayar and Weston, Jason},
  journal={arXiv preprint arXiv:2404.19733},
  year={2024}
}


@article{dubey2024llama,
  title={The llama 3 herd of models},
  author={Dubey, Abhimanyu and Jauhri, Abhinav and Pandey, Abhinav and Kadian, Abhishek and Al-Dahle, Ahmad and Letman, Aiesha and Mathur, Akhil and Schelten, Alan and Yang, Amy and Fan, Angela and others},
  journal={arXiv preprint arXiv:2407.21783},
  year={2024}
}

@article{razin2024unintentional,
  title={Unintentional unalignment: Likelihood displacement in direct preference optimization},
  author={Razin, Noam and Malladi, Sadhika and Bhaskar, Adithya and Chen, Danqi and Arora, Sanjeev and Hanin, Boris},
  journal={arXiv preprint arXiv:2410.08847},
  year={2024}
}


@article{zhang2024rest,
  title={Rest-mcts*: Llm self-training via process reward guided tree search},
  author={Zhang, Dan and Zhoubian, Sining and Hu, Ziniu and Yue, Yisong and Dong, Yuxiao and Tang, Jie},
  journal={arXiv preprint arXiv:2406.03816},
  year={2024}
}


@article{guan2025rstar,
  title={rStar-Math: Small LLMs Can Master Math Reasoning with Self-Evolved Deep Thinking},
  author={Guan, Xinyu and Zhang, Li Lyna and Liu, Yifei and Shang, Ning and Sun, Youran and Zhu, Yi and Yang, Fan and Yang, Mao},
  journal={arXiv preprint arXiv:2501.04519},
  year={2025}
}




@article{achiam2023gpt,
  title={Gpt-4 technical report},
  author={Achiam, Josh and Adler, Steven and Agarwal, Sandhini and Ahmad, Lama and Akkaya, Ilge and Aleman, Florencia Leoni and Almeida, Diogo and Altenschmidt, Janko and Altman, Sam and Anadkat, Shyamal and others},
  journal={arXiv preprint arXiv:2303.08774},
  year={2023}
}

@article{liu2024deepseek,
  title={Deepseek-v3 technical report},
  author={Liu, Aixin and Feng, Bei and Xue, Bing and Wang, Bingxuan and Wu, Bochao and Lu, Chengda and Zhao, Chenggang and Deng, Chengqi and Zhang, Chenyu and Ruan, Chong and others},
  journal={arXiv preprint arXiv:2412.19437},
  year={2024}
}


@article{ouyang2022training,
  title={Training language models to follow instructions with human feedback},
  author={Ouyang, Long and Wu, Jeffrey and Jiang, Xu and Almeida, Diogo and Wainwright, Carroll and Mishkin, Pamela and Zhang, Chong and Agarwal, Sandhini and Slama, Katarina and Ray, Alex and others},
  journal={Advances in neural information processing systems},
  volume={35},
  pages={27730--27744},
  year={2022}
}



@article{deepseekcoder-v2,
  title={DeepSeek-Coder-V2: Breaking the Barrier of Closed-Source Models in Code Intelligence},
  author={Zhu, Qihao and Guo, Daya and Shao, Zhihong and Yang, Dejian and Wang, Peiyi and Xu, Runxin and Wu, Y and Li, Yukun and Gao, Huazuo and Ma, Shirong and others},
  journal={arXiv preprint arXiv:2406.11931},
  year={2024}
}


@article{qin2025ui,
  title={UI-TARS: Pioneering Automated GUI Interaction with Native Agents},
  author={Qin, Yujia and Ye, Yining and Fang, Junjie and Wang, Haoming and Liang, Shihao and Tian, Shizuo and Zhang, Junda and Li, Jiahao and Li, Yunxin and Huang, Shijue and others},
  journal={arXiv preprint arXiv:2501.12326},
  year={2025}
}

@article{zelikman2022star,
  title={STaR: Self-Taught Reasoner},
  author={Zelikman, Eric and Wu, Yuhuai and Goodman, Noah D},
  journal={arXiv preprint arXiv:2203.14465},
  year={2022}
}

@article{dong2023raft,
  title={Raft: Reward ranked finetuning for generative foundation model alignment},
  author={Dong, Hanze and Xiong, Wei and Goyal, Deepanshu and Zhang, Yihan and Chow, Winnie and Pan, Rui and Diao, Shizhe and Zhang, Jipeng and Shum, Kashun and Zhang, Tong},
  journal={arXiv preprint arXiv:2304.06767},
  year={2023}
}



@article{sac,
  title={Enhancing multi-step reasoning abilities of language models through direct q-function optimization},
  author={Liu, Guanlin and Ji, Kaixuan and Zheng, Renjie and Wu, Zheng and Dun, Chen and Gu, Quanquan and Yan, Lin},
  journal={arXiv preprint arXiv:2410.09302},
  year={2024}
}

@article{ahmadian2024back,
  title={Back to basics: Revisiting reinforce style optimization for learning from human feedback in llms},
  author={Ahmadian, Arash and Cremer, Chris and Gall{\'e}, Matthias and Fadaee, Marzieh and Kreutzer, Julia and Pietquin, Olivier and {\"U}st{\"u}n, Ahmet and Hooker, Sara},
  journal={arXiv preprint arXiv:2402.14740},
  year={2024}
}


@article{guo2025deepseek,
  title={DeepSeek-R1: Incentivizing Reasoning Capability in LLMs via Reinforcement Learning},
  author={Guo, Daya and Yang, Dejian and Zhang, Haowei and Song, Junxiao and Zhang, Ruoyu and Xu, Runxin and Zhu, Qihao and Ma, Shirong and Wang, Peiyi and Bi, Xiao and others},
  journal={arXiv preprint arXiv:2501.12948},
  year={2025}
}


@article{dong2024rlhf,
  title={RLHF Workflow: From Reward Modeling to Online RLHF},
  author={Dong, Hanze and Xiong, Wei and Pang, Bo and Wang, Haoxiang and Zhao, Han and Zhou, Yingbo and Jiang, Nan and Sahoo, Doyen and Xiong, Caiming and Zhang, Tong},
  journal={arXiv preprint arXiv:2405.07863},
  year={2024}
}



@article{stepkto,
  title={Step-KTO: Optimizing Mathematical Reasoning through Stepwise Binary Feedback},
  author={Lin, Yen-Ting and Jin, Di and Xu, Tengyu and Wu, Tianhao and Sukhbaatar, Sainbayar and Zhu, Chen and He, Yun and Chen, Yun-Nung and Weston, Jason and Tian, Yuandong and others},
  journal={arXiv preprint arXiv:2501.10799},
  year={2025}
}

@article{stepcontroldpo,
  title={Step-controlled dpo: Leveraging stepwise error for enhanced mathematical reasoning},
  author={Lu, Zimu and Zhou, Aojun and Wang, Ke and Ren, Houxing and Shi, Weikang and Pan, Junting and Zhan, Mingjie and Li, Hongsheng},
  journal={arXiv preprint arXiv:2407.00782},
  year={2024}
}


@article{rto,
  title={Dpo meets ppo: Reinforced token optimization for rlhf},
  author={Zhong, Han and Feng, Guhao and Xiong, Wei and Cheng, Xinle and Zhao, Li and He, Di and Bian, Jiang and Wang, Liwei},
  journal={arXiv preprint arXiv:2404.18922},
  year={2024}
}

@article{zeng2024token,
  title={Token-level Direct Preference Optimization},
  author={Zeng, Yongcheng and Liu, Guoqing and Ma, Weiyu and Yang, Ning and Zhang, Haifeng and Wang, Jun},
  journal={arXiv preprint arXiv:2404.11999},
  year={2024}
}

@article{oreo,
  title={Offline Reinforcement Learning for LLM Multi-Step Reasoning},
  author={Wang, Huaijie and Hao, Shibo and Dong, Hanze and Zhang, Shenao and Bao, Yilin and Yang, Ziran and Wu, Yi},
  journal={arXiv preprint arXiv:2412.16145},
  year={2024}
}


@article{dumoulin2023density,
  title={A density estimation perspective on learning from pairwise human preferences},
  author={Dumoulin, Vincent and Johnson, Daniel D and Castro, Pablo Samuel and Larochelle, Hugo and Dauphin, Yann},
  journal={arXiv preprint arXiv:2311.14115},
  year={2023}
}


@article{schulman2017proximal,
  title={Proximal policy optimization algorithms},
  author={Schulman, John and Wolski, Filip and Dhariwal, Prafulla and Radford, Alec and Klimov, Oleg},
  journal={arXiv preprint arXiv:1707.06347},
  year={2017}
}


@article{meng2024simpo,
  title={Simpo: Simple preference optimization with a reference-free reward},
  author={Meng, Yu and Xia, Mengzhou and Chen, Danqi},
  journal={arXiv preprint arXiv:2405.14734},
  year={2024}
}


@article{zhao2023slic,
  title={Slic-hf: Sequence likelihood calibration with human feedback},
  author={Zhao, Yao and Joshi, Rishabh and Liu, Tianqi and Khalman, Misha and Saleh, Mohammad and Liu, Peter J},
  journal={arXiv preprint arXiv:2305.10425},
  year={2023}
}


/@article{tang2024generalized,
  title={Generalized preference optimization: A unified approach to offline alignment},
  author={Tang, Yunhao and Guo, Zhaohan Daniel and Zheng, Zeyu and Calandriello, Daniele and Munos, R{\'e}mi and Rowland, Mark and Richemond, Pierre Harvey and Valko, Michal and Pires, Bernardo {\'A}vila and Piot, Bilal},
  journal={arXiv preprint arXiv:2402.05749},
  year={2024}
}


@article{liu2024tis,
  title={TIS-DPO: Token-level Importance Sampling for Direct Preference Optimization With Estimated Weights},
  author={Liu, Aiwei and Bai, Haoping and Lu, Zhiyun and Sun, Yanchao and Kong, Xiang and Wang, Simon and Shan, Jiulong and Jose, Albin Madappally and Liu, Xiaojiang and Wen, Lijie and others},
  journal={arXiv preprint arXiv:2410.04350},
  year={2024}
}


@article{lightman2023let,
  title={Let's verify step by step},
  author={Lightman, Hunter and Kosaraju, Vineet and Burda, Yura and Edwards, Harri and Baker, Bowen and Lee, Teddy and Leike, Jan and Schulman, John and Sutskever, Ilya and Cobbe, Karl},
  journal={arXiv preprint arXiv:2305.20050},
  year={2023}
}


@article{svpo,
  title={Step-level Value Preference Optimization for Mathematical Reasoning},
  author={Chen, Guoxin and Liao, Minpeng and Li, Chengxi and Fan, Kai},
  journal={arXiv preprint arXiv:2406.10858},
  year={2024}
}


@article{probabilistic,
  title={Preference Optimization as Probabilistic Inference},
  author={Abdolmaleki, Abbas and Piot, Bilal and Shahriari, Bobak and Springenberg, Jost Tobias and Hertweck, Tim and Joshi, Rishabh and Oh, Junhyuk and Bloesch, Michael and Lampe, Thomas and Heess, Nicolas and others},
  journal={arXiv preprint arXiv:2410.04166},
  year={2024}
}



@article{dpg,
  title={Distributional reinforcement learning for energy-based sequential models},
  author={Parshakova, Tetiana and Andreoli, Jean-Marc and Dymetman, Marc},
  journal={arXiv preprint arXiv:1912.08517},
  year={2019}
}

@article{gdc,
  title={A distributional approach to controlled text generation},
  author={Khalifa, Muhammad and Elsahar, Hady and Dymetman, Marc},
  journal={arXiv preprint arXiv:2012.11635},
  year={2020}
}

@article{gdc++,
  title={On reinforcement learning and distribution matching for fine-tuning language models with no catastrophic forgetting},
  author={Korbak, Tomasz and Elsahar, Hady and Kruszewski, Germ{\'a}n and Dymetman, Marc},
  journal={Advances in Neural Information Processing Systems},
  volume={35},
  pages={16203--16220},
  year={2022}
}

@article{pandey2024brain,
  title={BRAIn: Bayesian Reward-conditioned Amortized Inference for natural language generation from feedback},
  author={Pandey, Gaurav and Nandwani, Yatin and Naseem, Tahira and Mishra, Mayank and Xu, Guangxuan and Raghu, Dinesh and Joshi, Sachindra and Munawar, Asim and Astudillo, Ram{\'o}n Fernandez},
  journal={arXiv preprint arXiv:2402.02479},
  year={2024}
}


@inproceedings{
anonymous2025maskdpo,
title={Mask-{DPO}: Generalizable Fine-grained Factuality Alignment of {LLM}s},
author={Anonymous},
booktitle={The Thirteenth International Conference on Learning Representations},
year={2025},
url={https://openreview.net/forum?id=d2H1oTNITn}
}

@inproceedings{xiong2024iterative,
  title={Iterative preference learning from human feedback: Bridging theory and practice for rlhf under kl-constraint},
  author={Xiong, Wei and Dong, Hanze and Ye, Chenlu and Wang, Ziqi and Zhong, Han and Ji, Heng and Jiang, Nan and Zhang, Tong},
  booktitle={Forty-first International Conference on Machine Learning},
  year={2024}
}