@article{AutoGNN,
    author = {Zhou, Kaixiong and Huang, Xiao and Song, Qingquan and Chen, Rui and Hu, Xia},
    journal = {Frontiers in big Data},
    title = {Auto-gnn: Neural architecture search of graph neural networks},
    year = {2022}
}

@inproceedings{DBLP:conf/cvpr/XieCZWWZY023,
    author = {Beini Xie and
Heng Chang and
Ziwei Zhang and
Xin Wang and
Daixin Wang and
Zhiqiang Zhang and
Rex Ying and
Wenwu Zhu},
    booktitle = {Proc. of CVPR},
    title = {Adversarially Robust Neural Architecture Search for Graph Neural Networks},
    year = {2023}
}

@inproceedings{DBLP:conf/icde/ZhaoYT21,
    author = {Huan, ZHAO and Quanming, YAO and Weiwei, TU},
    booktitle = {2021 IEEE 37th International Conference on Data Engineering (ICDE)},
    title = {Search to aggregate neighborhood for graph neural network},
    year = {2021}
}

@inproceedings{DBLP:conf/icdm/GaoZLZLH21,
    author = {Gao, Yang and Zhang, Peng and Li, Zhao and Zhou, Chuan and Liu, Yongchao and Hu, Yue},
    booktitle = {Proc. of ICDM},
    title = {Heterogeneous Graph Neural Architecture Search},
    year = {2021}
}

@inproceedings{DBLP:conf/iclr/HeLGC21,
    author = {Pengcheng He and
Xiaodong Liu and
Jianfeng Gao and
Weizhu Chen},
    booktitle = {9th International Conference on Learning Representations, {ICLR} 2021,
Virtual Event, Austria, May 3-7, 2021},
    publisher = {OpenReview.net},
    timestamp = {Mon, 30 May 2022 01:00:00 +0200},
    title = {Deberta: decoding-Enhanced Bert with Disentangled Attention},
    year = {2021}
}

@inproceedings{DBLP:conf/iclr/LanCGGSS20,
    author = {Zhenzhong Lan and
Mingda Chen and
Sebastian Goodman and
Kevin Gimpel and
Piyush Sharma and
Radu Soricut},
    booktitle = {8th International Conference on Learning Representations, {ICLR} 2020,
Addis Ababa, Ethiopia, April 26-30, 2020},
    publisher = {OpenReview.net},
    timestamp = {Thu, 07 May 2020 01:00:00 +0200},
    title = {{ALBERT:} {A} Lite {BERT} for Self-supervised Learning of Language
Representations},
    year = {2020}
}

@inproceedings{DBLP:conf/ijcai/GaoYZ0H20,
    author = {Yang Gao and
Hong Yang and
Peng Zhang and
Chuan Zhou and
Yue Hu},
    booktitle = {Proceedings of the Twenty-Ninth International Joint Conference on
Artificial Intelligence, {IJCAI} 2020},
    doi = {10.24963/ijcai.2020/195},
    editor = {Christian Bessiere},
    pages = {1403--1409},
    publisher = {ijcai.org},
    timestamp = {Mon, 13 Jul 2020 01:00:00 +0200},
    title = {Graph Neural Architecture Search},
    year = {2020}
}

@inproceedings{DBLP:conf/ijcai/ZhangW021,
    author = {Ziwei Zhang and
Xin Wang and
Wenwu Zhu},
    booktitle = {Proc. of IJCAI},
    title = {Automated Machine Learning on Graphs: {A} Survey},
    year = {2021}
}

@inproceedings{DBLP:conf/naacl/DevlinCLT19,
    address = {Minneapolis, Minnesota},
    author = {Devlin, Jacob  and
Chang, Ming-Wei  and
Lee, Kenton  and
Toutanova, Kristina},
    booktitle = {Proceedings of the 2019 Conference of the North {A}merican Chapter of the Association for Computational Linguistics: Human Language Technologies, Volume 1 (Long and Short Papers)},
    doi = {10.18653/v1/N19-1423},
    pages = {4171--4186},
    publisher = {Association for Computational Linguistics},
    title = {{BERT}: Pre-training of Deep Bidirectional Transformers for Language Understanding},
    year = {2019}
}

@article{DBLP:journals/corr/abs-1907-11692,
    author = {Yinhan Liu and
Myle Ott and
Naman Goyal and
Jingfei Du and
Mandar Joshi and
Danqi Chen and
Omer Levy and
Mike Lewis and
Luke Zettlemoyer and
Veselin Stoyanov},
    journal = {CoRR},
    title = {RoBERTa: {A} Robustly Optimized {BERT} Pretraining Approach},
    year = {2019}
}

@article{Shi2020EvolutionaryAS,
    author = {Shi, Min and Tang, Yufei and Zhu, Xingquan and Huang, Yu and Wilson, David and Zhuang, Yuan and Liu, Jianxun},
    journal = {Knowledge-Based Systems},
    title = {Genetic-GNN: Evolutionary architecture search for graph neural networks},
    year = {2022}
}

@inproceedings{Vaswani2017AttentionIA,
    author = {Ashish Vaswani and
Noam Shazeer and
Niki Parmar and
Jakob Uszkoreit and
Llion Jones and
Aidan N. Gomez and
Lukasz Kaiser and
Illia Polosukhin},
    booktitle = {Advances in Neural Information Processing Systems 30: Annual Conference
on Neural Information Processing Systems 2017, December 4-9, 2017,
Long Beach, CA, {USA}},
    editor = {Isabelle Guyon and
Ulrike von Luxburg and
Samy Bengio and
Hanna M. Wallach and
Rob Fergus and
S. V. N. Vishwanathan and
Roman Garnett},
    pages = {5998--6008},
    timestamp = {Thu, 21 Jan 2021 00:00:00 +0100},
    title = {Attention is All you Need},
    year = {2017}
}

@inproceedings{Zhang_Zhang_Wang_Qin_Qin_Zhu_2023,
    author = {Zeyang Zhang and
Ziwei Zhang and
Xin Wang and
Yijian Qin and
Zhou Qin and
Wenwu Zhu},
    booktitle = {Proc. of AAAI},
    title = {Dynamic Heterogeneous Graph Attention Neural Architecture Search},
    year = {2023}
}

@article{Zheng2022MultiRelationalGN,
    author = {Xin Zheng and Miao Zhang and Chun-cheng Jason Chen and Chaojie Li and Chuan Zhou and Shirui Pan},
    journal = {2022 IEEE International Conference on Data Mining (ICDM)},
    title = {Multi-Relational Graph Neural Architecture Search with Fine-grained Message Passing},
    year = {2022}
}

@article{al2022multi,
    author = {Al-Sabri, Raeed and Gao, Jianliang and Chen, Jiamin and Oloulade, Babatounde Moctard and Lyu, Tengfei},
    journal = {IEEE/ACM Transactions on Computational Biology and Bioinformatics},
    number = {2},
    pages = {1221--1233},
    publisher = {IEEE},
    title = {Multi-view graph neural architecture search for biomedical entity and relation extraction},
    volume = {20},
    year = {2022}
}

@article{anil2023palm,
    author = {Anil, Rohan and Dai, Andrew M and Firat, Orhan and Johnson, Melvin and Lepikhin, Dmitry and Passos, Alexandre and Shakeri, Siamak and Taropa, Emanuel and Bailey, Paige and Chen, Zhifeng and others},
    journal = {ArXiv preprint},
    title = {Palm 2 technical report},
    year = {2023}
}

@article{chowdhery2022palm,
    author = {Chowdhery, Aakanksha and Narang, Sharan and Devlin, Jacob and Bosma, Maarten and Mishra, Gaurav and Roberts, Adam and Barham, Paul and Chung, Hyung Won and Sutton, Charles and Gehrmann, Sebastian and others},
    journal = {ArXiv preprint},
    title = {Palm: Scaling language modeling with pathways},
    volume = {abs/2204.02311},
    year = {2022}
}

@inproceedings{diffmg,
    author = {Ding, Yuhui and Yao, Quanming and Zhao, Huan and Zhang, Tong},
    booktitle = {Proc. of KDD},
    title = {Diffmg: Differentiable meta graph search for heterogeneous graph neural networks},
    year = {2021}
}

@article{dong2023heterogeneous,
  title={Heterogeneous Graph Neural Architecture Search with GPT-4},
  author={Dong, Haoyuan and Gao, Yang and Wang, Haishuai and Yang, Hong and Zhang, Peng},
  journal={ArXiv preprint},
  year={2023}
}

@article{gao2022graphnas++,
    author = {Gao, Yang and Zhang, Peng and Yang, Hong and Zhou, Chuan and Tian, Zhihong and Hu, Yue and Li, Zhao and Zhou, Jingren},
    journal = {IEEE Transactions on Knowledge and Data Engineering},
    title = {Graphnas++: Distributed architecture search for graph neural networks},
    year = {2022}
}

@article{gao2023hgnas++,
  title={HGNAS++: efficient architecture search for heterogeneous graph neural networks},
  author={Gao, Yang and Zhang, Peng and Zhou, Chuan and Yang, Hong and Li, Zhao and Hu, Yue and Philip, S Yu},
  journal={IEEE Transactions on Knowledge and Data Engineering},
  year={2023},
  publisher={IEEE}
}

@inproceedings{guan2022large,
    author = {Chaoyu Guan and
Xin Wang and
Hong Chen and
Ziwei Zhang and
Wenwu Zhu},
    booktitle = {International Conference on Machine Learning, {ICML} 2022, 17-23 July
2022, Baltimore, Maryland, {USA}},
    editor = {Kamalika Chaudhuri and
Stefanie Jegelka and
Le Song and
Csaba Szepesv{\'{a}}ri and
Gang Niu and
Sivan Sabato},
    pages = {7968--7981},
    publisher = {{PMLR}},
    series = {Proceedings of Machine Learning Research},
    timestamp = {Fri, 15 Jul 2022 01:00:00 +0200},
    title = {Large-Scale Graph Neural Architecture Search},
    volume = {162},
    year = {2022}
}

@article{guo2023gpt4graph,
    author = {Guo, Jiayan and Du, Lun and Liu, Hengyu},
    journal = {ArXiv preprint},
    title = {GPT4Graph: Can Large Language Models Understand Graph Structured Data? An Empirical Evaluation and Benchmarking},
    year = {2023}
}

@inproceedings{li2020autograph,
    author = {Li, Yaoman and King, Irwin},
    booktitle = {Neural Information Processing: 27th International Conference, ICONIP 2020, Bangkok, Thailand, November 23--27, 2020, Proceedings, Part II 27},
    title = {Autograph: Automated graph neural network},
    year = {2020}
}

@inproceedings{li2021one,
    author = {Yanxi Li and
Zean Wen and
Yunhe Wang and
Chang Xu},
    booktitle = {Thirty-Fifth {AAAI} Conference on Artificial Intelligence, {AAAI}
2021, Thirty-Third Conference on Innovative Applications of Artificial
Intelligence, {IAAI} 2021, The Eleventh Symposium on Educational Advances
in Artificial Intelligence, {EAAI} 2021, Virtual Event, February 2-9,
2021},
    pages = {8510--8517},
    publisher = {{AAAI} Press},
    timestamp = {Thu, 01 Jul 2021 01:00:00 +0200},
    title = {One-shot Graph Neural Architecture Search with Dynamic Search Space},
    year = {2021}
}

@article{oloulade2021graph,
    author = {Oloulade, Babatounde Moctard and Gao, Jianliang and Chen, Jiamin and Lyu, Tengfei and Al-Sabri, Raeed},
    journal = {Tsinghua Science and Technology},
    title = {Graph neural architecture search: A survey},
    year = {2021}
}

@misc{openai2023gpt4,
    archiveprefix = {arXiv},
    author = {OpenAI},
    eprint = {2303.08774},
    primaryclass = {cs.CL},
    title = {GPT-4 Technical Report},
    year = {2023}
}

@inproceedings{qin2022graph,
    author = {Yijian Qin and
Xin Wang and
Ziwei Zhang and
Pengtao Xie and
Wenwu Zhu},
    booktitle = {International Conference on Machine Learning, {ICML} 2022, 17-23 July
2022, Baltimore, Maryland, {USA}},
    editor = {Kamalika Chaudhuri and
Stefanie Jegelka and
Le Song and
Csaba Szepesv{\'{a}}ri and
Gang Niu and
Sivan Sabato},
    pages = {18083--18095},
    publisher = {{PMLR}},
    series = {Proceedings of Machine Learning Research},
    timestamp = {Fri, 15 Jul 2022 01:00:00 +0200},
    title = {Graph Neural Architecture Search Under Distribution Shifts},
    volume = {162},
    year = {2022}
}

@inproceedings{wang2021autogel,
    author = {Zhili Wang and
Shimin Di and
Lei Chen},
    booktitle = {Advances in Neural Information Processing Systems 34: Annual Conference
on Neural Information Processing Systems 2021, NeurIPS 2021, December
6-14, 2021, virtual},
    editor = {Marc'Aurelio Ranzato and
Alina Beygelzimer and
Yann N. Dauphin and
Percy Liang and
Jennifer Wortman Vaughan},
    pages = {24509--24522},
    timestamp = {Tue, 03 May 2022 01:00:00 +0200},
    title = {AutoGEL: An Automated Graph Neural Network with Explicit Link Information},
    year = {2021}
}

@article{wang2023graph,
  title={Graph neural architecture search with gpt-4},
  author={Wang, Haishuai and Gao, Yang and Zheng, Xin and Zhang, Peng and Chen, Hongyang and Bu, Jiajun},
  journal={ArXiv preprint},
  year={2023}
}

@inproceedings{zhang2022autogt,
    author = {Zhang, Zizhao and Wang, Xin and Guan, Chaoyu and Zhang, Ziwei and Li, Haoyang and Zhu, Wenwu},
    booktitle = {Proc. of ICLR},
    title = {Autogt: Automated graph transformer architecture search},
    year = {2022}
}

@article{zhang2023automl,
    author = {Zhang, Shujian and Gong, Chengyue and Wu, Lemeng and Liu, Xingchao and Zhou, Mingyuan},
    journal = {ArXiv preprint},
    title = {AutoML-GPT: Automatic Machine Learning with GPT},
    year = {2023}
}

@article{zhanggraph,
    author = {Zhang, Jiawei},
    journal = {ArXiv preprint},
    title = {Graph-ToolFormer: To Empower LLMs with Graph Reasoning Ability via Prompt Augmented by ChatGPT},
    year = {2023}
}

@inproceedings{zheng2023auto,
    author = {Zheng, Xin and Zhang, Miao and Chen, Chunyang and Zhang, Qin and Zhou, Chuan and Pan, Shirui},
    booktitle = {Proceedings of the ACM Web Conference 2023},
    title = {Auto-HeG: Automated Graph Neural Network on Heterophilic Graphs},
    year = {2023}
}

@article{zheng2023can,
    author = {Zheng, Mingkai and Su, Xiu and You, Shan and Wang, Fei and Qian, Chen and Xu, Chang and Albanie, Samuel},
    journal = {ArXiv preprint},
    title = {Can GPT-4 Perform Neural Architecture Search?},
    year = {2023}
}

