
% Journals

% First the Full Name is given, then the abbreviation used in the AMS Math
% Reviews, with an indication if it could not be found there.
% Note the 2nd overwrites the 1st, so swap them if you want the full name.

 %{AMS}
 @String{AMSTrans = "American Mathematical Society Translations" }
 @String{AMSTrans = "Amer. Math. Soc. Transl." }
 @String{BullAMS = "Bulletin of the American Mathematical Society" }
 @String{BullAMS = "Bull. Amer. Math. Soc." }
 @String{ProcAMS = "Proceedings of the American Mathematical Society" }
 @String{ProcAMS = "Proc. Amer. Math. Soc." }
 @String{TransAMS = "Transactions of the American Mathematical Society" }
 @String{TransAMS = "Trans. Amer. Math. Soc." }

 %ACM
 @String{CACM = "Communications of the {ACM}" }
 @String{CACM = "Commun. {ACM}" }
 @String{CompServ = "Comput. Surveys" }
 @String{JACM = "J. ACM" }
 @String{ACMMathSoft = "{ACM} Transactions on Mathematical Software" }
 @String{ACMMathSoft = "{ACM} Trans. Math. Software" }
 @String{SIGNUM = "{ACM} {SIGNUM} Newsletter" }
 @String{SIGNUM = "{ACM} {SIGNUM} Newslett." }

 @String{AmerSocio = "American Journal of Sociology" }
 @String{AmerStatAssoc = "Journal of the American Statistical Association" }
 @String{AmerStatAssoc = "J. Amer. Statist. Assoc." }
 @String{ApplMathComp = "Applied Mathematics and Computation" }
 @String{ApplMathComp = "Appl. Math. Comput." }
 @String{AmerMathMonthly = "American Mathematical Monthly" }
 @String{AmerMathMonthly = "Amer. Math. Monthly" }
 @String{BIT = "{BIT}" }
 @String{BritStatPsych = "British Journal of Mathematical and Statistical
          Psychology" }
 @String{BritStatPsych = "Brit. J. Math. Statist. Psych." }
 @String{CanMathBull = "Canadian Mathematical Bulletin" }
 @String{CanMathBull = "Canad. Math. Bull." }
 @String{CompApplMath = "Journal of Computational and Applied Mathematics" }
 @String{CompApplMath = "J. Comput. Appl. Math." }
 @String{CompPhys = "Journal of Computational Physics" }
 @String{CompPhys = "J. Comput. Phys." }
 @String{CompStruct = "Computers and Structures" }
 @String{CompStruct = "Comput. \& Structures" }
 @String{CompJour = "The Computer Journal" }
 @String{CompJour = "Comput. J." }
 @String{CompSysSci = "Journal of Computer and System Sciences" }
 @String{CompSysSci = "J. Comput. System Sci." }
 @String{Computing = "Computing" }
 @String{ContempMath = "Contemporary Mathematics" }
 @String{ContempMath = "Contemp. Math." }
 @String{Crelle = "Crelle's Journal" }
 @String{GiornaleMath = "Giornale di Mathematiche" }
 @String{GiornaleMath = "Giorn. Mat." } % didn't find in AMS MR., ibid.

 %IEEE
 @String{Computer = "{IEEE} Computer" }
 @String{IEEETransComp = "{IEEE} Transactions on Computers" }
 @String{IEEETransComp = "{IEEE} Trans. Comput." }
 @String{IEEETransAC = "{IEEE} Transactions on Automatic Control" }
 @String{IEEETransAC = "{IEEE} Trans. Automat. Control" }
 @String{IEEESpec = "{IEEE} Spectrum" } % didn't find in AMS MR
 @String{ProcIEEE = "Proceedings of the {IEEE}" }
 @String{ProcIEEE = "Proc. {IEEE}" } % didn't find in AMS MR
 @String{IEEETransAeroElec = "{IEEE} Transactions on Aerospace and Electronic
     Systems" }
 @String{IEEETransAeroElec = "{IEEE} Trans. Aerospace Electron. Systems" }

 @String{IMANumerAna = "{IMA} Journal of Numerical Analysis" }
 @String{IMANumerAna = "{IMA} J. Numer. Anal." }
 @String{InfProcLet = "Information Processing Letters" }
 @String{InfProcLet = "Inform. Process. Lett." }
 @String{InstMathApp = "Journal of the Institute of Mathematics and
     its Applications" }
 @String{InstMathApp = "J. Inst. Math. Appl." }
 @String{IntControl = "International Journal of Control" }
 @String{IntControl = "Internat. J. Control" }
 @String{IntNumerEng = "International Journal for Numerical Methods in
     Engineering" }
 @String{IntNumerEng = "Internat. J. Numer. Methods Engrg." }
 @String{IntSuper = "International Journal of Supercomputing Applications" }
 @String{IntSuper = "Internat. J. Supercomputing Applic." } % didn't find
%% in AMS MR
 @String{Kibernetika = "Kibernetika" }
 @String{JResNatBurStand = "Journal of Research of the National Bureau
     of Standards" }
 @String{JResNatBurStand = "J. Res. Nat. Bur. Standards" }
 @String{LinAlgApp = "Linear Algebra and its Applications" }
 @String{LinAlgApp = "Linear Algebra Appl." }
 @String{MathAnaAppl = "Journal of Mathematical Analysis and Applications" }
 @String{MathAnaAppl = "J. Math. Anal. Appl." }
 @String{MathAnnalen = "Mathematische Annalen" }
 @String{MathAnnalen = "Math. Ann." }
 @String{MathPhys = "Journal of Mathematical Physics" }
 @String{MathPhys = "J. Math. Phys." }
 @String{MathComp = "Mathematics of Computation" }
 @String{MathComp = "Math. Comp." }
 @String{MathScand = "Mathematica Scandinavica" }
 @String{MathScand = "Math. Scand." }
 @String{TablesAidsComp = "Mathematical Tables and Other Aids to Computation" }
 @String{TablesAidsComp = "Math. Tables Aids Comput." }
 @String{NumerMath = "Numerische Mathematik" }
 @String{NumerMath = "Numer. Math." }
 @String{PacificMath = "Pacific Journal of Mathematics" }
 @String{PacificMath = "Pacific J. Math." }
 @String{ParDistComp = "Journal of Parallel and Distributed Computing" }
 @String{ParDistComp = "J. Parallel and Distrib. Comput." } % didn't find
%% in AMS MR
 @String{ParComputing = "Parallel Computing" }
 @String{ParComputing = "Parallel Comput." }
 @String{PhilMag = "Philosophical Magazine" }
 @String{PhilMag = "Philos. Mag." }
 @String{ProcNAS = "Proceedings of the National Academy of Sciences
                    of the USA" }
 @String{ProcNAS = "Proc. Nat. Acad. Sci. U. S. A." }
 @String{Psychometrika = "Psychometrika" }
 @String{QuartMath = "Quarterly Journal of Mathematics, Oxford, Series (2)" }
 @String{QuartMath = "Quart. J. Math. Oxford Ser. (2)" }
 @String{QuartApplMath = "Quarterly of Applied Mathematics" }
 @String{QuartApplMath = "Quart. Appl. Math." }
 @String{RevueInstStat = "Review of the International Statisical Institute" }
 @String{RevueInstStat = "Rev. Inst. Internat. Statist." }

 %SIAM
 @String{JSIAM = "Journal of the Society for Industrial and Applied
     Mathematics" }
 @String{JSIAM = "J. Soc. Indust. Appl. Math." }
 @String{JSIAMB = "Journal of the Society for Industrial and Applied
     Mathematics, Series B, Numerical Analysis" }
 @String{JSIAMB = "J. Soc. Indust. Appl. Math. Ser. B Numer. Anal." }
 @String{SIAMAlgMeth = "{SIAM} Journal on Algebraic and Discrete Methods" }
 @String{SIAMAlgMeth = "{SIAM} J. Algebraic Discrete Methods" }
 @String{SIAMAppMath = "{SIAM} Journal on Applied Mathematics" }
 @String{SIAMAppMath = "{SIAM} J. Appl. Math." }
 @String{SIAMComp = "{SIAM} Journal on Computing" }
 @String{SIAMComp = "{SIAM} J. Comput." }
 @String{SIAMMatrix = "{SIAM} Journal on Matrix Analysis and Applications" }
 @String{SIAMMatrix = "{SIAM} J. Matrix Anal. Appl." }
 @String{SIAMNumAnal = "{SIAM} Journal on Numerical Analysis" }
 @String{SIAMNumAnal = "{SIAM} J. Numer. Anal." }
 @String{SIAMReview = "{SIAM} Review" }
 @String{SIAMReview = "{SIAM} Rev." }
 @String{SIAMSciStat = "{SIAM} Journal on Scientific and Statistical
     Computing" }
 @String{SIAMSciStat = "{SIAM} J. Sci. Statist. Comput." }

 @String{SoftPracExp = "Software Practice and Experience" }
 @String{SoftPracExp = "Software Prac. Experience" } % didn't find in AMS MR
 @String{StatScience = "Statistical Science" }
 @String{StatScience = "Statist. Sci." }
 @String{Techno = "Technometrics" }
 @String{USSRCompMathPhys = "{USSR} Computational Mathematics and Mathematical
     Physics" }
 @String{USSRCompMathPhys = "{U. S. S. R.} Comput. Math. and Math. Phys." }
 @String{VLSICompSys = "Journal of {VLSI} and Computer Systems" }
 @String{VLSICompSys = "J. {VLSI} Comput. Syst." }
 @String{ZAngewMathMech = "Zeitschrift fur Angewandte Mathematik und
     Mechanik" }
 @String{ZAngewMathMech = "Z. Angew. Math. Mech." }
 @String{ZAngewMathPhys = "Zeitschrift fur Angewandte Mathematik und Physik" }
 @String{ZAngewMathPhys = "Z. Angew. Math. Phys." }

% Publishers % ================================================= |

 @String{Academic = "Academic Press" }
 @String{ACMPress = "{ACM} Press" }
 @String{AdamHilger = "Adam Hilger" }
 @String{AddisonWesley = "Addison-Wesley" }
 @String{AllynBacon = "Allyn and Bacon" }
 @String{AMS = "American Mathematical Society" }
 @String{Birkhauser = "Birkha{\"u}ser" }
 @String{CambridgePress = "Cambridge University Press" }
 @String{Chelsea = "Chelsea" }
 @String{ClaredonPress = "Claredon Press" }
 @String{DoverPub = "Dover Publications" }
 @String{Eyolles = "Eyolles" }
 @String{HoltRinehartWinston = "Holt, Rinehart and Winston" }
 @String{Interscience = "Interscience" }
 @String{JohnsHopkinsPress = "The Johns Hopkins University Press" }
 @String{JohnWileySons = "John Wiley and Sons" }
 @String{Macmillan = "Macmillan" }
 @String{MathWorks = "The Math Works Inc." }
 @String{McGrawHill = "McGraw-Hill" }
 @String{NatBurStd = "National Bureau of Standards" }
 @String{NorthHolland = "North-Holland" }
 @String{OxfordPress = "Oxford University Press" }  %address Oxford or London?
 @String{PergamonPress = "Pergamon Press" }
 @String{PlenumPress = "Plenum Press" }
 @String{PrenticeHall = "Prentice-Hall" }
 @String{SIAMPub = "{SIAM} Publications" }
 @String{Springer = "Springer-Verlag" }
 @String{TexasPress = "University of Texas Press" }
 @String{VanNostrand = "Van Nostrand" }
 @String{WHFreeman = "W. H. Freeman and Co." }

@article{gao2023gm2nas,
    author = {Gao, Jianliang and Al-Sabri, Raeed and Oloulade, Babatounde Moctard and Chen, Jiamin and Lyu, Tengfei and Wu, Zhenpeng},
    journal = {Knowledge and Information Systems},
    number = {10},
    pages = {4021--4054},
    publisher = {Springer},
    title = {GM2NAS: multitask multiview graph neural architecture search},
    volume = {65},
    year = {2023}
}

@article{oloulade2023neural,
    author = {Oloulade, Babatounde Moctard and Gao, Jianliang and Chen, Jiamin and Al-Sabri, Raeed and Lyu, Tengfei},
    journal = {Machine Learning},
    number = {4},
    pages = {1315--1335},
    publisher = {Springer},
    title = {Neural predictor-based automated graph classifier framework},
    volume = {112},
    year = {2023}
}

@article{al2022multi,
    author = {Al-Sabri, Raeed and Gao, Jianliang and Chen, Jiamin and Oloulade, Babatounde Moctard and Lyu, Tengfei},
    journal = {IEEE/ACM Transactions on Computational Biology and Bioinformatics},
    number = {2},
    pages = {1221--1233},
    publisher = {IEEE},
    title = {Multi-view graph neural architecture search for biomedical entity and relation extraction},
    volume = {20},
    year = {2022}
}

@inproceedings{gao2023decoupled,
    author = {Gao, Jianliang and He, Changlong and Chen, Jiamin and Li, Qiutong and Wang, Yili},
    booktitle = {Proceedings of the 35th International Conference on Scientific and Statistical Database Management},
    pages = {1--4},
    title = {Decoupled Graph Neural Architecture Search with Variable Propagation Operation and Appropriate Depth},
    year = {2023}
}

@article{chen2022auto,
    author = {Chen, Jiamin and Gao, Jianliang and Chen, Yibo and Oloulade, Babatounde Moctard and Lyu, Tengfei and Li, Zhao},
    journal = {IEEE Transactions on Parallel and Distributed Systems},
    number = {11},
    pages = {3117--3128},
    publisher = {IEEE},
    title = {Auto-GNAS: A parallel graph neural architecture search framework},
    volume = {33},
    year = {2022}
}

@inproceedings{lyu2022spatio,
    author = {Lyu, Xinqi and Chen, Yibo and Chen, Jiamin and Liu, Xiangyue and Gao, Jianliang},
    booktitle = {2022 IEEE International Conference on Big Data (Big Data)},
    organization = {IEEE},
    pages = {1304--1309},
    title = {Spatio-Temporal Based Architecture Topology Search for Multivariate Time Series Prediction},
    year = {2022}
}

@inproceedings{chen2021graphpas,
    author = {Chen, Jiamin and Gao, Jianliang and Chen, Yibo and Oloulade, Moctard Babatounde and Lyu, Tengfei and Li, Zhao},
    booktitle = {Proceedings of the 44th International ACM SIGIR Conference on Research and Development in Information Retrieval},
    pages = {2182--2186},
    title = {Graphpas: Parallel architecture search for graph neural networks},
    year = {2021}
}

@article{shinn2024reflexion,
    author = {Shinn, Noah and Cassano, Federico and Gopinath, Ashwin and Narasimhan, Karthik and Yao, Shunyu},
    journal = {Advances in Neural Information Processing Systems},
    title = {Reflexion: Language agents with verbal reinforcement learning},
    volume = {36},
    year = {2024}
}

@article{lin2024swiftsage,
    author = {Lin, Bill Yuchen and Fu, Yicheng and Yang, Karina and Brahman, Faeze and Huang, Shiyu and Bhagavatula, Chandra and Ammanabrolu, Prithviraj and Choi, Yejin and Ren, Xiang},
    journal = {Advances in Neural Information Processing Systems},
    title = {Swiftsage: A generative agent with fast and slow thinking for complex interactive tasks},
    volume = {36},
    year = {2024}
}

@article{wang2024can,
    author = {Wang, Heng and Feng, Shangbin and He, Tianxing and Tan, Zhaoxuan and Han, Xiaochuang and Tsvetkov, Yulia},
    journal = {Advances in Neural Information Processing Systems},
    title = {Can language models solve graph problems in natural language?},
    volume = {36},
    year = {2024}
}

@article{huang2023can,
    author = {Huang, Jin and Zhang, Xingjian and Mei, Qiaozhu and Ma, Jiaqi},
    journal = {ArXiv preprint},
    title = {Can llms effectively leverage graph structural information: when and why},
    volume = {abs/2309.16595},
    year = {2023}
}

@article{zhang2023llm4dyg,
    author = {Zhang, Zeyang and Wang, Xin and Zhang, Ziwei and Li, Haoyang and Qin, Yijian and Wu, Simin and Zhu, Wenwu},
    journal = {ArXiv preprint},
    title = {LLM4DyG: Can Large Language Models Solve Problems on Dynamic Graphs?},
    volume = {abs/2310.17110},
    year = {2023}
}

@inproceedings{adhikari2020learning,
    author = {Ashutosh Adhikari and
Xingdi Yuan and
Marc{-}Alexandre C{\^{o}}t{\'{e}} and
Mikul{\'{a}}{\^{s}} Zelinka and
Marc{-}Antoine Rondeau and
Romain Laroche and
Pascal Poupart and
Jian Tang and
Adam Trischler and
William L. Hamilton},
    booktitle = {Advances in Neural Information Processing Systems 33: Annual Conference
on Neural Information Processing Systems 2020, NeurIPS 2020, December
6-12, 2020, virtual},
    editor = {Hugo Larochelle and
Marc'Aurelio Ranzato and
Raia Hadsell and
Maria{-}Florina Balcan and
Hsuan{-}Tien Lin},
    timestamp = {Tue, 19 Jan 2021 00:00:00 +0100},
    title = {Learning Dynamic Belief Graphs to Generalize on Text-Based Games},
    year = {2020}
}

@inproceedings{ammanabrolu2021learning,
    author = {Prithviraj Ammanabrolu and
Mark O. Riedl},
    booktitle = {Advances in Neural Information Processing Systems 34: Annual Conference
on Neural Information Processing Systems 2021, NeurIPS 2021, December
6-14, 2021, virtual},
    editor = {Marc'Aurelio Ranzato and
Alina Beygelzimer and
Yann N. Dauphin and
Percy Liang and
Jennifer Wortman Vaughan},
    pages = {3720--3731},
    timestamp = {Tue, 03 May 2022 01:00:00 +0200},
    title = {Learning Knowledge Graph-based World Models of Textual Environments},
    year = {2021}
}

@inproceedings{andreas2022language,
    address = {Abu Dhabi, United Arab Emirates},
    author = {Andreas, Jacob},
    booktitle = {Findings of the Association for Computational Linguistics: EMNLP 2022},
    pages = {5769--5779},
    publisher = {Association for Computational Linguistics},
    title = {Language Models as Agent Models},
    year = {2022}
}

@article{anil2023palm,
    author = {Anil, Rohan and Dai, Andrew M and Firat, Orhan and Johnson, Melvin and Lepikhin, Dmitry and Passos, Alexandre and Shakeri, Siamak and Taropa, Emanuel and Bailey, Paige and Chen, Zhifeng and others},
    journal = {ArXiv preprint},
    title = {Palm 2 technical report},
    year = {2023}
}

@inproceedings{APPNP,
    author = {Johannes Klicpera and Aleksandar Bojchevski and Stephan Günnemann},
    booktitle = {Proc. of ICLR},
    title = {Combining Neural Networks with Personalized PageRank for Classification on Graphs},
    year = {2019}
}

@inproceedings{ArjonaMedina2018RUDDERRD,
    author = {Jose A. Arjona{-}Medina and
Michael Gillhofer and
Michael Widrich and
Thomas Unterthiner and
Johannes Brandstetter and
Sepp Hochreiter},
    booktitle = {Advances in Neural Information Processing Systems 32: Annual Conference
on Neural Information Processing Systems 2019, NeurIPS 2019, December
8-14, 2019, Vancouver, BC, Canada},
    editor = {Hanna M. Wallach and
Hugo Larochelle and
Alina Beygelzimer and
Florence d'Alch{\'{e}}{-}Buc and
Emily B. Fox and
Roman Garnett},
    pages = {13544--13555},
    timestamp = {Thu, 21 Jan 2021 00:00:00 +0100},
    title = {{RUDDER:} Return Decomposition for Delayed Rewards},
    year = {2019}
}

@article{ARMA,
    author = {Bianchi, Filippo Maria and Grattarola, Daniele and Livi, Lorenzo and Alippi, Cesare},
    journal = {IEEE Transactions on Pattern Analysis and Machine Intelligence},
    title = {Graph Neural Networks With Convolutional ARMA Filters},
    year = {2022}
}

@inproceedings{AutoGL,
    author = {Chaoyu Guan and
Xin Wang and
Wenwu Zhu},
    booktitle = {Proceedings of the 38th International Conference on Machine Learning,
{ICML} 2021, 18-24 July 2021, Virtual Event},
    editor = {Marina Meila and
Tong Zhang},
    pages = {3864--3874},
    publisher = {{PMLR}},
    series = {Proceedings of Machine Learning Research},
    timestamp = {Wed, 25 Aug 2021 01:00:00 +0200},
    title = {AutoAttend: Automated Attention Representation Search},
    volume = {139},
    year = {2021}
}

@article{AutoGNN,
    author = {Zhou, Kaixiong and Huang, Xiao and Song, Qingquan and Chen, Rui and Hu, Xia},
    journal = {Frontiers in big Data},
    title = {Auto-gnn: Neural architecture search of graph neural networks},
    year = {2022}
}

@inproceedings{Bahdanau2014NeuralMT,
    author = {Dzmitry Bahdanau and
Kyunghyun Cho and
Yoshua Bengio},
    booktitle = {3rd International Conference on Learning Representations, {ICLR} 2015,
San Diego, CA, USA, May 7-9, 2015, Conference Track Proceedings},
    editor = {Yoshua Bengio and
Yann LeCun},
    timestamp = {Fri, 29 Mar 2019 00:00:00 +0100},
    title = {Neural Machine Translation by Jointly Learning to Align and Translate},
    year = {2015}
}

@article{batzner20223,
    author = {Batzner, Simon and Musaelian, Albert and Sun, Lixin and Geiger, Mario and Mailoa, Jonathan P and Kornbluth, Mordechai and Molinari, Nicola and Smidt, Tess E and Kozinsky, Boris},
    journal = {Nature communications},
    title = {E (3)-equivariant graph neural networks for data-efficient and accurate interatomic potentials},
    year = {2022}
}

@article{Bello2016NeuralCO,
    author = {Irwan Bello and Hieu Pham and Quoc V. Le and Mohammad Norouzi and Samy Bengio},
    journal = {CoRR},
    title = {Neural Combinatorial Optimization with Reinforcement Learning},
    year = {2016}
}

@inproceedings{Bello2017NeuralOS,
    author = {Irwan Bello and
Barret Zoph and
Vijay Vasudevan and
Quoc V. Le},
    booktitle = {Proceedings of the 34th International Conference on Machine Learning,
{ICML} 2017, Sydney, NSW, Australia, 6-11 August 2017},
    editor = {Doina Precup and
Yee Whye Teh},
    pages = {459--468},
    publisher = {{PMLR}},
    series = {Proceedings of Machine Learning Research},
    timestamp = {Wed, 03 Apr 2019 01:00:00 +0200},
    title = {Neural Optimizer Search with Reinforcement Learning},
    volume = {70},
    year = {2017}
}

@article{blondel2008fast,
    author = {Blondel, Vincent D and Guillaume, Jeanloup and Lambiotte, Renaud and Lefebvre, Etienne},
    journal = {Journal of Statistical Mechanics: Theory and Experiment},
    title = {Fast unfolding of communities in large networks},
    year = {2008}
}

@article{boiko2023emergent,
    author = {Boiko, Daniil A and MacKnight, Robert and Gomes, Gabe},
    journal = {ArXiv preprint},
    title = {Emergent autonomous scientific research capabilities of large language models},
    year = {2023}
}

@article{bordt2023chatgpt,
    author = {Bordt, Sebastian and von Luxburg, Ulrike},
    journal = {ArXiv preprint},
    title = {Chatgpt participates in a computer science exam},
    year = {2023}
}

@article{bran2023chemcrow,
    author = {Bran, Andres M and Cox, Sam and White, Andrew D and Schwaller, Philippe},
    journal = {ArXiv preprint},
    title = {ChemCrow: Augmenting large-language models with chemistry tools},
    year = {2023}
}

@inproceedings{brown2020language,
    author = {Tom B. Brown and
Benjamin Mann and
Nick Ryder and
Melanie Subbiah and
Jared Kaplan and
Prafulla Dhariwal and
Arvind Neelakantan and
Pranav Shyam and
Girish Sastry and
Amanda Askell and
Sandhini Agarwal and
Ariel Herbert{-}Voss and
Gretchen Krueger and
Tom Henighan and
Rewon Child and
Aditya Ramesh and
Daniel M. Ziegler and
Jeffrey Wu and
Clemens Winter and
Christopher Hesse and
Mark Chen and
Eric Sigler and
Mateusz Litwin and
Scott Gray and
Benjamin Chess and
Jack Clark and
Christopher Berner and
Sam McCandlish and
Alec Radford and
Ilya Sutskever and
Dario Amodei},
    booktitle = {Advances in Neural Information Processing Systems 33: Annual Conference
on Neural Information Processing Systems 2020, NeurIPS 2020, December
6-12, 2020, virtual},
    editor = {Hugo Larochelle and
Marc'Aurelio Ranzato and
Raia Hadsell and
Maria{-}Florina Balcan and
Hsuan{-}Tien Lin},
    timestamp = {Tue, 19 Jan 2021 00:00:00 +0100},
    title = {Language Models are Few-Shot Learners},
    year = {2020}
}

@inproceedings{Bruna2013SpectralNA,
    author = {Joan Bruna and
Wojciech Zaremba and
Arthur Szlam and
Yann LeCun},
    booktitle = {2nd International Conference on Learning Representations, {ICLR} 2014,
Banff, AB, Canada, April 14-16, 2014, Conference Track Proceedings},
    editor = {Yoshua Bengio and
Yann LeCun},
    timestamp = {Fri, 29 Mar 2019 00:00:00 +0100},
    title = {Spectral Networks and Locally Connected Networks on Graphs},
    year = {2014}
}

@article{bubeck2023sparks,
    author = {Bubeck, S{\'e}bastien and Chandrasekaran, Varun and Eldan, Ronen and Gehrke, Johannes and Horvitz, Eric and Kamar, Ece and Lee, Peter and Lee, Yin Tat and Li, Yuanzhi and Lundberg, Scott and others},
    journal = {ArXiv preprint},
    title = {Sparks of artificial general intelligence: Early experiments with gpt-4},
    year = {2023}
}

@inproceedings{Cai2018ProxylessNASDN,
    author = {Han Cai and
Ligeng Zhu and
Song Han},
    booktitle = {7th International Conference on Learning Representations, {ICLR} 2019,
New Orleans, LA, USA, May 6-9, 2019},
    publisher = {OpenReview.net},
    timestamp = {Tue, 24 Nov 2020 00:00:00 +0100},
    title = {ProxylessNAS: Direct Neural Architecture Search on Target Task and
Hardware},
    year = {2019}
}

@inproceedings{cai2022multimodal,
    author = {Cai, Jie and Wang, Xin and Guan, Chaoyu and Tang, Yateng and Xu, Jin and Zhong, Bin and Zhu, Wenwu},
    booktitle = {Proceedings of the ACM Web Conference 2022},
    title = {Multimodal continual graph learning with neural architecture search},
    year = {2022}
}

@article{cao2023comprehensive,
    author = {Cao, Yihan and Li, Siyu and Liu, Yixin and Yan, Zhiling and Dai, Yutong and Yu, Philip S and Sun, Lichao},
    journal = {ArXiv preprint},
    title = {A comprehensive survey of ai-generated content (aigc): A history of generative ai from gan to chatgpt},
    year = {2023}
}

@inproceedings{Chiang2019ClusterGCNAE,
    author = {Wei{-}Lin Chiang and
Xuanqing Liu and
Si Si and
Yang Li and
Samy Bengio and
Cho{-}Jui Hsieh},
    booktitle = {Proceedings of the 25th {ACM} {SIGKDD} International Conference on
Knowledge Discovery {\&} Data Mining, {KDD} 2019, Anchorage, AK, USA,
August 4-8, 2019},
    doi = {10.1145/3292500.3330925},
    editor = {Ankur Teredesai and
Vipin Kumar and
Ying Li and
R{\'{o}}mer Rosales and
Evimaria Terzi and
George Karypis},
    pages = {257--266},
    publisher = {{ACM}},
    timestamp = {Thu, 26 Sep 2019 01:00:00 +0200},
    title = {Cluster-GCN: An Efficient Algorithm for Training Deep and Large Graph
Convolutional Networks},
    year = {2019}
}

@inproceedings{choi2022graph,
    author = {Jeongwhan Choi and
Hwangyong Choi and
Jeehyun Hwang and
Noseong Park},
    booktitle = {Thirty-Sixth {AAAI} Conference on Artificial Intelligence, {AAAI}
2022, Thirty-Fourth Conference on Innovative Applications of Artificial
Intelligence, {IAAI} 2022, The Twelveth Symposium on Educational Advances
in Artificial Intelligence, {EAAI} 2022 Virtual Event, February 22
- March 1, 2022},
    pages = {6367--6374},
    publisher = {{AAAI} Press},
    timestamp = {Mon, 11 Jul 2022 01:00:00 +0200},
    title = {Graph Neural Controlled Differential Equations for Traffic Forecasting},
    year = {2022}
}

@inproceedings{Dai2018LearningSO,
    author = {Hanjun Dai and
Zornitsa Kozareva and
Bo Dai and
Alexander J. Smola and
Le Song},
    booktitle = {Proceedings of the 35th International Conference on Machine Learning,
{ICML} 2018, Stockholmsm{\"{a}}ssan, Stockholm, Sweden, July 10-15,
2018},
    editor = {Jennifer G. Dy and
Andreas Krause},
    pages = {1114--1122},
    publisher = {{PMLR}},
    series = {Proceedings of Machine Learning Research},
    timestamp = {Wed, 03 Apr 2019 01:00:00 +0200},
    title = {Learning Steady-States of Iterative Algorithms over Graphs},
    volume = {80},
    year = {2018}
}

@inproceedings{DBLP:conf/acl/LewisLGGMLSZ20,
    address = {Online},
    author = {Lewis, Mike  and
Liu, Yinhan  and
Goyal, Naman  and
Ghazvininejad, Marjan  and
Mohamed, Abdelrahman  and
Levy, Omer  and
Stoyanov, Veselin  and
Zettlemoyer, Luke},
    booktitle = {Proceedings of the 58th Annual Meeting of the Association for Computational Linguistics},
    doi = {10.18653/v1/2020.acl-main.703},
    pages = {7871--7880},
    publisher = {Association for Computational Linguistics},
    title = {{BART}: Denoising Sequence-to-Sequence Pre-training for Natural Language Generation, Translation, and Comprehension},
    year = {2020}
}

@inproceedings{DBLP:conf/cikm/HanXSSMHL20,
    author = {Zhenyu Han and
Fengli Xu and
Jinghan Shi and
Yu Shang and
Haorui Ma and
Pan Hui and
Yong Li},
    booktitle = {{CIKM} '20: The 29th {ACM} International Conference on Information
and Knowledge Management, Virtual Event, Ireland, October 19-23, 2020},
    doi = {10.1145/3340531.3412015},
    editor = {Mathieu d'Aquin and
Stefan Dietze and
Claudia Hauff and
Edward Curry and
Philippe Cudr{\'{e}}{-}Mauroux},
    pages = {455--464},
    publisher = {{ACM}},
    timestamp = {Mon, 19 Oct 2020 01:00:00 +0200},
    title = {Genetic Meta-Structure Search for Recommendation on Heterogeneous
Information Network},
    year = {2020}
}

@inproceedings{DBLP:conf/cvpr/Cai0DZZ0H21,
    author = {Shaofei Cai and
Liang Li and
Jincan Deng and
Beichen Zhang and
Zheng{-}Jun Zha and
Li Su and
Qingming Huang},
    booktitle = {{IEEE} Conference on Computer Vision and Pattern Recognition, {CVPR}
2021, virtual, June 19-25, 2021},
    doi = {10.1109/CVPR46437.2021.00659},
    pages = {6657--6666},
    publisher = {Computer Vision Foundation / {IEEE}},
    timestamp = {Wed, 07 Dec 2022 00:00:00 +0100},
    title = {Rethinking Graph Neural Architecture Search From Message-Passing},
    year = {2021}
}

@inproceedings{DBLP:conf/cvpr/ChenGCLZWT21,
    author = {Yaofo Chen and
Yong Guo and
Qi Chen and
Minli Li and
Wei Zeng and
Yaowei Wang and
Mingkui Tan},
    booktitle = {{IEEE} Conference on Computer Vision and Pattern Recognition, {CVPR}
2021, virtual, June 19-25, 2021},
    doi = {10.1109/CVPR46437.2021.00938},
    pages = {9502--9511},
    publisher = {Computer Vision Foundation / {IEEE}},
    timestamp = {Mon, 18 Jul 2022 01:00:00 +0200},
    title = {Contrastive Neural Architecture Search With Neural Architecture Comparators},
    year = {2021}
}

@inproceedings{DBLP:conf/cvpr/LiQD0TG20,
    author = {Guohao Li and
Guocheng Qian and
Itzel C. Delgadillo and
Matthias M{\"{u}}ller and
Ali K. Thabet and
Bernard Ghanem},
    booktitle = {2020 {IEEE/CVF} Conference on Computer Vision and Pattern Recognition,
{CVPR} 2020, Seattle, WA, USA, June 13-19, 2020},
    doi = {10.1109/CVPR42600.2020.00169},
    pages = {1617--1627},
    publisher = {{IEEE}},
    timestamp = {Tue, 29 Dec 2020 00:00:00 +0100},
    title = {{SGAS:} Sequential Greedy Architecture Search},
    year = {2020}
}

@inproceedings{DBLP:conf/cvpr/Perez-RuaVPBJ19,
    author = {Juan{-}Manuel Perez{-}Rua and
Valentin Vielzeuf and
St{\'{e}}phane Pateux and
Moez Baccouche and
Fr{\'{e}}d{\'{e}}ric Jurie},
    booktitle = {{IEEE} Conference on Computer Vision and Pattern Recognition, {CVPR}
2019, Long Beach, CA, USA, June 16-20, 2019},
    doi = {10.1109/CVPR.2019.00713},
    pages = {6966--6975},
    publisher = {Computer Vision Foundation / {IEEE}},
    timestamp = {Mon, 20 Jan 2020 00:00:00 +0100},
    title = {{MFAS:} Multimodal Fusion Architecture Search},
    year = {2019}
}

@inproceedings{DBLP:conf/cvpr/SzegedyLJSRAEVR15,
    author = {Christian Szegedy and
Wei Liu and
Yangqing Jia and
Pierre Sermanet and
Scott E. Reed and
Dragomir Anguelov and
Dumitru Erhan and
Vincent Vanhoucke and
Andrew Rabinovich},
    booktitle = {{IEEE} Conference on Computer Vision and Pattern Recognition, {CVPR}
2015, Boston, MA, USA, June 7-12, 2015},
    doi = {10.1109/CVPR.2015.7298594},
    pages = {1--9},
    publisher = {{IEEE} Computer Society},
    timestamp = {Wed, 14 Nov 2018 00:00:00 +0100},
    title = {Going deeper with convolutions},
    year = {2015}
}

@inproceedings{DBLP:conf/cvpr/WuDZWSWTVJK19,
    author = {Bichen Wu and
Xiaoliang Dai and
Peizhao Zhang and
Yanghan Wang and
Fei Sun and
Yiming Wu and
Yuandong Tian and
Peter Vajda and
Yangqing Jia and
Kurt Keutzer},
    booktitle = {{IEEE} Conference on Computer Vision and Pattern Recognition, {CVPR}
2019, Long Beach, CA, USA, June 16-20, 2019},
    doi = {10.1109/CVPR.2019.01099},
    pages = {10734--10742},
    publisher = {Computer Vision Foundation / {IEEE}},
    timestamp = {Mon, 20 Jan 2020 00:00:00 +0100},
    title = {FBNet: Hardware-Aware Efficient ConvNet Design via Differentiable
Neural Architecture Search},
    year = {2019}
}

@inproceedings{DBLP:conf/cvpr/XieCZWWZY023,
    author = {Beini Xie and
Heng Chang and
Ziwei Zhang and
Xin Wang and
Daixin Wang and
Zhiqiang Zhang and
Rex Ying and
Wenwu Zhu},
    booktitle = {Proc. of CVPR},
    title = {Adversarially Robust Neural Architecture Search for Graph Neural Networks},
    year = {2023}
}

@inproceedings{DBLP:conf/eccv/GuoZMHLWS20,
    author = {Zichao Guo and
Xiangyu Zhang and
Haoyuan Mu and
Wen Heng and
Zechun Liu and
Yichen Wei and
Jian Sun},
    booktitle = {Proc. of ECCV},
    title = {Single Path One-Shot Neural Architecture Search with Uniform Sampling},
    year = {2020}
}

@inproceedings{DBLP:conf/emnlp/LuongPM15,
    address = {Lisbon, Portugal},
    author = {Luong, Thang  and
Pham, Hieu  and
Manning, Christopher D.},
    booktitle = {Proceedings of the 2015 Conference on Empirical Methods in Natural Language Processing},
    doi = {10.18653/v1/D15-1166},
    pages = {1412--1421},
    publisher = {Association for Computational Linguistics},
    title = {Effective Approaches to Attention-based Neural Machine Translation},
    year = {2015}
}

@inproceedings{DBLP:conf/icde/ZhangYDC20,
    author = {Yongqi Zhang and
Quanming Yao and
Wenyuan Dai and
Lei Chen},
    booktitle = {Proc. of ICDE},
    title = {AutoSF: Searching Scoring Functions for Knowledge Graph Embedding},
    year = {2020}
}

@inproceedings{DBLP:conf/icde/ZhaoYT21,
    author = {Huan, ZHAO and Quanming, YAO and Weiwei, TU},
    booktitle = {2021 IEEE 37th International Conference on Data Engineering (ICDE)},
    title = {Search to aggregate neighborhood for graph neural network},
    year = {2021}
}

@inproceedings{DBLP:conf/icdm/GaoZLZLH21,
    author = {Gao, Yang and Zhang, Peng and Li, Zhao and Zhou, Chuan and Liu, Yongchao and Hu, Yue},
    booktitle = {Proc. of ICDM},
    title = {Heterogeneous Graph Neural Architecture Search},
    year = {2021}
}

@inproceedings{DBLP:conf/iclr/HeLGC21,
    author = {Pengcheng He and
Xiaodong Liu and
Jianfeng Gao and
Weizhu Chen},
    booktitle = {9th International Conference on Learning Representations, {ICLR} 2021,
Virtual Event, Austria, May 3-7, 2021},
    publisher = {OpenReview.net},
    timestamp = {Mon, 30 May 2022 01:00:00 +0200},
    title = {Deberta: decoding-Enhanced Bert with Disentangled Attention},
    year = {2021}
}

@inproceedings{DBLP:conf/iclr/Jolicoeur-Martineau19,
    author = {Alexia Jolicoeur{-}Martineau},
    booktitle = {7th International Conference on Learning Representations, {ICLR} 2019,
New Orleans, LA, USA, May 6-9, 2019},
    publisher = {OpenReview.net},
    timestamp = {Thu, 25 Jul 2019 01:00:00 +0200},
    title = {The relativistic discriminator: a key element missing from standard
{GAN}},
    year = {2019}
}

@inproceedings{DBLP:conf/iclr/LanCGGSS20,
    author = {Zhenzhong Lan and
Mingda Chen and
Sebastian Goodman and
Kevin Gimpel and
Piyush Sharma and
Radu Soricut},
    booktitle = {8th International Conference on Learning Representations, {ICLR} 2020,
Addis Ababa, Ethiopia, April 26-30, 2020},
    publisher = {OpenReview.net},
    timestamp = {Thu, 07 May 2020 01:00:00 +0200},
    title = {{ALBERT:} {A} Lite {BERT} for Self-supervised Learning of Language
Representations},
    year = {2020}
}

@inproceedings{DBLP:conf/iclr/LiaoBTGUZ18,
    author = {Renjie Liao and
Marc Brockschmidt and
Daniel Tarlow and
Alexander L. Gaunt and
Raquel Urtasun and
Richard S. Zemel},
    booktitle = {ICLR },
    title = {Graph Partition Neural Networks for Semi-Supervised Classification},
    year = {2018}
}

@inproceedings{DBLP:conf/iclr/LiuSVFK18,
    author = {Hanxiao Liu and
Karen Simonyan and
Oriol Vinyals and
Chrisantha Fernando and
Koray Kavukcuoglu},
    booktitle = {6th International Conference on Learning Representations, {ICLR} 2018,
Vancouver, BC, Canada, April 30 - May 3, 2018, Conference Track Proceedings},
    publisher = {OpenReview.net},
    timestamp = {Thu, 25 Jul 2019 01:00:00 +0200},
    title = {Hierarchical Representations for Efficient Architecture Search},
    year = {2018}
}

@inproceedings{DBLP:conf/iclr/SunDNT19,
    author = {Zhiqing Sun and
Zhi{-}Hong Deng and
Jian{-}Yun Nie and
Jian Tang},
    booktitle = {7th International Conference on Learning Representations, {ICLR} 2019,
New Orleans, LA, USA, May 6-9, 2019},
    publisher = {OpenReview.net},
    timestamp = {Thu, 25 Jul 2019 01:00:00 +0200},
    title = {RotatE: Knowledge Graph Embedding by Relational Rotation in Complex
Space},
    year = {2019}
}

@inproceedings{DBLP:conf/iclr/WeiBZGYLDDL22,
    author = {Jason Wei and
Maarten Bosma and
Vincent Y. Zhao and
Kelvin Guu and
Adams Wei Yu and
Brian Lester and
Nan Du and
Andrew M. Dai and
Quoc V. Le},
    booktitle = {The Tenth International Conference on Learning Representations, {ICLR}
2022, Virtual Event, April 25-29, 2022},
    publisher = {OpenReview.net},
    timestamp = {Sat, 20 Aug 2022 01:00:00 +0200},
    title = {Finetuned Language Models are Zero-Shot Learners},
    year = {2022}
}

@inproceedings{DBLP:conf/iclr/YuSJMS20,
    author = {Kaicheng Yu and
Christian Sciuto and
Martin Jaggi and
Claudiu Musat and
Mathieu Salzmann},
    booktitle = {8th International Conference on Learning Representations, {ICLR} 2020,
Addis Ababa, Ethiopia, April 26-30, 2020},
    publisher = {OpenReview.net},
    timestamp = {Thu, 07 May 2020 01:00:00 +0200},
    title = {Evaluating The Search Phase of Neural Architecture Search},
    year = {2020}
}

@inproceedings{DBLP:conf/icml/ChandakTKJT19,
    author = {Yash Chandak and
Georgios Theocharous and
James Kostas and
Scott M. Jordan and
Philip S. Thomas},
    booktitle = {Proceedings of the 36th International Conference on Machine Learning,
{ICML} 2019, 9-15 June 2019, Long Beach, California, {USA}},
    editor = {Kamalika Chaudhuri and
Ruslan Salakhutdinov},
    pages = {941--950},
    publisher = {{PMLR}},
    series = {Proceedings of Machine Learning Research},
    timestamp = {Thu, 13 Jun 2019 01:00:00 +0200},
    title = {Learning Action Representations for Reinforcement Learning},
    volume = {97},
    year = {2019}
}

@inproceedings{DBLP:conf/icml/DuHDTLXKZYFZFBZ22,
    author = {Nan Du and
Yanping Huang and
Andrew M. Dai and
Simon Tong and
Dmitry Lepikhin and
Yuanzhong Xu and
Maxim Krikun and
Yanqi Zhou and
Adams Wei Yu and
Orhan Firat and
Barret Zoph and
Liam Fedus and
Maarten P. Bosma and
Zongwei Zhou and
Tao Wang and
Yu Emma Wang and
Kellie Webster and
Marie Pellat and
Kevin Robinson and
Kathleen S. Meier{-}Hellstern and
Toju Duke and
Lucas Dixon and
Kun Zhang and
Quoc V. Le and
Yonghui Wu and
Zhifeng Chen and
Claire Cui},
    booktitle = {International Conference on Machine Learning, {ICML} 2022, 17-23 July
2022, Baltimore, Maryland, {USA}},
    editor = {Kamalika Chaudhuri and
Stefanie Jegelka and
Le Song and
Csaba Szepesv{\'{a}}ri and
Gang Niu and
Sivan Sabato},
    pages = {5547--5569},
    publisher = {{PMLR}},
    series = {Proceedings of Machine Learning Research},
    timestamp = {Tue, 12 Jul 2022 01:00:00 +0200},
    title = {GLaM: Efficient Scaling of Language Models with Mixture-of-Experts},
    volume = {162},
    year = {2022}
}

@inproceedings{DBLP:conf/icml/GilmerSRVD17,
    author = {Justin Gilmer and
Samuel S. Schoenholz and
Patrick F. Riley and
Oriol Vinyals and
George E. Dahl},
    booktitle = {Proceedings of the 34th International Conference on Machine Learning,
{ICML} 2017, Sydney, NSW, Australia, 6-11 August 2017},
    editor = {Doina Precup and
Yee Whye Teh},
    pages = {1263--1272},
    publisher = {{PMLR}},
    series = {Proceedings of Machine Learning Research},
    timestamp = {Wed, 03 Apr 2019 01:00:00 +0200},
    title = {Neural Message Passing for Quantum Chemistry},
    volume = {70},
    year = {2017}
}

@inproceedings{DBLP:conf/icml/GuanWCZZ22,
    author = {Chaoyu Guan and
Xin Wang and
Hong Chen and
Ziwei Zhang and
Wenwu Zhu},
    booktitle = {International Conference on Machine Learning, {ICML} 2022, 17-23 July
2022, Baltimore, Maryland, {USA}},
    editor = {Kamalika Chaudhuri and
Stefanie Jegelka and
Le Song and
Csaba Szepesv{\'{a}}ri and
Gang Niu and
Sivan Sabato},
    pages = {7968--7981},
    publisher = {{PMLR}},
    series = {Proceedings of Machine Learning Research},
    timestamp = {Fri, 15 Jul 2022 01:00:00 +0200},
    title = {Large-Scale Graph Neural Architecture Search},
    volume = {162},
    year = {2022}
}

@inproceedings{DBLP:conf/icml/QinWZX022,
    author = {Yijian Qin and
Xin Wang and
Ziwei Zhang and
Pengtao Xie and
Wenwu Zhu},
    booktitle = {International Conference on Machine Learning, {ICML} 2022, 17-23 July
2022, Baltimore, Maryland, {USA}},
    editor = {Kamalika Chaudhuri and
Stefanie Jegelka and
Le Song and
Csaba Szepesv{\'{a}}ri and
Gang Niu and
Sivan Sabato},
    pages = {18083--18095},
    publisher = {{PMLR}},
    series = {Proceedings of Machine Learning Research},
    timestamp = {Fri, 15 Jul 2022 01:00:00 +0200},
    title = {Graph Neural Architecture Search Under Distribution Shifts},
    volume = {162},
    year = {2022}
}

@inproceedings{DBLP:conf/ijcai/GaoYZ0H20,
    author = {Yang Gao and
Hong Yang and
Peng Zhang and
Chuan Zhou and
Yue Hu},
    booktitle = {Proceedings of the Twenty-Ninth International Joint Conference on
Artificial Intelligence, {IJCAI} 2020},
    doi = {10.24963/ijcai.2020/195},
    editor = {Christian Bessiere},
    pages = {1403--1409},
    publisher = {ijcai.org},
    timestamp = {Mon, 13 Jul 2020 01:00:00 +0200},
    title = {Graph Neural Architecture Search},
    year = {2020}
}

@inproceedings{DBLP:conf/ijcai/ZhangSZK19,
    author = {Jiani Zhang and
Xingjian Shi and
Shenglin Zhao and
Irwin King},
    booktitle = {Proceedings of the Twenty-Eighth International Joint Conference on
Artificial Intelligence, {IJCAI} 2019, Macao, China, August 10-16,
2019},
    doi = {10.24963/ijcai.2019/592},
    editor = {Sarit Kraus},
    pages = {4264--4270},
    publisher = {ijcai.org},
    timestamp = {Tue, 01 Sep 2020 01:00:00 +0200},
    title = {{STAR-GCN:} Stacked and Reconstructed Graph Convolutional Networks
for Recommender Systems},
    year = {2019}
}

@inproceedings{DBLP:conf/ijcai/ZhangW021,
    author = {Ziwei Zhang and
Xin Wang and
Wenwu Zhu},
    booktitle = {Proc. of IJCAI},
    title = {Automated Machine Learning on Graphs: {A} Survey},
    year = {2021}
}

@inproceedings{DBLP:conf/kdd/LaiZZH20,
    author = {Kwei{-}Herng Lai and
Daochen Zha and
Kaixiong Zhou and
Xia Hu},
    booktitle = {{KDD} '20: The 26th {ACM} {SIGKDD} Conference on Knowledge Discovery
and Data Mining, Virtual Event, CA, USA, August 23-27, 2020},
    editor = {Rajesh Gupta and
Yan Liu and
Jiliang Tang and
B. Aditya Prakash},
    pages = {461--471},
    publisher = {{ACM}},
    timestamp = {Mon, 24 Aug 2020 01:00:00 +0200},
    title = {Policy-GNN: Aggregation Optimization for Graph Neural Networks},
    year = {2020}
}

@inproceedings{DBLP:conf/kdd/ZhangSHSC19,
    author = {Chuxu Zhang and
Dongjin Song and
Chao Huang and
Ananthram Swami and
Nitesh V. Chawla},
    booktitle = {Proceedings of the 25th {ACM} {SIGKDD} International Conference on
Knowledge Discovery {\&} Data Mining, {KDD} 2019, Anchorage, AK, USA,
August 4-8, 2019},
    doi = {10.1145/3292500.3330961},
    editor = {Ankur Teredesai and
Vipin Kumar and
Ying Li and
R{\'{o}}mer Rosales and
Evimaria Terzi and
George Karypis},
    pages = {793--803},
    publisher = {{ACM}},
    timestamp = {Wed, 18 Dec 2019 00:00:00 +0100},
    title = {Heterogeneous Graph Neural Network},
    year = {2019}
}

@inproceedings{DBLP:conf/naacl/DevlinCLT19,
    address = {Minneapolis, Minnesota},
    author = {Devlin, Jacob  and
Chang, Ming-Wei  and
Lee, Kenton  and
Toutanova, Kristina},
    booktitle = {Proceedings of the 2019 Conference of the North {A}merican Chapter of the Association for Computational Linguistics: Human Language Technologies, Volume 1 (Long and Short Papers)},
    doi = {10.18653/v1/N19-1423},
    pages = {4171--4186},
    publisher = {Association for Computational Linguistics},
    title = {{BERT}: Pre-training of Deep Bidirectional Transformers for Language Understanding},
    year = {2019}
}

@inproceedings{DBLP:conf/nips/KandasamyNSPX18,
    author = {Kirthevasan Kandasamy and
Willie Neiswanger and
Jeff Schneider and
Barnab{\'{a}}s P{\'{o}}czos and
Eric P. Xing},
    booktitle = {Advances in Neural Information Processing Systems 31: Annual Conference
on Neural Information Processing Systems 2018, NeurIPS 2018, December
3-8, 2018, Montr{\'{e}}al, Canada},
    editor = {Samy Bengio and
Hanna M. Wallach and
Hugo Larochelle and
Kristen Grauman and
Nicol{\`{o}} Cesa{-}Bianchi and
Roman Garnett},
    pages = {2020--2029},
    timestamp = {Thu, 21 Jan 2021 00:00:00 +0100},
    title = {Neural Architecture Search with Bayesian Optimisation and Optimal
Transport},
    year = {2018}
}

@inproceedings{DBLP:conf/nips/Luo0WQCL20,
    author = {Renqian Luo and
Xu Tan and
Rui Wang and
Tao Qin and
Enhong Chen and
Tie{-}Yan Liu},
    booktitle = {Advances in Neural Information Processing Systems 33: Annual Conference
on Neural Information Processing Systems 2020, NeurIPS 2020, December
6-12, 2020, virtual},
    editor = {Hugo Larochelle and
Marc'Aurelio Ranzato and
Raia Hadsell and
Maria{-}Florina Balcan and
Hsuan{-}Tien Lin},
    timestamp = {Tue, 19 Jan 2021 00:00:00 +0100},
    title = {Semi-Supervised Neural Architecture Search},
    year = {2020}
}

@inproceedings{DBLP:conf/nips/LuoTQCL18,
    author = {Renqian Luo and
Fei Tian and
Tao Qin and
Enhong Chen and
Tie{-}Yan Liu},
    booktitle = {Advances in Neural Information Processing Systems 31: Annual Conference
on Neural Information Processing Systems 2018, NeurIPS 2018, December
3-8, 2018, Montr{\'{e}}al, Canada},
    editor = {Samy Bengio and
Hanna M. Wallach and
Hugo Larochelle and
Kristen Grauman and
Nicol{\`{o}} Cesa{-}Bianchi and
Roman Garnett},
    pages = {7827--7838},
    timestamp = {Thu, 21 Jan 2021 00:00:00 +0100},
    title = {Neural Architecture Optimization},
    year = {2018}
}

@inproceedings{DBLP:conf/nips/QinWZZ21,
    author = {Yijian Qin and
Xin Wang and
Zeyang Zhang and
Wenwu Zhu},
    booktitle = {Advances in Neural Information Processing Systems 34: Annual Conference
on Neural Information Processing Systems 2021, NeurIPS 2021, December
6-14, 2021, virtual},
    editor = {Marc'Aurelio Ranzato and
Alina Beygelzimer and
Yann N. Dauphin and
Percy Liang and
Jennifer Wortman Vaughan},
    pages = {16860--16872},
    timestamp = {Tue, 03 May 2022 01:00:00 +0200},
    title = {Graph Differentiable Architecture Search with Structure Learning},
    year = {2021}
}

@inproceedings{DBLP:conf/nips/YanZAZ020,
    author = {Shen Yan and
Yu Zheng and
Wei Ao and
Xiao Zeng and
Mi Zhang},
    booktitle = {Advances in Neural Information Processing Systems 33: Annual Conference
on Neural Information Processing Systems 2020, NeurIPS 2020, December
6-12, 2020, virtual},
    editor = {Hugo Larochelle and
Marc'Aurelio Ranzato and
Raia Hadsell and
Maria{-}Florina Balcan and
Hsuan{-}Tien Lin},
    timestamp = {Tue, 19 Jan 2021 00:00:00 +0100},
    title = {Does Unsupervised Architecture Representation Learning Help Neural
Architecture Search?},
    year = {2020}
}

@inproceedings{DBLP:conf/nips/YouYL20,
    author = {Jiaxuan You and
Zhitao Ying and
Jure Leskovec},
    booktitle = {Advances in Neural Information Processing Systems 33: Annual Conference
on Neural Information Processing Systems 2020, NeurIPS 2020, December
6-12, 2020, virtual},
    editor = {Hugo Larochelle and
Marc'Aurelio Ranzato and
Raia Hadsell and
Maria{-}Florina Balcan and
Hsuan{-}Tien Lin},
    timestamp = {Tue, 19 Jan 2021 00:00:00 +0100},
    title = {Design Space for Graph Neural Networks},
    year = {2020}
}

@inproceedings{DBLP:conf/nips/YunJKKK19,
    author = {Seongjun Yun and
Minbyul Jeong and
Raehyun Kim and
Jaewoo Kang and
Hyunwoo J. Kim},
    booktitle = {Advances in Neural Information Processing Systems 32: Annual Conference
on Neural Information Processing Systems 2019, NeurIPS 2019, December
8-14, 2019, Vancouver, BC, Canada},
    editor = {Hanna M. Wallach and
Hugo Larochelle and
Alina Beygelzimer and
Florence d'Alch{\'{e}}{-}Buc and
Emily B. Fox and
Roman Garnett},
    pages = {11960--11970},
    timestamp = {Thu, 21 Jan 2021 00:00:00 +0100},
    title = {Graph Transformer Networks},
    year = {2019}
}

@inproceedings{DBLP:conf/uai/ZhangSXMKY18,
    author = {Jiani Zhang and
Xingjian Shi and
Junyuan Xie and
Hao Ma and
Irwin King and
Dit{-}Yan Yeung},
    booktitle = {Proceedings of the Thirty-Fourth Conference on Uncertainty in Artificial
Intelligence, {UAI} 2018, Monterey, California, USA, August 6-10,
2018},
    editor = {Amir Globerson and
Ricardo Silva},
    pages = {339--349},
    publisher = {{AUAI} Press},
    timestamp = {Tue, 01 Sep 2020 01:00:00 +0200},
    title = {GaAN: Gated Attention Networks for Learning on Large and Spatiotemporal
Graphs},
    year = {2018}
}

@inproceedings{DBLP:conf/www/0004ZMK20,
    author = {Xinyu Fu and
Jiani Zhang and
Ziqiao Meng and
Irwin King},
    booktitle = {{WWW} '20: The Web Conference 2020, Taipei, Taiwan, April 20-24, 2020},
    doi = {10.1145/3366423.3380297},
    editor = {Yennun Huang and
Irwin King and
Tie{-}Yan Liu and
Maarten van Steen},
    pages = {2331--2341},
    publisher = {{ACM} / {IW3C2}},
    timestamp = {Tue, 01 Sep 2020 01:00:00 +0200},
    title = {{MAGNN:} Metapath Aggregated Graph Neural Network for Heterogeneous
Graph Embedding},
    year = {2020}
}

@inproceedings{DBLP:conf/www/WangJSWYCY19,
    author = {Xiao Wang and
Houye Ji and
Chuan Shi and
Bai Wang and
Yanfang Ye and
Peng Cui and
Philip S. Yu},
    booktitle = {The World Wide Web Conference, {WWW} 2019, San Francisco, CA, USA,
May 13-17, 2019},
    doi = {10.1145/3308558.3313562},
    editor = {Ling Liu and
Ryen W. White and
Amin Mantrach and
Fabrizio Silvestri and
Julian J. McAuley and
Ricardo Baeza{-}Yates and
Leila Zia},
    pages = {2022--2032},
    publisher = {{ACM}},
    timestamp = {Wed, 11 Sep 2019 01:00:00 +0200},
    title = {Heterogeneous Graph Attention Network},
    year = {2019}
}

@article{DBLP:journals/corr/abs-1907-11692,
    author = {Yinhan Liu and
Myle Ott and
Naman Goyal and
Jingfei Du and
Mandar Joshi and
Danqi Chen and
Omer Levy and
Mike Lewis and
Luke Zettlemoyer and
Veselin Stoyanov},
    journal = {CoRR},
    title = {RoBERTa: {A} Robustly Optimized {BERT} Pretraining Approach},
    year = {2019}
}

@inproceedings{DBLP:journals/corr/abs-1911-09070,
    author = {Mingxing Tan and
Ruoming Pang and
Quoc V. Le},
    booktitle = {2020 {IEEE/CVF} Conference on Computer Vision and Pattern Recognition,
{CVPR} 2020, Seattle, WA, USA, June 13-19, 2020},
    doi = {10.1109/CVPR42600.2020.01079},
    pages = {10778--10787},
    publisher = {{IEEE}},
    timestamp = {Tue, 11 Aug 2020 01:00:00 +0200},
    title = {EfficientDet: Scalable and Efficient Object Detection},
    year = {2020}
}

@article{DBLP:journals/corr/abs-1912-05317,
    author = {David Friede an},
    journal = {ArXiv preprint},
    title = {A Variational-Sequential Graph Autoencoder for Neural Architectur},
    year = {2019}
}

@inproceedings{DBLP:journals/corr/abs-2002-10389,
    author = {Renqian Luo and
Xu Tan and
Rui Wang and
Tao Qin and
Enhong Chen and
Tie{-}Yan Liu},
    booktitle = {Advances in Neural Information Processing Systems 33: Annual Conference
on Neural Information Processing Systems 2020, NeurIPS 2020, December
6-12, 2020, virtual},
    editor = {Hugo Larochelle and
Marc'Aurelio Ranzato and
Raia Hadsell and
Maria{-}Florina Balcan and
Hsuan{-}Tien Lin},
    timestamp = {Tue, 19 Jan 2021 00:00:00 +0100},
    title = {Semi-Supervised Neural Architecture Search},
    year = {2020}
}

@inproceedings{DBLP:journals/corr/abs-2005-06305,
    author = {Hai Phan and
Zechun Liu and
Dang Huynh and
Marios Savvides and
Kwang{-}Ting Cheng and
Zhiqiang Shen},
    booktitle = {2020 {IEEE/CVF} Conference on Computer Vision and Pattern Recognition,
{CVPR} 2020, Seattle, WA, USA, June 13-19, 2020},
    doi = {10.1109/CVPR42600.2020.01343},
    pages = {13417--13426},
    publisher = {{IEEE}},
    timestamp = {Tue, 11 Aug 2020 01:00:00 +0200},
    title = {Binarizing MobileNet via Evolution-Based Searching},
    year = {2020}
}

@article{DBLP:journals/corr/abs-2302-13971,
    author = {Hugo Touvron an},
    journal = {ArXiv preprint},
    title = {LLaMA: Open and Efficient Foundation Language Models},
    year = {2023}
}

@article{DBLP:journals/corr/abs-2302-14045,
    author = {Shaohan Huang an},
    journal = {ArXiv preprint},
    title = {Language Is Not All You Need: Aligning Perception with Language Models},
    year = {2023}
}

@article{DBLP:journals/corr/BergKW17,
    author = {van den Berg, Rianne and Kipf, Thomas N and Welling, Max},
    title = {Graph Convolutional Matrix Completion},
    year = {2018}
}

@article{DBLP:journals/corr/WuSCLNMKCGMKSJL16,
    author = {Wu, Yonghui and Schuster, Mike and Chen, Zhifeng and Le, Quoc V and Norouzi, Mohammad and Macherey, Wolfgang and Krikun, Maxim and Cao, Yuan and Gao, Qin and Macherey, Klaus and others},
    title = {Google's Neural Machine Translation System: Bridging the Gap between Human and Machine Translation},
    year = {2016}
}

@inproceedings{DBLP:journals/corr/YuK15,
    author = {Fisher Yu and
Vladlen Koltun},
    booktitle = {4th International Conference on Learning Representations, {ICLR} 2016,
San Juan, Puerto Rico, May 2-4, 2016, Conference Track Proceedings},
    editor = {Yoshua Bengio and
Yann LeCun},
    timestamp = {Thu, 25 Jul 2019 01:00:00 +0200},
    title = {Multi-Scale Context Aggregation by Dilated Convolutions},
    year = {2016}
}

@article{DBLP:journals/ijcia/HinzNMW18,
    author = {Tobias Hinz and
Nicol{\'{a}}s Navarro{-}Guerrero and
Sven Magg and
Stefan Wermter},
    journal = {International Journal of Computational Intelligence and Applications},
    title = {Speeding up the Hyperparameter Optimization of Deep Convolutional
Neural Networks},
    year = {2018}
}

@article{chowdhery2022palm,
    author = {Chowdhery, Aakanksha and Narang, Sharan and Devlin, Jacob and Bosma, Maarten and Mishra, Gaurav and Roberts, Adam and Barham, Paul and Chung, Hyung Won and Sutton, Charles and Gehrmann, Sebastian and others},
    journal = {ArXiv preprint},
    title = {Palm: Scaling language modeling with pathways},
    volume = {abs/2204.02311},
    year = {2022}
}

@article{DBLP:journals/jmlr/FedusZS22,
    author = {William Fedus and
Barret Zoph and
Noam Shazeer},
    journal = {J. Mach. Learn. Res.},
    title = {Switch Transformers: Scaling to Trillion Parameter Models with Simple
and Efficient Sparsity},
    year = {2022}
}

@article{DBLP:journals/spm/X12a,
    journal = {{IEEE} Signal Process. Mag.},
    number = {6},
    pages = {82--97},
    title = {Deep Neural Networks for Acoustic Modeling in Speech Recognition:
The Shared Views of Four Research Groups},
    volume = {29},
    year = {2012}
}

@article{DBLP:journals/tog/WangSLSBS19,
    author = {Yue Wang and
Yongbin Sun and
Ziwei Liu and
Sanjay E. Sarma and
Michael M. Bronstein and
Justin M. Solomon},
    journal = {{ACM} Trans. Graph.},
    title = {Dynamic Graph {CNN} for Learning on Point Clouds},
    year = {2019}
}

@inproceedings{Dean2012LargeSD,
    author = {Jeffrey Dean and
Greg Corrado and
Rajat Monga and
Kai Chen and
Matthieu Devin and
Quoc V. Le and
Mark Z. Mao and
Marc'Aurelio Ranzato and
Andrew W. Senior and
Paul A. Tucker and
Ke Yang and
Andrew Y. Ng},
    booktitle = {Advances in Neural Information Processing Systems 25: 26th Annual
Conference on Neural Information Processing Systems 2012. Proceedings
of a meeting held December 3-6, 2012, Lake Tahoe, Nevada, United States},
    editor = {Peter L. Bartlett and
Fernando C. N. Pereira and
Christopher J. C. Burges and
L{\'{e}}on Bottou and
Kilian Q. Weinberger},
    pages = {1232--1240},
    timestamp = {Thu, 21 Jan 2021 00:00:00 +0100},
    title = {Large Scale Distributed Deep Networks},
    year = {2012}
}

@inproceedings{Defferrard2016ConvolutionalNN,
    author = {Micha{\"{e}}l Defferrard and
Xavier Bresson and
Pierre Vandergheynst},
    booktitle = {Advances in Neural Information Processing Systems 29: Annual Conference
on Neural Information Processing Systems 2016, December 5-10, 2016,
Barcelona, Spain},
    editor = {Daniel D. Lee and
Masashi Sugiyama and
Ulrike von Luxburg and
Isabelle Guyon and
Roman Garnett},
    pages = {3837--3845},
    timestamp = {Thu, 21 Jan 2021 00:00:00 +0100},
    title = {Convolutional Neural Networks on Graphs with Fast Localized Spectral
Filtering},
    year = {2016}
}

@inproceedings{DGCN,
    author = {Chenyi Zhuang and
Qiang Ma},
    booktitle = {Proceedings of the 2018 World Wide Web Conference on World Wide Web,
{WWW} 2018, Lyon, France, April 23-27, 2018},
    doi = {10.1145/3178876.3186116},
    editor = {Pierre{-}Antoine Champin and
Fabien L. Gandon and
Mounia Lalmas and
Panagiotis G. Ipeirotis},
    pages = {499--508},
    publisher = {{ACM}},
    timestamp = {Wed, 21 Nov 2018 00:00:00 +0100},
    title = {Dual Graph Convolutional Networks for Graph-Based Semi-Supervised
Classification},
    year = {2018}
}

@article{DGL,
    author = {Minjie Wang and
Lingfan Yu and
Da Zheng and
Quan Gan and
Yu Gai and
Zihao Ye and
Mufei Li and
Jinjing Zhou and
Qi Huang and
Chao Ma and
Ziyue Huang and
Qipeng Guo and
Hao Zhang and
Haibin Lin and
Junbo Zhao and
Jinyang Li and
Alexander J. Smola and
Zheng Zhang},
    journal = {CoRR},
    title = {Deep Graph Library: A Graph-Centric, Highlyperformant Package For Graph Neural Networks},
    year = {2019}
}

@inproceedings{diffmg,
    author = {Ding, Yuhui and Yao, Quanming and Zhao, Huan and Zhang, Tong},
    booktitle = {Proc. of KDD},
    title = {Diffmg: Differentiable meta graph search for heterogeneous graph neural networks},
    year = {2021}
}

@inproceedings{Domhan2015SpeedingUA,
    author = {Tobias Domhan and
Jost Tobias Springenberg and
Frank Hutter},
    booktitle = {Proceedings of the Twenty-Fourth International Joint Conference on
Artificial Intelligence, {IJCAI} 2015, Buenos Aires, Argentina, July
25-31, 2015},
    editor = {Qiang Yang and
Michael J. Wooldridge},
    pages = {3460--3468},
    publisher = {{AAAI} Press},
    timestamp = {Tue, 20 Aug 2019 01:00:00 +0200},
    title = {Speeding Up Automatic Hyperparameter Optimization of Deep Neural Networks
by Extrapolation of Learning Curves},
    year = {2015}
}

@inproceedings{dong2019search,
    author = {Xuanyi Dong and
Yi Yang},
    booktitle = {{IEEE} Conference on Computer Vision and Pattern Recognition, {CVPR}
2019, Long Beach, CA, USA, June 16-20, 2019},
    doi = {10.1109/CVPR.2019.00186},
    pages = {1761--1770},
    publisher = {Computer Vision Foundation / {IEEE}},
    timestamp = {Mon, 20 Jan 2020 00:00:00 +0100},
    title = {Searching for a Robust Neural Architecture in Four {GPU} Hours},
    year = {2019}
}

@inproceedings{Eksombatchai2018PixieAS,
    author = {Chantat Eksombatchai and
Pranav Jindal and
Jerry Zitao Liu and
Yuchen Liu and
Rahul Sharma and
Charles Sugnet and
Mark Ulrich and
Jure Leskovec},
    booktitle = {Proceedings of the 2018 World Wide Web Conference on World Wide Web,
{WWW} 2018, Lyon, France, April 23-27, 2018},
    doi = {10.1145/3178876.3186183},
    editor = {Pierre{-}Antoine Champin and
Fabien L. Gandon and
Mounia Lalmas and
Panagiotis G. Ipeirotis},
    pages = {1775--1784},
    publisher = {{ACM}},
    timestamp = {Wed, 21 Nov 2018 00:00:00 +0100},
    title = {Pixie: {A} System for Recommending 3+ Billion Items to 200+ Million
Users in Real-Time},
    year = {2018}
}

@inproceedings{ENAS,
    author = {Hieu Pham and
Melody Y. Guan and
Barret Zoph and
Quoc V. Le and
Jeff Dean},
    booktitle = {Proceedings of the 35th International Conference on Machine Learning,
{ICML} 2018, Stockholmsm{\"{a}}ssan, Stockholm, Sweden, July 10-15,
2018},
    editor = {Jennifer G. Dy and
Andreas Krause},
    pages = {4092--4101},
    publisher = {{PMLR}},
    series = {Proceedings of Machine Learning Research},
    timestamp = {Wed, 03 Apr 2019 01:00:00 +0200},
    title = {Efficient Neural Architecture Search via Parameter Sharing},
    volume = {80},
    year = {2018}
}

@inproceedings{FairNAS,
    author = {Xiangxiang Chu and
Bo Zhang and
Ruijun Xu},
    booktitle = {2021 {IEEE/CVF} International Conference on Computer Vision, {ICCV}
2021, Montreal, QC, Canada, October 10-17, 2021},
    doi = {10.1109/ICCV48922.2021.01202},
    pages = {12219--12228},
    publisher = {{IEEE}},
    timestamp = {Fri, 11 Mar 2022 00:00:00 +0100},
    title = {FairNAS: Rethinking Evaluation Fairness of Weight Sharing Neural Architecture
Search},
    year = {2021}
}

@inproceedings{FastGCN,
    author = {Jie Chen and
Tengfei Ma and
Cao Xiao},
    booktitle = {6th International Conference on Learning Representations, {ICLR} 2018,
Vancouver, BC, Canada, April 30 - May 3, 2018, Conference Track Proceedings},
    publisher = {OpenReview.net},
    timestamp = {Wed, 02 Sep 2020 01:00:00 +0200},
    title = {FastGCN: Fast Learning with Graph Convolutional Networks via Importance
Sampling},
    year = {2018}
}

@article{fedus2022switch,
    author = {Fedus, William and Zoph, Barret and Shazeer, Noam},
    journal = {The Journal of Machine Learning Research},
    title = {Switch transformers: Scaling to trillion parameter models with simple and efficient sparsity},
    year = {2022}
}

@inproceedings{Feng2020GraphRN,
    author = {Wenzheng Feng and
Jie Zhang and
Yuxiao Dong and
Yu Han and
Huanbo Luan and
Qian Xu and
Qiang Yang and
Evgeny Kharlamov and
Jie Tang},
    booktitle = {Advances in Neural Information Processing Systems 33: Annual Conference
on Neural Information Processing Systems 2020, NeurIPS 2020, December
6-12, 2020, virtual},
    editor = {Hugo Larochelle and
Marc'Aurelio Ranzato and
Raia Hadsell and
Maria{-}Florina Balcan and
Hsuan{-}Tien Lin},
    timestamp = {Mon, 16 Aug 2021 01:00:00 +0200},
    title = {Graph Random Neural Networks for Semi-Supervised Learning on Graphs},
    year = {2020}
}

@article{Franco2009The,
    author = {Franco, Scarselli and Marco, Gori and Ah Chung, Tsoi and Markus, Hagenbuchner and Gabriele, Monfardini},
    journal = {IEEE Transactions on Neural Networks},
    title = {The graph neural network model},
    year = {2009}
}

@inproceedings{Gao2018LargeScaleLG,
    author = {Hongyang Gao and
Zhengyang Wang and
Shuiwang Ji},
    booktitle = {Proceedings of the 24th {ACM} {SIGKDD} International Conference on
Knowledge Discovery {\&} Data Mining, {KDD} 2018, London, UK, August
19-23, 2018},
    doi = {10.1145/3219819.3219947},
    editor = {Yike Guo and
Faisal Farooq},
    pages = {1416--1424},
    publisher = {{ACM}},
    timestamp = {Tue, 29 Dec 2020 00:00:00 +0100},
    title = {Large-Scale Learnable Graph Convolutional Networks},
    year = {2018}
}

@article{gao2022graphnas++,
    author = {Gao, Yang and Zhang, Peng and Yang, Hong and Zhou, Chuan and Tian, Zhihong and Hu, Yue and Li, Zhao and Zhou, Jingren},
    journal = {IEEE Transactions on Knowledge and Data Engineering},
    title = {Graphnas++: Distributed architecture search for graph neural networks},
    year = {2022}
}



@inproceedings{GAT,
    author = {Petar Velickovic and
Guillem Cucurull and
Arantxa Casanova and
Adriana Romero and
Pietro Li{\`{o}} and
Yoshua Bengio},
    booktitle = {6th International Conference on Learning Representations, {ICLR} 2018,
Vancouver, BC, Canada, April 30 - May 3, 2018, Conference Track Proceedings},
    publisher = {OpenReview.net},
    timestamp = {Thu, 25 Jul 2019 01:00:00 +0200},
    title = {Graph Attention Networks},
    year = {2018}
}

@inproceedings{GeniePath,
    author = {Ziqi Liu and
Chaochao Chen and
Longfei Li and
Jun Zhou and
Xiaolong Li and
Le Song and
Yuan Qi},
    booktitle = {The Thirty-Third {AAAI} Conference on Artificial Intelligence, {AAAI}
2019, The Thirty-First Innovative Applications of Artificial Intelligence
Conference, {IAAI} 2019, The Ninth {AAAI} Symposium on Educational
Advances in Artificial Intelligence, {EAAI} 2019, Honolulu, Hawaii,
USA, January 27 - February 1, 2019},
    doi = {10.1609/aaai.v33i01.33014424},
    pages = {4424--4431},
    publisher = {{AAAI} Press},
    timestamp = {Tue, 01 Sep 2020 01:00:00 +0200},
    title = {GeniePath: Graph Neural Networks with Adaptive Receptive Paths},
    year = {2019}
}

@inproceedings{Glorot2010UnderstandingTD,
    author = {Xavier Glorot and Yoshua Bengio},
    booktitle = {AISTATS},
    title = {Understanding the difficulty of training deep feedforward neural networks},
    year = {2010}
}

@inproceedings{Goodfellow2014GenerativeAN,
    author = {Ian J. Goodfellow and
Jean Pouget{-}Abadie and
Mehdi Mirza and
Bing Xu and
David Warde{-}Farley and
Sherjil Ozair and
Aaron C. Courville and
Yoshua Bengio},
    booktitle = {Advances in Neural Information Processing Systems 27: Annual Conference
on Neural Information Processing Systems 2014, December 8-13 2014,
Montreal, Quebec, Canada},
    editor = {Zoubin Ghahramani and
Max Welling and
Corinna Cortes and
Neil D. Lawrence and
Kilian Q. Weinberger},
    pages = {2672--2680},
    timestamp = {Thu, 21 Jan 2021 00:00:00 +0100},
    title = {Generative Adversarial Nets},
    year = {2014}
}

@inproceedings{Gori2005A,
    author = {Gori, M. and Monfardini, G. and Scarselli, F.},
    booktitle = {Proc. of IJCNN},
    title = {A new model for learning in graph domains},
    year = {2005}
}

@article{Gori2005ANM,
    author = {Michele Gori and Gabriele Monfardini and Franco Scarselli},
    journal = {Proceedings. 2005 IEEE International Joint Conference on Neural Networks, 2005.},
    title = {A new model for learning in graph domains},
    year = {2005}
}

@inproceedings{GraphSAGE,
    author = {William L. Hamilton and
Zhitao Ying and
Jure Leskovec},
    booktitle = {Advances in Neural Information Processing Systems 30: Annual Conference
on Neural Information Processing Systems 2017, December 4-9, 2017,
Long Beach, CA, {USA}},
    editor = {Isabelle Guyon and
Ulrike von Luxburg and
Samy Bengio and
Hanna M. Wallach and
Rob Fergus and
S. V. N. Vishwanathan and
Roman Garnett},
    pages = {1024--1034},
    timestamp = {Thu, 21 Jan 2021 00:00:00 +0100},
    title = {Inductive Representation Learning on Large Graphs},
    year = {2017}
}

@inproceedings{guan2022large,
    author = {Chaoyu Guan and
Xin Wang and
Hong Chen and
Ziwei Zhang and
Wenwu Zhu},
    booktitle = {International Conference on Machine Learning, {ICML} 2022, 17-23 July
2022, Baltimore, Maryland, {USA}},
    editor = {Kamalika Chaudhuri and
Stefanie Jegelka and
Le Song and
Csaba Szepesv{\'{a}}ri and
Gang Niu and
Sivan Sabato},
    pages = {7968--7981},
    publisher = {{PMLR}},
    series = {Proceedings of Machine Learning Research},
    timestamp = {Fri, 15 Jul 2022 01:00:00 +0200},
    title = {Large-Scale Graph Neural Architecture Search},
    volume = {162},
    year = {2022}
}

@article{guo2023gpt4graph,
    author = {Guo, Jiayan and Du, Lun and Liu, Hengyu},
    journal = {ArXiv preprint},
    title = {GPT4Graph: Can Large Language Models Understand Graph Structured Data? An Empirical Evaluation and Benchmarking},
    year = {2023}
}

@inproceedings{He2016DeepRL,
    author = {Kaiming He and
Xiangyu Zhang and
Shaoqing Ren and
Jian Sun},
    booktitle = {2016 {IEEE} Conference on Computer Vision and Pattern Recognition,
{CVPR} 2016, Las Vegas, NV, USA, June 27-30, 2016},
    doi = {10.1109/CVPR.2016.90},
    pages = {770--778},
    publisher = {{IEEE} Computer Society},
    timestamp = {Wed, 17 Apr 2019 01:00:00 +0200},
    title = {Deep Residual Learning for Image Recognition},
    year = {2016}
}

@article{He2019EnGNAH,
    author = {Liang, Shengwen and Wang, Ying and Liu, Cheng and He, Lei and LI, Huawei and Xu, Dawen and Li, Xiaowei},
    journal = {IEEE Transactions on Computers},
    title = {EnGN: A High-Throughput and Energy-Efficient Accelerator for Large Graph Neural Networks},
    year = {2021}
}

@inproceedings{hegselmann2023tabllm,
    author = {Hegselmann, Stefan and Buendia, Alejandro and Lang, Hunter and Agrawal, Monica and Jiang, Xiaoyi and Sontag, David},
    booktitle = {Proc. of AISTATS},
    title = {Tabllm: Few-shot classification of tabular data with large language models},
    year = {2023}
}

@article{Henaff2015DeepCN,
    author = {Mikael Henaff and Joan Bruna and Yann LeCun},
    journal = {CoRR},
    title = {Deep Convolutional Networks on Graph-Structured Data},
    year = {2015}
}

@inproceedings{hgcn_ijcai19,
    author = {Fenyu Hu and
Yanqiao Zhu and
Shu Wu and
Liang Wang and
Tieniu Tan},
    booktitle = {Proceedings of the Twenty-Eighth International Joint Conference on
Artificial Intelligence, {IJCAI} 2019, Macao, China, August 10-16,
2019},
    doi = {10.24963/ijcai.2019/630},
    editor = {Sarit Kraus},
    pages = {4532--4539},
    publisher = {ijcai.org},
    timestamp = {Tue, 05 Nov 2019 00:00:00 +0100},
    title = {Hierarchical Graph Convolutional Networks for Semi-supervised Node
Classification},
    year = {2019}
}

@inproceedings{HGNAS,
    author = {Gao, Yang and Zhang, Peng and Li, Zhao and Zhou, Chuan and Liu, Yongchao and Hu, Yue},
    booktitle = {Proc. of ICDM},
    title = {Heterogeneous Graph Neural Architecture Search},
    year = {2021}
}

@article{homem2002rare,
    author = {Homem-de-Mello, Tito and Rubinstein, Reuven Y},
    title = {Rare event estimation for static models via cross-entropy and importance sampling},
    year = {2002}
}

@inproceedings{hovy2016social,
    address = {Berlin, Germany},
    author = {Hovy, Dirk  and
Spruit, Shannon L.},
    booktitle = {Proceedings of the 54th Annual Meeting of the Association for Computational Linguistics (Volume 2: Short Papers)},
    doi = {10.18653/v1/P16-2096},
    pages = {591--598},
    publisher = {Association for Computational Linguistics},
    title = {The Social Impact of Natural Language Processing},
    year = {2016}
}

@inproceedings{Hu2020HeterogeneousGT,
    author = {Ziniu Hu and
Yuxiao Dong and
Kuansan Wang and
Yizhou Sun},
    booktitle = {{WWW} '20: The Web Conference 2020, Taipei, Taiwan, April 20-24, 2020},
    doi = {10.1145/3366423.3380027},
    editor = {Yennun Huang and
Irwin King and
Tie{-}Yan Liu and
Maarten van Steen},
    pages = {2704--2710},
    publisher = {{ACM} / {IW3C2}},
    timestamp = {Wed, 06 May 2020 01:00:00 +0200},
    title = {Heterogeneous Graph Transformer},
    year = {2020}
}

@inproceedings{Huang2017DenselyCC,
    author = {Gao Huang and
Zhuang Liu and
Laurens van der Maaten and
Kilian Q. Weinberger},
    booktitle = {2017 {IEEE} Conference on Computer Vision and Pattern Recognition,
{CVPR} 2017, Honolulu, HI, USA, July 21-26, 2017},
    doi = {10.1109/CVPR.2017.243},
    pages = {2261--2269},
    publisher = {{IEEE} Computer Society},
    timestamp = {Mon, 10 Sep 2018 01:00:00 +0200},
    title = {Densely Connected Convolutional Networks},
    year = {2017}
}

@inproceedings{huang2021graph,
    author = {Chao Huang and
Jiahui Chen and
Lianghao Xia and
Yong Xu and
Peng Dai and
Yanqing Chen and
Liefeng Bo and
Jiashu Zhao and
Jimmy Xiangji Huang},
    booktitle = {Thirty-Fifth {AAAI} Conference on Artificial Intelligence, {AAAI}
2021, Thirty-Third Conference on Innovative Applications of Artificial
Intelligence, {IAAI} 2021, The Eleventh Symposium on Educational Advances
in Artificial Intelligence, {EAAI} 2021, Virtual Event, February 2-9,
2021},
    pages = {4123--4130},
    publisher = {{AAAI} Press},
    timestamp = {Sat, 15 Oct 2022 01:00:00 +0200},
    title = {Graph-Enhanced Multi-Task Learning of Multi-Level Transition Dynamics
for Session-based Recommendation},
    year = {2021}
}

@inproceedings{huang2022language,
    author = {Wenlong Huang and
Pieter Abbeel and
Deepak Pathak and
Igor Mordatch},
    booktitle = {International Conference on Machine Learning, {ICML} 2022, 17-23 July
2022, Baltimore, Maryland, {USA}},
    editor = {Kamalika Chaudhuri and
Stefanie Jegelka and
Le Song and
Csaba Szepesv{\'{a}}ri and
Gang Niu and
Sivan Sabato},
    pages = {9118--9147},
    publisher = {{PMLR}},
    series = {Proceedings of Machine Learning Research},
    timestamp = {Tue, 12 Jul 2022 01:00:00 +0200},
    title = {Language Models as Zero-Shot Planners: Extracting Actionable Knowledge
for Embodied Agents},
    volume = {162},
    year = {2022}
}

@article{huang2023language,
    author = {Huang, Shaohan and Dong, Li and Wang, Wenhui and Hao, Yaru and Singhal, Saksham and Ma, Shuming and Lv, Tengchao and Cui, Lei and Mohammed, Owais Khan and Liu, Qiang and others},
    journal = {ArXiv preprint},
    title = {Language is not all you need: Aligning perception with language models},
    year = {2023}
}

@inproceedings{HuISPA,
    author = {Mentao Hu and Li Liu and Wei Wang and Yao Liu},
    booktitle = {ISPA},
    title = {APENAS: An Asynchronous Parallel Evolution Based Multi-objective Neural Architecture Search},
    year = {2020}
}

@inproceedings{Ioffe2015BatchNA,
    author = {Sergey Ioffe and
Christian Szegedy},
    booktitle = {Proceedings of the 32nd International Conference on Machine Learning,
{ICML} 2015, Lille, France, 6-11 July 2015},
    editor = {Francis R. Bach and
David M. Blei},
    pages = {448--456},
    publisher = {JMLR.org},
    series = {{JMLR} Workshop and Conference Proceedings},
    timestamp = {Wed, 29 May 2019 01:00:00 +0200},
    title = {Batch Normalization: Accelerating Deep Network Training by Reducing
Internal Covariate Shift},
    volume = {37},
    year = {2015}
}

@article{JMLR:v21:20-074,
    author = {Colin Raffel and
Noam Shazeer and
Adam Roberts and
Katherine Lee and
Sharan Narang and
Michael Matena and
Yanqi Zhou and
Wei Li and
Peter J. Liu},
    journal = {J. Mach. Learn. Res.},
    pages = {140:1--140:67},
    timestamp = {Fri, 05 Feb 2021 00:00:00 +0100},
    title = {Exploring the Limits of Transfer Learning with a Unified Text-to-Text
Transformer},
    volume = {21},
    year = {2020}
}

@article{Kearnes2016MolecularGC,
    author = {Steven M. Kearnes and Kevin McCloskey and Marc Berndl and Vijay S. Pande and Patrick Riley},
    journal = {Journal of computer-aided molecular design},
    title = {Molecular graph convolutions: moving beyond fingerprints},
    year = {2016}
}

@inproceedings{Kingma2015AdamAM,
    author = {Diederik P. Kingma and
Jimmy Ba},
    booktitle = {3rd International Conference on Learning Representations, {ICLR} 2015,
San Diego, CA, USA, May 7-9, 2015, Conference Track Proceedings},
    editor = {Yoshua Bengio and
Yann LeCun},
    timestamp = {Thu, 25 Jul 2019 01:00:00 +0200},
    title = {Adam: {A} Method for Stochastic Optimization},
    year = {2015}
}

@inproceedings{kipf2017semi,
    author = {Thomas N. Kipf and
Max Welling},
    booktitle = {5th International Conference on Learning Representations, {ICLR} 2017,
Toulon, France, April 24-26, 2017, Conference Track Proceedings},
    publisher = {OpenReview.net},
    timestamp = {Thu, 25 Jul 2019 01:00:00 +0200},
    title = {Semi-Supervised Classification with Graph Convolutional Networks},
    year = {2017}
}

@article{kojima2023large,
    author = {Kojima, Takeshi and Gu, Shixiang Shane and Reid, Machel and Matsuo, Yutaka and Iwasawa, Yusuke},
    journal = {Proc. of NeurIPS},
    title = {Large language models are zero-shot reasoners},
    year = {2022}
}

@article{Lei2019GCNGANAN,
    author = {Kai Lei and Meng Qin and Bo Bai and Gong Zhang and Min Yang},
    journal = {IEEE Conference on Computer Communications},
    title = {GCN-GAN: A Non-linear Temporal Link Prediction Model for Weighted Dynamic Networks},
    year = {2019}
}

@article{Levie2019CayleyNetsGC,
    author = {Ron Levie and Federico Monti and Xavier Bresson and Michael M. Bronstein},
    journal = {IEEE Transactions on Signal Processing},
    title = {CayleyNets: Graph Convolutional Neural Networks With Complex Rational Spectral Filters},
    year = {2019}
}

@inproceedings{li2013parameter,
    author = {Li, Mu and Zhou, Li and Yang, Zichao and Li, Aaron and Xia, Fei and Andersen, David G and Smola, Alexander},
    booktitle = {Big Learning NIPS Workshop},
    title = {Parameter server for distributed machine learning},
    year = {2013}
}

@inproceedings{Li2015GatedGS,
    author = {Yujia Li and
Daniel Tarlow and
Marc Brockschmidt and
Richard S. Zemel},
    booktitle = {4th International Conference on Learning Representations, {ICLR} 2016,
San Juan, Puerto Rico, May 2-4, 2016, Conference Track Proceedings},
    editor = {Yoshua Bengio and
Yann LeCun},
    timestamp = {Thu, 25 Jul 2019 01:00:00 +0200},
    title = {Gated Graph Sequence Neural Networks},
    year = {2016}
}

@inproceedings{Li2018AdaptiveGC,
    author = {Ruoyu Li and
Sheng Wang and
Feiyun Zhu and
Junzhou Huang},
    booktitle = {Proceedings of the Thirty-Second {AAAI} Conference on Artificial Intelligence,
(AAAI-18), the 30th innovative Applications of Artificial Intelligence
(IAAI-18), and the 8th {AAAI} Symposium on Educational Advances in
Artificial Intelligence (EAAI-18), New Orleans, Louisiana, USA, February
2-7, 2018},
    editor = {Sheila A. McIlraith and
Kilian Q. Weinberger},
    pages = {3546--3553},
    publisher = {{AAAI} Press},
    timestamp = {Mon, 22 Oct 2018 01:00:00 +0200},
    title = {Adaptive Graph Convolutional Neural Networks},
    year = {2018}
}

@inproceedings{li2020autograph,
    author = {Li, Yaoman and King, Irwin},
    booktitle = {Neural Information Processing: 27th International Conference, ICONIP 2020, Bangkok, Thailand, November 23--27, 2020, Proceedings, Part II 27},
    title = {Autograph: Automated graph neural network},
    year = {2020}
}

@inproceedings{li2021live,
    author = {Li, Zhao and Wang, Haishuai and Zhang, Peng and Hui, Pengrui and Huang, Jiaming and Liao, Jian and Zhang, Ji and Bu, Jiajun},
    booktitle = {Proc. of KDD},
    title = {Live-Streaming Fraud Detection: A Heterogeneous Graph Neural Network Approach},
    year = {2021}
}

@inproceedings{li2021one,
    author = {Yanxi Li and
Zean Wen and
Yunhe Wang and
Chang Xu},
    booktitle = {Thirty-Fifth {AAAI} Conference on Artificial Intelligence, {AAAI}
2021, Thirty-Third Conference on Innovative Applications of Artificial
Intelligence, {IAAI} 2021, The Eleventh Symposium on Educational Advances
in Artificial Intelligence, {EAAI} 2021, Virtual Event, February 2-9,
2021},
    pages = {8510--8517},
    publisher = {{AAAI} Press},
    timestamp = {Thu, 01 Jul 2021 01:00:00 +0200},
    title = {One-shot Graph Neural Architecture Search with Dynamic Search Space},
    year = {2021}
}

@article{li2022multiphysical,
    author = {Li, Xiao-Shuang and Liu, Xiang and Lu, Le and Hua, Xian-Sheng and Chi, Ying and Xia, Kelin},
    journal = {Briefings in Bioinformatics},
    title = {Multiphysical graph neural network (MP-GNN) for COVID-19 drug design},
    year = {2022}
}

@inproceedings{Liu2018DARTSDA,
    author = {Hanxiao Liu and
Karen Simonyan and
Yiming Yang},
    booktitle = {7th International Conference on Learning Representations, {ICLR} 2019,
New Orleans, LA, USA, May 6-9, 2019},
    publisher = {OpenReview.net},
    timestamp = {Thu, 25 Jul 2019 01:00:00 +0200},
    title = {{DARTS:} Differentiable Architecture Search},
    year = {2019}
}

@article{liu2023gpteval,
    author = {Liu, Yang and Iter, Dan and Xu, Yichong and Wang, Shuohang and Xu, Ruochen and Zhu, Chenguang},
    journal = {ArXiv preprint},
    title = {Gpteval: Nlg evaluation using gpt-4 with better human alignment},
    year = {2023}
}

@article{lyu2019advances,
    author = {Lyu, He and Sha, Ningyu and Qin, Shuyang and Yan, Ming and Xie, Yuying and Wang, Rongrong},
    journal = {Proc. of NeurIPS},
    title = {Advances in neural information processing systems},
    year = {2019}
}

@inproceedings{Ma2019DisentangledGC,
    author = {Jianxin Ma and
Peng Cui and
Kun Kuang and
Xin Wang and
Wenwu Zhu},
    booktitle = {Proceedings of the 36th International Conference on Machine Learning,
{ICML} 2019, 9-15 June 2019, Long Beach, California, {USA}},
    editor = {Kamalika Chaudhuri and
Ruslan Salakhutdinov},
    pages = {4212--4221},
    publisher = {{PMLR}},
    series = {Proceedings of Machine Learning Research},
    timestamp = {Thu, 05 Dec 2019 00:00:00 +0100},
    title = {Disentangled Graph Convolutional Networks},
    volume = {97},
    year = {2019}
}

@inproceedings{Ma2019NeuGraphPD,
    author = {Lingxiao Ma and Zhi Dong Yang and Youshan Miao and Jilong Xue and Ming Wu and Lidong Zhou and Yafei Dai},
    booktitle = {USENIX Annual Technical Conference},
    title = {NeuGraph: Parallel Deep Neural Network Computation on Large Graphs},
    year = {2019}
}

@inproceedings{madaan2022language,
    address = {Abu Dhabi, United Arab Emirates},
    author = {Madaan, Aman  and
Zhou, Shuyan  and
Alon, Uri  and
Yang, Yiming  and
Neubig, Graham},
    booktitle = {Proceedings of the 2022 Conference on Empirical Methods in Natural Language Processing},
    pages = {1384--1403},
    publisher = {Association for Computational Linguistics},
    title = {Language Models of Code are Few-Shot Commonsense Learners},
    year = {2022}
}

@inproceedings{maynez2020faithfulness,
    address = {Online},
    author = {Maynez, Joshua  and
Narayan, Shashi  and
Bohnet, Bernd  and
McDonald, Ryan},
    booktitle = {Proceedings of the 58th Annual Meeting of the Association for Computational Linguistics},
    doi = {10.18653/v1/2020.acl-main.173},
    pages = {1906--1919},
    publisher = {Association for Computational Linguistics},
    title = {On Faithfulness and Factuality in Abstractive Summarization},
    year = {2020}
}

@article{METIS,
    author = {George Karypis and
Vipin Kumar},
    journal = {{SIAM} J. Scientific Computing},
    title = {A Fast and High Quality Multilevel Scheme for Partitioning Irregular
Graphs},
    year = {1998}
}

@inproceedings{Monti2017GeometricDL,
    author = {Federico Monti and
Davide Boscaini and
Jonathan Masci and
Emanuele Rodol{\`{a}} and
Jan Svoboda and
Michael M. Bronstein},
    booktitle = {2017 {IEEE} Conference on Computer Vision and Pattern Recognition,
{CVPR} 2017, Honolulu, HI, USA, July 21-26, 2017},
    doi = {10.1109/CVPR.2017.576},
    pages = {5425--5434},
    publisher = {{IEEE} Computer Society},
    timestamp = {Tue, 14 Nov 2017 00:00:00 +0100},
    title = {Geometric Deep Learning on Graphs and Manifolds Using Mixture Model
CNNs},
    year = {2017}
}

@inproceedings{Monti2017GeometricMC,
    author = {Federico Monti and
Michael M. Bronstein and
Xavier Bresson},
    booktitle = {Advances in Neural Information Processing Systems 30: Annual Conference
on Neural Information Processing Systems 2017, December 4-9, 2017,
Long Beach, CA, {USA}},
    editor = {Isabelle Guyon and
Ulrike von Luxburg and
Samy Bengio and
Hanna M. Wallach and
Rob Fergus and
S. V. N. Vishwanathan and
Roman Garnett},
    pages = {3697--3707},
    timestamp = {Thu, 21 Jan 2021 00:00:00 +0100},
    title = {Geometric Matrix Completion with Recurrent Multi-Graph Neural Networks},
    year = {2017}
}

@inproceedings{morris2019weisfeiler,
    author = {Christopher Morris and
Martin Ritzert and
Matthias Fey and
William L. Hamilton and
Jan Eric Lenssen and
Gaurav Rattan and
Martin Grohe},
    booktitle = {The Thirty-Third {AAAI} Conference on Artificial Intelligence, {AAAI}
2019, The Thirty-First Innovative Applications of Artificial Intelligence
Conference, {IAAI} 2019, The Ninth {AAAI} Symposium on Educational
Advances in Artificial Intelligence, {EAAI} 2019, Honolulu, Hawaii,
USA, January 27 - February 1, 2019},
    doi = {10.1609/aaai.v33i01.33014602},
    pages = {4602--4609},
    publisher = {{AAAI} Press},
    timestamp = {Mon, 15 Jun 2020 01:00:00 +0200},
    title = {Weisfeiler and Leman Go Neural: Higher-Order Graph Neural Networks},
    year = {2019}
}

@inproceedings{NAS,
    author = {Barret Zoph and
Quoc V. Le},
    booktitle = {5th International Conference on Learning Representations, {ICLR} 2017,
Toulon, France, April 24-26, 2017, Conference Track Proceedings},
    publisher = {OpenReview.net},
    timestamp = {Thu, 04 Apr 2019 01:00:00 +0200},
    title = {Neural Architecture Search with Reinforcement Learning},
    year = {2017}
}

@inproceedings{NASBench,
    author = {Chris Ying and
Aaron Klein and
Eric Christiansen and
Esteban Real and
Kevin Murphy and
Frank Hutter},
    booktitle = {Proceedings of the 36th International Conference on Machine Learning,
{ICML} 2019, 9-15 June 2019, Long Beach, California, {USA}},
    editor = {Kamalika Chaudhuri and
Ruslan Salakhutdinov},
    pages = {7105--7114},
    publisher = {{PMLR}},
    series = {Proceedings of Machine Learning Research},
    timestamp = {Tue, 11 Jun 2019 01:00:00 +0200},
    title = {NAS-Bench-101: Towards Reproducible Neural Architecture Search},
    volume = {97},
    year = {2019}
}

@inproceedings{NASBench101,
    author = {Chris Ying and
Aaron Klein and
Eric Christiansen and
Esteban Real and
Kevin Murphy and
Frank Hutter},
    booktitle = {Proceedings of the 36th International Conference on Machine Learning,
{ICML} 2019, 9-15 June 2019, Long Beach, California, {USA}},
    editor = {Kamalika Chaudhuri and
Ruslan Salakhutdinov},
    pages = {7105--7114},
    publisher = {{PMLR}},
    series = {Proceedings of Machine Learning Research},
    timestamp = {Tue, 11 Jun 2019 01:00:00 +0200},
    title = {NAS-Bench-101: Towards Reproducible Neural Architecture Search},
    volume = {97},
    year = {2019}
}

@inproceedings{Niepert2016LearningCN,
    author = {Mathias Niepert and
Mohamed Ahmed and
Konstantin Kutzkov},
    booktitle = {Proceedings of the 33nd International Conference on Machine Learning,
{ICML} 2016, New York City, NY, USA, June 19-24, 2016},
    editor = {Maria{-}Florina Balcan and
Kilian Q. Weinberger},
    pages = {2014--2023},
    publisher = {JMLR.org},
    series = {{JMLR} Workshop and Conference Proceedings},
    timestamp = {Wed, 29 May 2019 01:00:00 +0200},
    title = {Learning Convolutional Neural Networks for Graphs},
    volume = {48},
    year = {2016}
}

@inproceedings{node2vec,
    author = {Aditya Grover and
Jure Leskovec},
    booktitle = {Proceedings of the 22nd {ACM} {SIGKDD} International Conference on
Knowledge Discovery and Data Mining, San Francisco, CA, USA, August
13-17, 2016},
    doi = {10.1145/2939672.2939754},
    editor = {Balaji Krishnapuram and
Mohak Shah and
Alexander J. Smola and
Charu C. Aggarwal and
Dou Shen and
Rajeev Rastogi},
    pages = {855--864},
    publisher = {{ACM}},
    timestamp = {Wed, 14 Nov 2018 00:00:00 +0100},
    title = {node2vec: Scalable Feature Learning for Networks},
    year = {2016}
}

@article{oloulade2021graph,
    author = {Oloulade, Babatounde Moctard and Gao, Jianliang and Chen, Jiamin and Lyu, Tengfei and Al-Sabri, Raeed},
    journal = {Tsinghua Science and Technology},
    title = {Graph neural architecture search: A survey},
    year = {2021}
}

@misc{openai2023gpt4,
    archiveprefix = {arXiv},
    author = {OpenAI},
    eprint = {2303.08774},
    primaryclass = {cs.CL},
    title = {GPT-4 Technical Report},
    year = {2023}
}

@inproceedings{pan2021autostg,
    author = {Pan, Zheyi and Ke, Songyu and Yang, Xiaodu and Liang, Yuxuan and Yu, Yong and Zhang, Junbo and Zheng, Yu},
    booktitle = {Proc. of WWW},
    title = {AutoSTG: Neural Architecture Search for Predictions of Spatio-Temporal Graph*},
    year = {2021}
}

@article{PDNAS,
    author = {Zhao, Yiren and Wang, Duo and Gao, Xitong and Mullins, Robert and Lio, Pietro and Jamnik, Mateja},
    title = {Probabilistic Dual Network Architecture Search on Graphs}
}

@inproceedings{POSE,
    author = {Yuhui Ding and
Quanming Yao and
Huan Zhao and
Tong Zhang},
    booktitle = {Proc. of KDD},
    title = {DiffMG: Differentiable Meta Graph Search for Heterogeneous Graph Neural
Networks},
    year = {2021}
}

@inproceedings{PYG,
    author = {Fey, Matthias and Lenssen, Jan E.},
    booktitle = {ICLR Workshop on Representation Learning on Graphs and Manifolds},
    title = {Fast Graph Representation Learning with {PyTorch Geometric}},
    year = {2019}
}

@article{qin2022bench,
    author = {Qin, Yijian and Zhang, Ziwei and Wang, Xin and Zhang, Zeyang and Zhu, Wenwu},
    journal = {Proc. of NeurIPS},
    title = {NAS-Bench-Graph: Benchmarking graph neural architecture search},
    year = {2022}
}

@inproceedings{qin2022graph,
    author = {Yijian Qin and
Xin Wang and
Ziwei Zhang and
Pengtao Xie and
Wenwu Zhu},
    booktitle = {International Conference on Machine Learning, {ICML} 2022, 17-23 July
2022, Baltimore, Maryland, {USA}},
    editor = {Kamalika Chaudhuri and
Stefanie Jegelka and
Le Song and
Csaba Szepesv{\'{a}}ri and
Gang Niu and
Sivan Sabato},
    pages = {18083--18095},
    publisher = {{PMLR}},
    series = {Proceedings of Machine Learning Research},
    timestamp = {Fri, 15 Jul 2022 01:00:00 +0200},
    title = {Graph Neural Architecture Search Under Distribution Shifts},
    volume = {162},
    year = {2022}
}

@inproceedings{Qu2019GMNNGM,
    author = {Meng Qu and
Yoshua Bengio and
Jian Tang},
    booktitle = {Proceedings of the 36th International Conference on Machine Learning,
{ICML} 2019, 9-15 June 2019, Long Beach, California, {USA}},
    editor = {Kamalika Chaudhuri and
Ruslan Salakhutdinov},
    pages = {5241--5250},
    publisher = {{PMLR}},
    series = {Proceedings of Machine Learning Research},
    timestamp = {Thu, 02 Jan 2020 00:00:00 +0100},
    title = {{GMNN:} Graph Markov Neural Networks},
    volume = {97},
    year = {2019}
}

@article{radford2018improving,
    author = {Radford, Alec and Narasimhan, Karthik and Salimans, Tim and Sutskever, Ilya and others},
    title = {Improving language understanding by generative pre-training}
}

@article{radford2019language,
    author = {Radford, Alec and Wu, Jeffrey and Child, Rewon and Luan, David and Amodei, Dario and Sutskever, Ilya and others},
    journal = {OpenAI blog},
    title = {Language models are unsupervised multitask learners},
    year = {2019}
}

@inproceedings{Real2018RegularizedEF,
    author = {Esteban Real and
Alok Aggarwal and
Yanping Huang and
Quoc V. Le},
    booktitle = {The Thirty-Third {AAAI} Conference on Artificial Intelligence, {AAAI}
2019, The Thirty-First Innovative Applications of Artificial Intelligence
Conference, {IAAI} 2019, The Ninth {AAAI} Symposium on Educational
Advances in Artificial Intelligence, {EAAI} 2019, Honolulu, Hawaii,
USA, January 27 - February 1, 2019},
    doi = {10.1609/aaai.v33i01.33014780},
    pages = {4780--4789},
    publisher = {{AAAI} Press},
    timestamp = {Wed, 25 Sep 2019 01:00:00 +0200},
    title = {Regularized Evolution for Image Classifier Architecture Search},
    year = {2019}
}

@inproceedings{Redmon2016YouOL,
    author = {Joseph Redmon and
Santosh Kumar Divvala and
Ross B. Girshick and
Ali Farhadi},
    booktitle = {2016 {IEEE} Conference on Computer Vision and Pattern Recognition,
{CVPR} 2016, Las Vegas, NV, USA, June 27-30, 2016},
    doi = {10.1109/CVPR.2016.91},
    pages = {779--788},
    publisher = {{IEEE} Computer Society},
    timestamp = {Thu, 25 May 2017 01:00:00 +0200},
    title = {You Only Look Once: Unified, Real-Time Object Detection},
    year = {2016}
}

@inproceedings{Schlichtkrull2018ModelingRD,
    author = {M. Schlichtkrull and Thomas Kipf and P. Bloem and R. V. Berg and Ivan Titov and M. Welling},
    booktitle = {ESWC},
    title = {Modeling Relational Data with Graph Convolutional Networks},
    year = {2018}
}

@article{Shchur2018Pitfalls,
    author = {Shchur, Oleksandr and Mumme, Maximilian and Bojchevski, Aleksandar and Günnemann, Stephan},
    title = {Pitfalls of Graph Neural Network Evaluation},
    year = {2018}
}

@article{Shchur2018PitfallsOG,
    author = {Oleksandr Shchur and
Maximilian Mumme and
Aleksandar Bojchevski and
Stephan G{\"{u}}nnemann},
    journal = {Relational Representation Learning Workshop, NeurIPS 2018},
    title = {Pitfalls of Graph Neural Network Evaluation}
}

@article{Shi2020EvolutionaryAS,
    author = {Shi, Min and Tang, Yufei and Zhu, Xingquan and Huang, Yu and Wilson, David and Zhuang, Yuan and Liu, Jianxun},
    journal = {Knowledge-Based Systems},
    title = {Genetic-GNN: Evolutionary architecture search for graph neural networks},
    year = {2022}
}

@article{Shuman2013TheEF,
    author = {David I. Shuman and Sunil K. Narang and Pascal Frossard and Antonio Ortega and Pierre Vandergheynst},
    journal = {IEEE Signal Processing Magazine},
    title = {The emerging field of signal processing on graphs: Extending high-dimensional data analysis to networks and other irregular domains},
    year = {2013}
}

@article{Stanley2002Evolving,
    author = {Stanley, K. O. and Miikkulainen, R},
    journal = {Evolutionary Computation},
    title = {Evolving neural networks through augmenting topologies},
    year = {2002}
}

@inproceedings{Sun2019RotatEKG,
    author = {Zhiqing Sun and
Zhi{-}Hong Deng and
Jian{-}Yun Nie and
Jian Tang},
    booktitle = {7th International Conference on Learning Representations, {ICLR} 2019,
New Orleans, LA, USA, May 6-9, 2019},
    publisher = {OpenReview.net},
    timestamp = {Thu, 25 Jul 2019 01:00:00 +0200},
    title = {RotatE: Knowledge Graph Embedding by Relational Rotation in Complex
Space},
    year = {2019}
}

@article{Sutton1998ReinforcementLA,
    author = {Richard S. Sutton and Andrew G. Barto},
    journal = {IEEE Transactions on Neural Networks},
    title = {Reinforcement Learning: An Introduction},
    year = {1998}
}

@inproceedings{Szegedy2015GoingDW,
    author = {Christian Szegedy and
Wei Liu and
Yangqing Jia and
Pierre Sermanet and
Scott E. Reed and
Dragomir Anguelov and
Dumitru Erhan and
Vincent Vanhoucke and
Andrew Rabinovich},
    booktitle = {{IEEE} Conference on Computer Vision and Pattern Recognition, {CVPR}
2015, Boston, MA, USA, June 7-12, 2015},
    doi = {10.1109/CVPR.2015.7298594},
    pages = {1--9},
    publisher = {{IEEE} Computer Society},
    timestamp = {Wed, 14 Nov 2018 00:00:00 +0100},
    title = {Going deeper with convolutions},
    year = {2015}
}

@article{touvron2023llama,
    author = {Touvron, Hugo and Martin, Louis and Stone, Kevin and Albert, Peter and Almahairi, Amjad and Babaei, Yasmine and Bashlykov, Nikolay and Batra, Soumya and Bhargava, Prajjwal and Bhosale, Shruti and others},
    journal = {ArXiv preprint},
    title = {Llama 2: Open foundation and fine-tuned chat models},
    year = {2023}
}

@inproceedings{Vaswani2017AttentionIA,
    author = {Ashish Vaswani and
Noam Shazeer and
Niki Parmar and
Jakob Uszkoreit and
Llion Jones and
Aidan N. Gomez and
Lukasz Kaiser and
Illia Polosukhin},
    booktitle = {Advances in Neural Information Processing Systems 30: Annual Conference
on Neural Information Processing Systems 2017, December 4-9, 2017,
Long Beach, CA, {USA}},
    editor = {Isabelle Guyon and
Ulrike von Luxburg and
Samy Bengio and
Hanna M. Wallach and
Rob Fergus and
S. V. N. Vishwanathan and
Roman Garnett},
    pages = {5998--6008},
    timestamp = {Thu, 21 Jan 2021 00:00:00 +0100},
    title = {Attention is All you Need},
    year = {2017}
}

@article{Wang2012EndtoendTR,
    author = {Tao Wang and David J. Wu and Adam Coates and Andrew Y. Ng},
    journal = {Proceedings of the 21st International Conference on Pattern Recognition (ICPR2012)},
    title = {End-to-end text recognition with convolutional neural networks},
    year = {2012}
}

@inproceedings{wang2021autogel,
    author = {Zhili Wang and
Shimin Di and
Lei Chen},
    booktitle = {Advances in Neural Information Processing Systems 34: Annual Conference
on Neural Information Processing Systems 2021, NeurIPS 2021, December
6-14, 2021, virtual},
    editor = {Marc'Aurelio Ranzato and
Alina Beygelzimer and
Yann N. Dauphin and
Percy Liang and
Jennifer Wortman Vaughan},
    pages = {24509--24522},
    timestamp = {Tue, 03 May 2022 01:00:00 +0200},
    title = {AutoGEL: An Automated Graph Neural Network with Explicit Link Information},
    year = {2021}
}

@article{wang2023selfconsistency,
    author = {Wang, Xuezhi and Wei, Jason and Schuurmans, Dale and Le, Quoc V and Chi, Ed H and Narang, Sharan and Chowdhery, Aakanksha and Zhou, Denny},
    title = {Self-Consistency Improves Chain of Thought Reasoning in Language Models},
    year = {2023}
}

@article{wang2023voyager,
    author = {Wang, Guanzhi and Xie, Yuqi and Jiang, Yunfan and Mandlekar, Ajay and Xiao, Chaowei and Zhu, Yuke and Fan, Linxi and Anandkumar, Anima},
    journal = {ArXiv preprint},
    title = {Voyager: An open-ended embodied agent with large language models},
    year = {2023}
}

@inproceedings{wei2021pooling,
    author = {Wei, Lanning and Zhao, Huan and Yao, Quanming and He, Zhiqiang},
    booktitle = {Proc. of CIKM},
    title = {Pooling architecture search for graph classification},
    year = {2021}
}

@article{wei2022chain,
    author = {Wei, Jason and Wang, Xuezhi and Schuurmans, Dale and Bosma, Maarten and Xia, Fei and Chi, Ed and Le, Quoc V and Zhou, Denny and others},
    journal = {Proc. of NeurIPS},
    title = {Chain-of-thought prompting elicits reasoning in large language models},
    year = {2022}
}

@article{wei2022emergent,
    author = {Wei, Jason and Tay, Yi and Bommasani, Rishi and Raffel, Colin and Zoph, Barret and Borgeaud, Sebastian and Yogatama, Dani and Bosma, Maarten and Zhou, Denny and Metzler, Donald and others},
    journal = {ArXiv preprint},
    title = {Emergent abilities of large language models},
    year = {2022}
}

@article{Williams1992Simple,
    author = {Williams, Ronald J.},
    journal = {Machine Learning},
    title = {Simple statistical gradient-following algorithms for connectionist reinforcement learning},
    year = {1992}
}

@inproceedings{Wu2018SessionBasedRW,
    author = {Shu Wu and
Yuyuan Tang and
Yanqiao Zhu and
Liang Wang and
Xing Xie and
Tieniu Tan},
    booktitle = {The Thirty-Third {AAAI} Conference on Artificial Intelligence, {AAAI}
2019, The Thirty-First Innovative Applications of Artificial Intelligence
Conference, {IAAI} 2019, The Ninth {AAAI} Symposium on Educational
Advances in Artificial Intelligence, {EAAI} 2019, Honolulu, Hawaii,
USA, January 27 - February 1, 2019},
    doi = {10.1609/aaai.v33i01.3301346},
    pages = {346--353},
    publisher = {{AAAI} Press},
    timestamp = {Tue, 02 Feb 2021 00:00:00 +0100},
    title = {Session-Based Recommendation with Graph Neural Networks},
    year = {2019}
}

@inproceedings{Wu2019SimplifyingGC,
    author = {Felix Wu and
Amauri H. Souza Jr. and
Tianyi Zhang and
Christopher Fifty and
Tao Yu and
Kilian Q. Weinberger},
    booktitle = {Proceedings of the 36th International Conference on Machine Learning,
{ICML} 2019, 9-15 June 2019, Long Beach, California, {USA}},
    editor = {Kamalika Chaudhuri and
Ruslan Salakhutdinov},
    pages = {6861--6871},
    publisher = {{PMLR}},
    series = {Proceedings of Machine Learning Research},
    timestamp = {Wed, 03 Jun 2020 01:00:00 +0200},
    title = {Simplifying Graph Convolutional Networks},
    volume = {97},
    year = {2019}
}

@article{wu2023visual,
    author = {Wu, Chenfei and Yin, Shengming and Qi, Weizhen and Wang, Xiaodong and Tang, Zecheng and Duan, Nan},
    journal = {ArXiv preprint},
    title = {Visual chatgpt: Talking, drawing and editing with visual foundation models},
    year = {2023}
}

@inproceedings{Xiao2017Tux2DG,
    author = {Wencong Xiao and Jilong Xue and Youshan Miao and Zhen Li and Cheng Chen and Ming Wu and Wei Li and Lidong Zhou},
    booktitle = {NSDI},
    title = {Tux2: Distributed Graph Computation for Machine Learning},
    year = {2017}
}

@inproceedings{Xie2018SNASSN,
    author = {Sirui Xie and
Hehui Zheng and
Chunxiao Liu and
Liang Lin},
    booktitle = {7th International Conference on Learning Representations, {ICLR} 2019,
New Orleans, LA, USA, May 6-9, 2019},
    publisher = {OpenReview.net},
    timestamp = {Thu, 25 Jul 2019 01:00:00 +0200},
    title = {{SNAS:} stochastic neural architecture search},
    year = {2019}
}

@inproceedings{Xu2018HowPA,
    author = {Keyulu Xu and
Weihua Hu and
Jure Leskovec and
Stefanie Jegelka},
    booktitle = {7th International Conference on Learning Representations, {ICLR} 2019,
New Orleans, LA, USA, May 6-9, 2019},
    publisher = {OpenReview.net},
    timestamp = {Thu, 25 Jul 2019 01:00:00 +0200},
    title = {How Powerful are Graph Neural Networks?},
    year = {2019}
}

@inproceedings{Xu2018RepresentationLO,
    author = {Keyulu Xu and
Chengtao Li and
Yonglong Tian and
Tomohiro Sonobe and
Ken{-}ichi Kawarabayashi and
Stefanie Jegelka},
    booktitle = {Proceedings of the 35th International Conference on Machine Learning,
{ICML} 2018, Stockholmsm{\"{a}}ssan, Stockholm, Sweden, July 10-15,
2018},
    editor = {Jennifer G. Dy and
Andreas Krause},
    pages = {5449--5458},
    publisher = {{PMLR}},
    series = {Proceedings of Machine Learning Research},
    timestamp = {Wed, 03 Apr 2019 01:00:00 +0200},
    title = {Representation Learning on Graphs with Jumping Knowledge Networks},
    volume = {80},
    year = {2018}
}

@inproceedings{Yan2018SpatialTG,
    author = {Sijie Yan and
Yuanjun Xiong and
Dahua Lin},
    booktitle = {Proceedings of the Thirty-Second {AAAI} Conference on Artificial Intelligence,
(AAAI-18), the 30th innovative Applications of Artificial Intelligence
(IAAI-18), and the 8th {AAAI} Symposium on Educational Advances in
Artificial Intelligence (EAAI-18), New Orleans, Louisiana, USA, February
2-7, 2018},
    editor = {Sheila A. McIlraith and
Kilian Q. Weinberger},
    pages = {7444--7452},
    publisher = {{AAAI} Press},
    timestamp = {Mon, 22 Oct 2018 01:00:00 +0200},
    title = {Spatial Temporal Graph Convolutional Networks for Skeleton-Based Action
Recognition},
    year = {2018}
}

@inproceedings{Yao2018GraphCN,
    author = {Liang Yao and
Chengsheng Mao and
Yuan Luo},
    booktitle = {The Thirty-Third {AAAI} Conference on Artificial Intelligence, {AAAI}
2019, The Thirty-First Innovative Applications of Artificial Intelligence
Conference, {IAAI} 2019, The Ninth {AAAI} Symposium on Educational
Advances in Artificial Intelligence, {EAAI} 2019, Honolulu, Hawaii,
USA, January 27 - February 1, 2019},
    doi = {10.1609/aaai.v33i01.33017370},
    pages = {7370--7377},
    publisher = {{AAAI} Press},
    timestamp = {Tue, 02 Feb 2021 00:00:00 +0100},
    title = {Graph Convolutional Networks for Text Classification},
    year = {2019}
}

@article{yao2023tree,
    author = {Yao, Shunyu and Yu, Dian and Zhao, Jeffrey and Shafran, Izhak and Griffiths, Thomas L and Cao, Yuan and Narasimhan, Karthik},
    title = {Tree of Thoughts: Deliberate Problem Solving with Large Language Models}
}

@inproceedings{Ying2018GraphCN,
    author = {Rex Ying and
Ruining He and
Kaifeng Chen and
Pong Eksombatchai and
William L. Hamilton and
Jure Leskovec},
    booktitle = {Proceedings of the 24th {ACM} {SIGKDD} International Conference on
Knowledge Discovery {\&} Data Mining, {KDD} 2018, London, UK, August
19-23, 2018},
    doi = {10.1145/3219819.3219890},
    editor = {Yike Guo and
Faisal Farooq},
    pages = {974--983},
    publisher = {{ACM}},
    timestamp = {Wed, 21 Nov 2018 00:00:00 +0100},
    title = {Graph Convolutional Neural Networks for Web-Scale Recommender Systems},
    year = {2018}
}

@inproceedings{You2019PositionawareGN,
    author = {Jiaxuan You and
Rex Ying and
Jure Leskovec},
    booktitle = {Proceedings of the 36th International Conference on Machine Learning,
{ICML} 2019, 9-15 June 2019, Long Beach, California, {USA}},
    editor = {Kamalika Chaudhuri and
Ruslan Salakhutdinov},
    pages = {7134--7143},
    publisher = {{PMLR}},
    series = {Proceedings of Machine Learning Research},
    timestamp = {Tue, 11 Jun 2019 01:00:00 +0200},
    title = {Position-aware Graph Neural Networks},
    volume = {97},
    year = {2019}
}

@inproceedings{Yu2018SpatioTemporalGC,
    author = {Bing Yu and
Haoteng Yin and
Zhanxing Zhu},
    booktitle = {Proceedings of the Twenty-Seventh International Joint Conference on
Artificial Intelligence, {IJCAI} 2018, July 13-19, 2018, Stockholm,
Sweden},
    doi = {10.24963/ijcai.2018/505},
    editor = {J{\'{e}}r{\^{o}}me Lang},
    pages = {3634--3640},
    publisher = {ijcai.org},
    timestamp = {Tue, 20 Aug 2019 01:00:00 +0200},
    title = {Spatio-Temporal Graph Convolutional Networks: {A} Deep Learning Framework
for Traffic Forecasting},
    year = {2018}
}

@inproceedings{Zaheer2017Deep,
    author = {Manzil Zaheer and
Satwik Kottur and
Siamak Ravanbakhsh and
Barnab{\'{a}}s P{\'{o}}czos and
Ruslan Salakhutdinov and
Alexander J. Smola},
    booktitle = {Advances in Neural Information Processing Systems 30: Annual Conference
on Neural Information Processing Systems 2017, December 4-9, 2017,
Long Beach, CA, {USA}},
    editor = {Isabelle Guyon and
Ulrike von Luxburg and
Samy Bengio and
Hanna M. Wallach and
Rob Fergus and
S. V. N. Vishwanathan and
Roman Garnett},
    pages = {3391--3401},
    timestamp = {Thu, 21 Jan 2021 00:00:00 +0100},
    title = {Deep Sets},
    year = {2017}
}

@article{zeng2022glm,
    author = {Zeng, Aohan and Liu, Xiao and Du, Zhengxiao and Wang, Zihan and Lai, Hanyu and Ding, Ming and Yang, Zhuoyi and Xu, Yifan and Zheng, Wendi and Xia, Xiao and others},
    journal = {ArXiv preprint},
    title = {Glm-130b: An open bilingual pre-trained model},
    year = {2022}
}

@inproceedings{Zhang2019STARGCNSA,
    author = {Jiani Zhang and
Xingjian Shi and
Shenglin Zhao and
Irwin King},
    booktitle = {Proceedings of the Twenty-Eighth International Joint Conference on
Artificial Intelligence, {IJCAI} 2019, Macao, China, August 10-16,
2019},
    doi = {10.24963/ijcai.2019/592},
    editor = {Sarit Kraus},
    pages = {4264--4270},
    publisher = {ijcai.org},
    timestamp = {Tue, 01 Sep 2020 01:00:00 +0200},
    title = {{STAR-GCN:} Stacked and Reconstructed Graph Convolutional Networks
for Recommender Systems},
    year = {2019}
}

@inproceedings{zhang2022autogt,
    author = {Zhang, Zizhao and Wang, Xin and Guan, Chaoyu and Zhang, Ziwei and Li, Haoyang and Zhu, Wenwu},
    booktitle = {Proc. of ICLR},
    title = {Autogt: Automated graph transformer architecture search},
    year = {2022}
}

@inproceedings{zhang2022pasca,
    author = {Zhang, Wentao and Shen, Yu and Lin, Zheyu and Li, Yang and Li, Xiaosen and Ouyang, Wen and Tao, Yangyu and Yang, Zhi and Cui, Bin},
    booktitle = {WWW},
    title = {Pasca: A graph neural architecture search system under the scalable paradigm},
    year = {2022}
}

@article{zhang2023automl,
    author = {Zhang, Shujian and Gong, Chengyue and Wu, Lemeng and Liu, Xingchao and Zhou, Mingyuan},
    journal = {ArXiv preprint},
    title = {AutoML-GPT: Automatic Machine Learning with GPT},
    year = {2023}
}

@article{zhang2023controllable,
    author = {Zhang, Tianjun and Zhang, Yi and Vineet, Vibhav and Joshi, Neel and Wang, Xin},
    journal = {ArXiv preprint},
    title = {Controllable Text-to-Image Generation with GPT-4},
    year = {2023}
}

@inproceedings{Zhang_Zhang_Wang_Qin_Qin_Zhu_2023,
    author = {Zeyang Zhang and
Ziwei Zhang and
Xin Wang and
Yijian Qin and
Zhou Qin and
Wenwu Zhu},
    booktitle = {Proc. of AAAI},
    title = {Dynamic Heterogeneous Graph Attention Neural Architecture Search},
    year = {2023}
}

@article{zhanggraph,
    author = {Zhang, Jiawei},
    journal = {ArXiv preprint},
    title = {Graph-ToolFormer: To Empower LLMs with Graph Reasoning Ability via Prompt Augmented by ChatGPT},
    year = {2023}
}

@article{Zheng2022MultiRelationalGN,
    author = {Xin Zheng and Miao Zhang and Chun-cheng Jason Chen and Chaojie Li and Chuan Zhou and Shirui Pan},
    journal = {2022 IEEE International Conference on Data Mining (ICDM)},
    title = {Multi-Relational Graph Neural Architecture Search with Fine-grained Message Passing},
    year = {2022}
}

@inproceedings{zheng2023auto,
    author = {Zheng, Xin and Zhang, Miao and Chen, Chunyang and Zhang, Qin and Zhou, Chuan and Pan, Shirui},
    booktitle = {Proceedings of the ACM Web Conference 2023},
    title = {Auto-HeG: Automated Graph Neural Network on Heterophilic Graphs},
    year = {2023}
}

@article{zheng2023can,
    author = {Zheng, Mingkai and Su, Xiu and You, Shan and Wang, Fei and Qian, Chen and Xu, Chang and Albanie, Samuel},
    journal = {ArXiv preprint},
    title = {Can GPT-4 Perform Neural Architecture Search?},
    year = {2023}
}

@inproceedings{Zhong2018PracticalBN,
    author = {Zhao Zhong and
Junjie Yan and
Wei Wu and
Jing Shao and
Cheng{-}Lin Liu},
    booktitle = {2018 {IEEE} Conference on Computer Vision and Pattern Recognition,
{CVPR} 2018, Salt Lake City, UT, USA, June 18-22, 2018},
    doi = {10.1109/CVPR.2018.00257},
    pages = {2423--2432},
    publisher = {{IEEE} Computer Society},
    timestamp = {Wed, 06 Feb 2019 00:00:00 +0100},
    title = {Practical Block-Wise Neural Network Architecture Generation},
    year = {2018}
}

@inproceedings{zhou2023leasttomost,
    author = {Zhou, Denny and Sch{\"a}rli, Nathanael and Hou, Le and Wei, Jason and Scales, Nathan and Wang, Xuezhi and Schuurmans, Dale and Cui, Claire and Bousquet, Olivier and Le, Quoc V and others},
    booktitle = {Proc. of ICLR},
    title = {Least-to-Most Prompting Enables Complex Reasoning in Large Language Models},
    year = {2022}
}

@inproceedings{Zhu2019AliGraphAC,
    author = {Hongxia Yang},
    booktitle = {Proceedings of the 25th {ACM} {SIGKDD} International Conference on
Knowledge Discovery {\&} Data Mining, {KDD} 2019, Anchorage, AK, USA,
August 4-8, 2019},
    doi = {10.1145/3292500.3340404},
    editor = {Ankur Teredesai and
Vipin Kumar and
Ying Li and
R{\'{o}}mer Rosales and
Evimaria Terzi and
George Karypis},
    pages = {3165--3166},
    publisher = {{ACM}},
    timestamp = {Sun, 28 Jul 2019 01:00:00 +0200},
    title = {AliGraph: {A} Comprehensive Graph Neural Network Platform},
    year = {2019}
}

@inproceedings{Zoph2017Learning,
    author = {Barret Zoph and
Vijay Vasudevan and
Jonathon Shlens and
Quoc V. Le},
    booktitle = {2018 {IEEE} Conference on Computer Vision and Pattern Recognition,
{CVPR} 2018, Salt Lake City, UT, USA, June 18-22, 2018},
    doi = {10.1109/CVPR.2018.00907},
    pages = {8697--8710},
    publisher = {{IEEE} Computer Society},
    timestamp = {Wed, 06 Feb 2019 00:00:00 +0100},
    title = {Learning Transferable Architectures for Scalable Image Recognition},
    year = {2018}
}

@inproceedings{Zoph2018LearningTA,
    author = {Barret Zoph and
Vijay Vasudevan and
Jonathon Shlens and
Quoc V. Le},
    booktitle = {2018 {IEEE} Conference on Computer Vision and Pattern Recognition,
{CVPR} 2018, Salt Lake City, UT, USA, June 18-22, 2018},
    doi = {10.1109/CVPR.2018.00907},
    pages = {8697--8710},
    publisher = {{IEEE} Computer Society},
    timestamp = {Wed, 06 Feb 2019 00:00:00 +0100},
    title = {Learning Transferable Architectures for Scalable Image Recognition},
    year = {2018}
}

@inproceedings{wang2023can,
    author = {Heng Wang and Shangbin Feng and Tianxing He and Zhaoxuan Tan and Xiaochuang Han and Yulia Tsvetkov},
    booktitle = {Thirty-seventh Conference on Neural Information Processing Systems},
    title = {Can Language Models Solve Graph Problems in Natural Language?},
    year = {2023}
}

@article{DBLP:journals/corr/abs-2007-02133,
  author       = {Ming Chen and
                  Zhewei Wei and
                  Zengfeng Huang and
                  Bolin Ding and
                  Yaliang Li},
  title        = {Simple and Deep Graph Convolutional Networks},
  journal      = {CoRR},
  volume       = {abs/2007.02133},
  year         = {2020},
  url          = {https://arxiv.org/abs/2007.02133},
  eprinttype    = {arXiv},
  eprint       = {2007.02133},
  timestamp    = {Fri, 17 Jul 2020 15:39:46 +0200},
  biburl       = {https://dblp.org/rec/journals/corr/abs-2007-02133.bib},
  bibsource    = {dblp computer science bibliography, https://dblp.org}
}

@inproceedings{bo2021beyond,
  title={Beyond low-frequency information in graph convolutional networks},
  author={Bo, Deyu and Wang, Xiao and Shi, Chuan and Shen, Huawei},
  booktitle={Proceedings of the AAAI conference on artificial intelligence},
  volume={35},
  number={5},
  pages={3950--3957},
  year={2021}
}

@article{yang2023large,
  title={Large language models as optimizers},
  author={Yang, Chengrun and Wang, Xuezhi and Lu, Yifeng and Liu, Hanxiao and Le, Quoc V and Zhou, Denny and Chen, Xinyun},
  journal={ArXiv reprint},
  year={2023}
}

@article{wang2023graph,
  title={Graph neural architecture search with gpt-4},
  author={Wang, Haishuai and Gao, Yang and Zheng, Xin and Zhang, Peng and Chen, Hongyang and Bu, Jiajun},
  journal={ArXiv preprint},
  year={2023}
}

@article{dong2023heterogeneous,
  title={Heterogeneous Graph Neural Architecture Search with GPT-4},
  author={Dong, Haoyuan and Gao, Yang and Wang, Haishuai and Yang, Hong and Zhang, Peng},
  journal={ArXiv preprint},
  year={2023}
}

@inproceedings{Fey/Lenssen/2019,
  title={Fast Graph Representation Learning with {PyTorch Geometric}},
  author={Fey, Matthias and Lenssen, Jan E.},
  booktitle={ICLR Workshop on Representation Learning on Graphs and Manifolds},
  year={2019},
}

@misc{he2023harnessing,
      title={Harnessing Explanations: LLM-to-LM Interpreter for Enhanced Text-Attributed Graph Representation Learning}, 
      author={Xiaoxin He and Xavier Bresson and Thomas Laurent and Adam Perold and Yann LeCun and Bryan Hooi},
      year={2023},
      eprint={2305.19523},
      archivePrefix={arXiv},
      primaryClass={cs.LG}
}

@inproceedings{zhang2023using,
  title={Using Large Language Models for Hyperparameter Optimization},
  author={Zhang, Michael R and Desai, Nishkrit and Bae, Juhan and Lorraine, Jonathan and Ba, Jimmy},
  booktitle={NeurIPS 2023 Foundation Models for Decision Making Workshop},
  year={2023}
}

@article{kipf2016semi,
  title={Semi-supervised classification with graph convolutional networks},
  author={Kipf, Thomas N and Welling, Max},
  journal={arXiv preprint arXiv:1609.02907},
  year={2016}
}

@article{velickovic2017graph,
  title={Graph attention networks},
  author={Velickovic, Petar and Cucurull, Guillem and Casanova, Arantxa and Romero, Adriana and Lio, Pietro and Bengio, Yoshua and others},
  journal={stat},
  volume={1050},
  number={20},
  pages={10--48550},
  year={2017}
}

@article{brody2021attentive,
  title={How attentive are graph attention networks?},
  author={Brody, Shaked and Alon, Uri and Yahav, Eran},
  journal={arXiv preprint arXiv:2105.14491},
  year={2021}
}

@inproceedings{schlichtkrull2018modeling,
  title={Modeling relational data with graph convolutional networks},
  author={Schlichtkrull, Michael and Kipf, Thomas N and Bloem, Peter and Van Den Berg, Rianne and Titov, Ivan and Welling, Max},
  booktitle={The semantic web: 15th international conference, ESWC 2018, Heraklion, Crete, Greece, June 3--7, 2018, proceedings 15},
  pages={593--607},
  year={2018},
  organization={Springer}
}

@inproceedings{wang2019heterogeneous,
  title={Heterogeneous graph attention network},
  author={Wang, Xiao and Ji, Houye and Shi, Chuan and Wang, Bai and Ye, Yanfang and Cui, Peng and Yu, Philip S},
  booktitle={The world wide web conference},
  pages={2022--2032},
  year={2019}
}

@inproceedings{hu2020heterogeneous,
  title={Heterogeneous graph transformer},
  author={Hu, Ziniu and Dong, Yuxiao and Wang, Kuansan and Sun, Yizhou},
  booktitle={Proceedings of the web conference 2020},
  pages={2704--2710},
  year={2020}
}

@inproceedings{fu2020magnn,
  title={Magnn: Metapath aggregated graph neural network for heterogeneous graph embedding},
  author={Fu, Xinyu and Zhang, Jiani and Meng, Ziqiao and King, Irwin},
  booktitle={Proceedings of the web conference 2020},
  pages={2331--2341},
  year={2020}
}

@article{gao2023hgnas++,
  title={HGNAS++: efficient architecture search for heterogeneous graph neural networks},
  author={Gao, Yang and Zhang, Peng and Zhou, Chuan and Yang, Hong and Li, Zhao and Hu, Yue and Philip, S Yu},
  journal={IEEE Transactions on Knowledge and Data Engineering},
  year={2023},
  publisher={IEEE}
}

@inproceedings{gao2021heterogeneous,
  title={Heterogeneous graph neural architecture search},
  author={Gao, Yang and Zhang, Peng and Li, Zhao and Zhou, Chuan and Liu, Yongchao and Hu, Yue},
  booktitle={2021 IEEE International Conference on Data Mining (ICDM)},
  pages={1066--1071},
  year={2021},
  organization={IEEE}
}

@article{hu2020open,
  title={Open graph benchmark: Datasets for machine learning on graphs},
  author={Hu, Weihua and Fey, Matthias and Zitnik, Marinka and Dong, Yuxiao and Ren, Hongyu and Liu, Bowen and Catasta, Michele and Leskovec, Jure},
  journal={Advances in neural information processing systems},
  volume={33},
  pages={22118--22133},
  year={2020}
}