@inproceedings{adler2018banach,
  title={Banach wasserstein gan},
  author={Adler, Jonas and Lunz, Sebastian},
  booktitle = {Proc. Adv. Neural Inf. Process. Syst.},
  year      = {2018},
  address   = {Montreal, Canada},
  month     = {Dec.},
  pages     = {6743--6752}
}

@article{apicella2012social,
  title={Social networks and cooperation in hunter-gatherers},
  author={Apicella, Coren L and Marlowe, Frank W and Fowler, James H and Christakis, Nicholas A},
  journal={Nature},
  volume={481},
  number={7382},
  pages={497--501},
  month={Jan.},
  year={2012},
}

@inproceedings{das2019tarmac,
  title={Tarmac: Targeted multi-agent communication},
  author={Das, Abhishek and Gervet, Th{\'e}ophile and Romoff, Joshua and Batra, Dhruv and Parikh, Devi and Rabbat, Mike and others},
  booktitle = {Proc. Int. Conf. Mach. Learn.},
  year      = {2019},
  address   = {Long Beach, USA},
  month     = {Jul.},
  pages     = {1538--1547}
}

@article{ding2023robust,
  title={Robust Multi-agent Communication with Graph Information Bottleneck Optimization},
  author={Ding, Shifei and Du, Wei and Ding, Ling and Zhang, Jian and Guo, Lili and An, Bo},
  journal={IEEE Trans. Pattern Anal. Mach. Intell.},
  volume={46},
  number={5},
  pages={3096--3107},
  month     = {Nov.},
  year={2023},
}

@inproceedings{foerster2016learning,
  title={Learning to communicate with deep multi-agent reinforcement learning},
  author={Foerster, Jakob and Assael, Ioannis Alexandros and De Freitas, Nando and Whiteson, Shimon},
  booktitle = {Proc. Adv. Neural Inf. Process. Syst.},
  year={2016},
  address   = {Barcelona, Spain},
  month     = {Dec.},
  pages={2137--2145},
}

@inproceedings{foerster2018counterfactual,
  title={Counterfactual multi-agent policy gradients},
  author={Foerster, Jakob and Farquhar, Gregory and Afouras, Triantafyllos and Nardelli, Nantas and Whiteson, Shimon},
  booktitle = {Proc. AAAI Conf. Artif. Intell.},
  year      = {2018},
  address   = {New Orleans, USA},
  month     = {Feb.},
  pages     = {2974--2982},
}

@inproceedings{goodfellow2014generative,
  title={Generative adversarial nets},
  author={Goodfellow, Ian and Pouget-Abadie, Jean and Mirza, Mehdi and Xu, Bing and Warde-Farley, David and Ozair, Sherjil and others},
  booktitle={Proc. Adv. Neural Inf. Process. Syst.},
  year={2014},
  address={Montréal, Canada},
  month={Dec.},
  pages={2672--2680}
}

@inproceedings{guan2022efficient,
  title={Efficient multi-agent communication via self-supervised information aggregation},
  author={Guan, Cong and Chen, Feng and Yuan, Lei and Wang, Chenghe and Yin, Hao and Zhang, Zongzhang and Yu, Yang},
  booktitle={Proc. Adv. Neural Inf. Process. Syst.},
  year={2022},
  address={New Orleans, USA},
  month={Dec.},
  pages={1020--1033}
}

@article{jiang2018graph,
  title={Graph convolutional reinforcement learning},
  author={Jiang, Jiechuan and Dun, Chen and Huang, Tiejun and Lu, Zongqing},
  journal={arXiv:1810.09202},
  year={2018}
}

@inproceedings{jiang2018learning,
  title={Learning attentional communication for multi-agent cooperation},
  author={Jiang, Jiechuan and Lu, Zongqing},
  booktitle = {Proc. Adv. Neural Inf. Process. Syst.},
  year = {2018},
  address = {Montréal, Canada},
  month = {Dec.},
  pages = {7254--7264},
}

@article{karras2017progressive,
  title={Progressive growing of gans for improved quality, stability, and variation},
  author={Karras, Tero and Aila, Timo and Laine, Samuli and Lehtinen, Jaakko},
  journal={arXiv:1710.10196},
  year={2017}
}

@inproceedings{ledig2017photo,
  title={Photo-realistic single image super-resolution using a generative adversarial network},
  author={Ledig, Christian and Theis, Lucas and Husz{\'a}r, Ferenc and Caballero, Jose and Cunningham, Andrew and Acosta, Alejandro and others},
  booktitle={Proc. IEEE Conf. Comput. Vis. Pattern Recognit.},
  year      = {2017},
  address   = {Honolulu, USA},
  month     = {Jul.},
  pages     = {4681--4690}
}

@article{li2021structured,
  title={Structured cooperative reinforcement learning with time-varying composite action space},
  author={Li, Wenhao and Wang, Xiangfeng and Jin, Bo and Luo, Dijun and Zha, Hongyuan},
  journal={IEEE Trans. Pattern Anal. Mach. Intell.},
  volume={44},
  number={11},
  pages={8618--8634},
  month={Nov.},
  year={2022},
}

@inproceedings{liu2020multi,
  title={Multi-agent game abstraction via graph attention neural network},
  author={Liu, Yong and Wang, Weixun and Hu, Yujing and Hao, Jianye and Chen, Xingguo and Gao, Yang},
  booktitle={Proc. AAAI Conf. Artif. Intell.},
  year={2020},
  address={New York, USA},
  month={Feb.},
  pages={7211--7218}
}

@inproceedings{lowe2017multi,
  title={Multi-agent actor-critic for mixed cooperative-competitive environments},
  author={Lowe, Ryan and Wu, Yi I and Tamar, Aviv and Harb, Jean and Pieter Abbeel, OpenAI and Mordatch, Igor},
  booktitle = {Proc. Adv. Neural Inf. Process. Syst.},
  year = {2017},
  address = {Long Beach, USA},
  month = {Dec.},
  pages = {6379--6390},
}

@article{radford2015unsupervised,
  title={Unsupervised representation learning with deep convolutional generative adversarial networks},
  author={Radford, Alec and Metz, Luke and Chintala, Soumith},
  journal={arXiv:1511.06434},
  year={2015}
}

@article{rashid2020monotonic,
  title={Monotonic value function factorisation for deep multi-agent reinforcement learning},
  author={Rashid, Tabish and Samvelyan, Mikayel and De Witt, Christian Schroeder and Farquhar, Gregory and Foerster, Jakob and Whiteson, Shimon},
  journal={Journal of Machine Learning Research},
  volume={21},
  number={178},
  pages={1--51},
  month     = {Aug.},
  year={2020},
}

@inproceedings{silver2014deterministic,
  title={Deterministic policy gradient algorithms},
  author={Silver, David and Lever, Guy and Heess, Nicolas and Degris, Thomas and Wierstra, Daan and Riedmiller, Martin},
  booktitle={Proc. Int. Conf. Mach. Learn.},
  year      = {2017},
  address   = {Beijing, China},
  month     = {Jun.},
  pages     = {387--395}
}

@article{singh2018learning,
  title={Learning when to communicate at scale in multiagent cooperative and competitive tasks},
  author={Singh, Amanpreet and Jain, Tushar and Sukhbaatar, Sainbayar},
  journal={arXiv:1812.09755},
  year={2018}
}

@inproceedings{son2019qtran,
  title={Qtran: Learning to factorize with transformation for cooperative multi-agent reinforcement learning},
  author={Son, Kyunghwan and Kim, Daewoo and Kang, Wan Ju and Hostallero, David Earl and Yi, Yung},
  booktitle = {Proc. Int. Conf. Mach. Learn.},
  year      = {2019},
  address   = {Long Beach, USA},
  month     = {Jul.},
  pages     = {2026--2035}
}

@inproceedings{sukhbaatar2016learning,
  title={Learning multiagent communication with backpropagation},
  author={Sukhbaatar, Sainbayar  and  Szlam, Arthur  and  Fergus, Rob},
  booktitle = {Proc. Adv. Neural Inf. Process. Syst.},
  year = {2016},
  address = {Barcelona, Spain},
  month = {Dec.},
  pages = {2244--2252},
}

@article{sunehag2017value,
  title={Value-decomposition networks for cooperative multi-agent learning},
  author={Sunehag, Peter  and  Lever, Guy  and  Gruslys, Audrunas  and  Czarnecki, Wojciech Marian  and  Zambaldi, Vinicius  and  Jaderberg, Max  and  others},
  journal={arXiv preprint arXiv:1706.05296},
  year={2017}
}

@inproceedings{wang2019learning,
  title={Learning Nearly Decomposable Value Functions Via Communication Minimization},
  author={Wang, Tonghan  and  Wang, Jianhao  and  Zheng, Chongyi  and  Zhang, Chongjie},
  booktitle = {Proc. Int. Conf. Learn. Represent.},
  year = {2020},
  address = {Addis Ababa, Ethiopia},
  month = {Apr.},
  pages = {1--15},
}

@inproceedings{wang2020qplex,
  title={Qplex: Duplex dueling multi-agent q-learning},
  author={Wang, Jianhao and Ren, Zhizhou and Liu, Terry and Yu, Yang and Zhang, Chongjie},
  booktitle = {Proc. Int. Conf. Learn. Represent.},
  year = {2020},
  address = {Addis Ababa, Ethiopia},
  month = {Apr.},
  pages = {21--32},
}

@inproceedings{yang2017high,
  title={High-resolution image inpainting using multi-scale neural patch synthesis},
  author={Yang, Chao and Lu, Xin and Lin, Zhe and Shechtman, Eli and Wang, Oliver and Li, Hao},
  booktitle={Proc. IEEE Conf. Comput. Vis. Pattern Recognit.},
  year      = {2017},
  address   = {Honolulu, USA},
  month     = {Jul.},
  pages     = {6721--6729}
}

@inproceedings{yu2022surprising,
  author    = {Yu, Chao and Velu, Akash and Vinitsky, Eugene and Gao, Jiaxuan and Wang, Yu and Bayen, Alexandre and Wu, Yi},
  title     = {The surprising effectiveness of ppo in cooperative multi-agent games},
  booktitle = {Proc. Adv. Neural Inf. Process. Syst.},
  year      = {2022},
  address   = {New Orleans, USA},
  month     = {Nov.},
  pages={611--624},
}

@inproceedings{zhang2020succinct,
  title={Succinct and robust multi-agent communication with temporal message control},
  author={Zhang, Sai Qian and Zhang, Qi and Lin, Jieyu},
  booktitle = {Proc. Adv. Neural Inf. Process. Syst.},
  year={2020},
  month     = {Dec.},
  address   = {Vancouver, Canada},
  pages={271--282},
}

@inproceedings{zhu2017unpaired,
  title={Unpaired image-to-image translation using cycle-consistent adversarial networks},
  author={Zhu, Jun-Yan and Park, Taesung and Isola, Phillip and Efros, Alexei A},
  booktitle={Proc. IEEE Conf. Comput. Vis. Pattern Recognit.},
  year      = {2017},
  address   = {Honolulu, USA},
  month     = {Jul.},
  pages     = {2242--2251}
}

