@article{ding2023robust,
  title={Robust Multi-agent Communication with Graph Information Bottleneck Optimization},
  author={Ding, Shifei and Du, Wei and Ding, Ling and Zhang, Jian and Guo, Lili and An, Bo},
  journal={IEEE Trans. Pattern Anal. Mach. Intell.},
  volume={46},
  number={5},
  pages={3096--3107},
  month     = {Nov.},
  year={2023},
}

@inproceedings{yu2022surprising,
  author    = {Yu, Chao and Velu, Akash and Vinitsky, Eugene and Gao, Jiaxuan and Wang, Yu and Bayen, Alexandre and Wu, Yi},
  title     = {The surprising effectiveness of ppo in cooperative multi-agent games},
  booktitle = {Proc. Adv. Neural Inf. Process. Syst.},
  year      = {2022},
  address   = {New Orleans, USA},
  month     = {Nov.},
  pages={611--624},
}

@inproceedings{foerster2016learning,
  title={Learning to communicate with deep multi-agent reinforcement learning},
  author={Foerster, Jakob and Assael, Ioannis Alexandros and De Freitas, Nando and Whiteson, Shimon},
  booktitle = {Proc. Adv. Neural Inf. Process. Syst.},
  year={2016},
  address   = {Barcelona, Spain},
  month     = {Dec.},
  pages={2137--2145},
}

@article{huttenrauch2019deep,
  title={Deep reinforcement learning for swarm systems},
  author={H{\"u}ttenrauch, Maximilian and {\v{S}}o{\v{s}}i{\'c}, Adrian and Neumann, Gerhard},
  journal={J. Mach. Learn. Res.},
  volume={20},
  number={54},
  pages={1--31},
  month     = {Feb.},
  year={2019}
}

@article{roesch2020smart,
  title={Smart grid for industry using multi-agent reinforcement learning},
  author={Roesch, Martin and Linder, Christian and Zimmermann, Roland and Rudolf, Andreas and Hohmann, Andrea and Reinhart, Gunther},
  journal={Appl. Sci.},
  volume={10},
  number={19},
  pages={6900--6920},
  month     = {Oct.},
  year={2020},
}

@article{hu2023mo,
  title={MO-MIX: Multi-objective multi-agent cooperative decision-making with deep reinforcement learning},
  author={Hu, Tianmeng and Luo, Biao and Yang, Chunhua and Huang, Tingwen},
  journal={IEEE Trans. Pattern Anal. Mach. Intell.},
  volume={45},
  number={10},
  pages={098--112},
  month     = {Oct.},
  year={2023},
}

@article{lyu2021contrasting,
  title={Contrasting centralized and decentralized critics in multi-agent reinforcement learning},
  author={Lyu, Xueguang and Xiao, Yuchen and Daley, Brett and Amato, Christopher},
  journal={arXiv:2102.04402},
  year={2021}
}

@inproceedings{foerster2018counterfactual,
  title={Counterfactual multi-agent policy gradients},
  author={Foerster, Jakob and Farquhar, Gregory and Afouras, Triantafyllos and Nardelli, Nantas and Whiteson, Shimon},
  booktitle = {Proc. AAAI Conf. Artif. Intell.},
  year      = {2018},
  address   = {New Orleans, USA},
  month     = {Feb.},
  pages     = {2974--2982},
}

@article{li2022metadrive,
  title={Metadrive: Composing diverse driving scenarios for generalizable reinforcement learning},
  author={Li, Quanyi and Peng, Zhenghao and Feng, Lan and Zhang, Qihang and Xue, Zhenghai and Zhou, Bolei},
  journal={IEEE Trans. Pattern Anal. Mach. Intell.},
  volume={45},
  number={3},
  pages={461--475},
  month     = {Jul.},
  year={2022},
}

@article{sunehag2017value,
  title={Value-decomposition networks for cooperative multi-agent learning},
  author={Sunehag, Peter  and  Lever, Guy  and  Gruslys, Audrunas  and  Czarnecki, Wojciech Marian  and  Zambaldi, Vinicius  and  Jaderberg, Max  and  others},
  journal={arXiv preprint arXiv:1706.05296},
  year={2017}
}

@inproceedings{ding2020learning,
  author    = {Ding, Ziluo and Huang, Tiejun and Lu, Zongqing},
  title     = {Learning individually inferred communication for multi-agent cooperation},
  booktitle = {Proc. Adv. Neural Inf. Process. Syst.},
  year = {2020},
  address = {Vancouver, Canada},
  month = {Dec.},
  pages = {652--663},
}

@inproceedings{lowe2017multi,
  title={Multi-agent actor-critic for mixed cooperative-competitive environments},
  author={Lowe, Ryan and Wu, Yi I and Tamar, Aviv and Harb, Jean and Pieter Abbeel, OpenAI and Mordatch, Igor},
  booktitle = {Proc. Adv. Neural Inf. Process. Syst.},
  year = {2017},
  address = {Long Beach, USA},
  month = {Dec.},
  pages = {6379--6390},
}

@inproceedings{wang2019learning,
  title={Learning Nearly Decomposable Value Functions Via Communication Minimization},
  author={Wang, Tonghan  and  Wang, Jianhao  and  Zheng, Chongyi  and  Zhang, Chongjie},
  booktitle = {Proc. Int. Conf. Learn. Represent.},
  year = {2020},
  address = {Addis Ababa, Ethiopia},
  month = {Apr.},
  pages = {1--15},
}

@inproceedings{yuan2022multi,
  title={Multi-Agent Concentrative Coordination with Decentralized Task Representation},
  author={Yuan, Lei and Wang, Chenghe and Wang, Jianhao and Zhang, Fuxiang and Chen, Feng and Guan, Cong and others},
  booktitle = {Proc. Int. Joint Conf. Artif. Intell.},
  year = {2022},
  address = {Vienna, Austria},
  month = {Jul.},
  pages = {2852--2858},
}

@inproceedings{wang2020qplex,
  title={Qplex: Duplex dueling multi-agent q-learning},
  author={Wang, Jianhao and Ren, Zhizhou and Liu, Terry and Yu, Yang and Zhang, Chongjie},
  booktitle = {Proc. Int. Conf. Learn. Represent.},
  year = {2020},
  address = {Addis Ababa, Ethiopia},
  month = {Apr.},
  pages = {21--32},
}

@article{rashid2020monotonic,
  title={Monotonic value function factorisation for deep multi-agent reinforcement learning},
  author={Rashid, Tabish and Samvelyan, Mikayel and De Witt, Christian Schroeder and Farquhar, Gregory and Foerster, Jakob and Whiteson, Shimon},
  journal={Journal of Machine Learning Research},
  volume={21},
  number={178},
  pages={1--51},
  month     = {Aug.},
  year={2020},
}

@inproceedings{sukhbaatar2016learning,
  title={Learning multiagent communication with backpropagation},
  author={Sukhbaatar, Sainbayar  and  Szlam, Arthur  and  Fergus, Rob},
  booktitle = {Proc. Adv. Neural Inf. Process. Syst.},
  year = {2016},
  address = {Barcelona, Spain},
  month = {Dec.},
  pages = {2244--2252},
}

@article{singh2018learning,
  title={Learning when to communicate at scale in multiagent cooperative and competitive tasks},
  author={Singh, Amanpreet and Jain, Tushar and Sukhbaatar, Sainbayar},
  journal={arXiv:1812.09755},
  year={2018}
}

@inproceedings{jiang2018learning,
  title={Learning attentional communication for multi-agent cooperation},
  author={Jiang, Jiechuan and Lu, Zongqing},
  booktitle = {Proc. Adv. Neural Inf. Process. Syst.},
  year = {2018},
  address = {Montréal, Canada},
  month = {Dec.},
  pages = {7254--7264},
}

@inproceedings{niu2021multi,
  title={Multi-Agent Graph-Attention Communication and Teaming},
  author={Niu, Yaru and Paleja, Rohan R and Gombolay, Matthew C},
  booktitle = {Proc. Int. Conf. Auton. Agents Multiagent Syst.},
  year = {2021},
  address = {London, UK},
  month = {May},
  pages = {764--772},
}

@article{jiang2018graph,
  title={Graph convolutional reinforcement learning},
  author={Jiang, Jiechuan and Dun, Chen and Huang, Tiejun and Lu, Zongqing},
  journal={arXiv:1810.09202},
  year={2018}
}

@inproceedings{liu2020multi,
  title={Multi-agent game abstraction via graph attention neural network},
  author={Liu, Yong and Wang, Weixun and Hu, Yujing and Hao, Jianye and Chen, Xingguo and Gao, Yang},
  booktitle={Proc. AAAI Conf. Artif. Intell.},
  year={2020},
  address={New York, USA},
  month={Feb.},
  pages={7211--7218}
}

@inproceedings{guan2022efficient,
  title={Efficient multi-agent communication via self-supervised information aggregation},
  author={Guan, Cong and Chen, Feng and Yuan, Lei and Wang, Chenghe and Yin, Hao and Zhang, Zongzhang and Yu, Yang},
  booktitle={Proc. Adv. Neural Inf. Process. Syst.},
  year={2022},
  address={New Orleans, USA},
  month={Dec.},
  pages={1020--1033}
}

@inproceedings{goodfellow2014generative,
  title={Generative adversarial nets},
  author={Goodfellow, Ian and Pouget-Abadie, Jean and Mirza, Mehdi and Xu, Bing and Warde-Farley, David and Ozair, Sherjil and others},
  booktitle={Proc. Adv. Neural Inf. Process. Syst.},
  year={2014},
  address={Montréal, Canada},
  month={Dec.},
  pages={2672--2680}
}

@inproceedings{rangwala2020learning,
  title={Learning multi-agent communication through structured attentive reasoning},
  author={Rangwala, Murtaza and Williams, Ryan},
  booktitle={Proc. Adv. Neural Inf. Process. Syst.},
  year={2020},
  month={Dec.},
  pages={325--336}
}

@article{samvelyan2019starcraft,
  title={The starcraft multi-agent challenge},
  author={Samvelyan, Mikayel and Rashid, Tabish and De Witt, Christian Schroeder and Farquhar, Gregory and Nardelli, Nantas and Rudner, Tim GJ and others},
  journal={arXiv:1902.04043},
  year={2019}
}

@article{mnih2015human,
  title={Human-level control through deep reinforcement learning},
  author={Mnih, Volodymyr and Kavukcuoglu, Koray and Silver, David and Rusu, Andrei A and Veness, Joel and Bellemare, Marc G and others},
  journal={Nature},
  volume={518},
  number={7540},
  pages={529--533},
  month={Feb.},
  year={2015},
}

@inproceedings{ho2020denoising,
  title={Denoising diffusion probabilistic models},
  author={Ho, Jonathan and Jain, Ajay and Abbeel, Pieter},
  booktitle = {Proc. Adv. Neural Inf. Process. Syst.},
  year      = {2020},
  address   = {Vancouver, Canada},
  month     = {Dec.},
  pages     = {6840--6851}
}

@inproceedings{lyu2022mildly,
  title={Mildly conservative q-learning for offline reinforcement learning},
  author={Lyu, Jiafei and Ma, Xiaoteng and Li, Xiu and Lu, Zongqing},
  booktitle = {Proc. Adv. Neural Inf. Process. Syst.},
  year      = {2022},
  address   = {New Orleans, USA},
  month     = {Dec.},
  pages     = {1255--1266}
}

@article{apicella2012social,
  title={Social networks and cooperation in hunter-gatherers},
  author={Apicella, Coren L and Marlowe, Frank W and Fowler, James H and Christakis, Nicholas A},
  journal={Nature},
  volume={481},
  number={7382},
  pages={497--501},
  month={Jan.},
  year={2012},
}

@inproceedings{verma2021graphmix,
  title={Graphmix: Improved training of gnns for semi-supervised learning},
  author={Verma, Vikas and Qu, Meng and Kawaguchi, Kenji and Lamb, Alex and Bengio, Yoshua and Kannala, Juho and others},
  booktitle = {Proc. AAAI Conf. Artif. Intell.},
  year      = {2021},
  address   = {New York, USA},
  month     = {Feb.},
  pages     = {1252--1260}
}

@inproceedings{das2019tarmac,
  title={Tarmac: Targeted multi-agent communication},
  author={Das, Abhishek and Gervet, Th{\'e}ophile and Romoff, Joshua and Batra, Dhruv and Parikh, Devi and Rabbat, Mike and others},
  booktitle = {Proc. Int. Conf. Mach. Learn.},
  year      = {2019},
  address   = {Long Beach, USA},
  month     = {Jul.},
  pages     = {1538--1547}
}

@inproceedings{son2019qtran,
  title={Qtran: Learning to factorize with transformation for cooperative multi-agent reinforcement learning},
  author={Son, Kyunghwan and Kim, Daewoo and Kang, Wan Ju and Hostallero, David Earl and Yi, Yung},
  booktitle = {Proc. Int. Conf. Mach. Learn.},
  year      = {2019},
  address   = {Long Beach, USA},
  month     = {Jul.},
  pages     = {2026--2035}
}

@inproceedings{eccles2019biases,
  title={Biases for emergent communication in multi-agent reinforcement learning},
  author={Eccles, Tom and Bachrach, Yoram and Lever, Guy and Lazaridou, Angeliki and Graepel, Thore},
  booktitle = {Proc. Adv. Neural Inf. Process. Syst.},
  year      = {2019},
  address   = {Vancouver, Canada},
  month     = {Dec.},
  pages     = {2635--2645}
}

@inproceedings{lin2021learning,
  title={Learning to ground multi-agent communication with autoencoders},
  author={Lin, Toru and Huh, Jacob and Stauffer, Christopher and Lim, Ser Nam and Isola, Phillip},
  booktitle = {Proc. Adv. Neural Inf. Process. Syst.},
  year      = {2021},
  address   = {Vancouver, Canada},
  month     = {Dec.},
  pages     = {1445--1455}
}

@inproceedings{wang2021towards,
  title={Towards understanding cooperative multi-agent q-learning with value factorization},
  author={Wang, Jianhao and Ren, Zhizhou and Han, Beining and Ye, Jianing and Zhang, Chongjie},
  booktitle = {Proc. Adv. Neural Inf. Process. Syst.},
  year      = {2021},
  address   = {Vancouver, Canada},
  month     = {Dec.},
  pages     = {1783--1793}
}

@article{li2021structured,
  title={Structured cooperative reinforcement learning with time-varying composite action space},
  author={Li, Wenhao and Wang, Xiangfeng and Jin, Bo and Luo, Dijun and Zha, Hongyuan},
  journal={IEEE Trans. Pattern Anal. Mach. Intell.},
  volume={44},
  number={11},
  pages={8618--8634},
  month={Nov.},
  year={2022},
}

@inproceedings{zhang2020succinct,
  title={Succinct and robust multi-agent communication with temporal message control},
  author={Zhang, Sai Qian and Zhang, Qi and Lin, Jieyu},
  booktitle = {Proc. Adv. Neural Inf. Process. Syst.},
  year={2020},
  month     = {Dec.},
  address   = {Vancouver, Canada},
  pages={271--282},
}

@inproceedings{shwartz2024information,
  title={An Information Theory Perspective on Variance-Invariance-Covariance Regularization},
  author={Shwartz-Ziv, Ravid and Balestriero, Randall and Kawaguchi, Kenji and Rudner, Tim GJ and LeCun, Yann},
  booktitle = {Proc. Adv. Neural Inf. Process. Syst.},
  year={2024},
  address   = {New Orleans, USA},
  month     = {Dec.},
  pages={1--34},
}

@inproceedings{vaswani2017attention,
  title={Attention is all you need},
  author={Vaswani, Ashish and Shazeer, Noam and Parmar, Niki and Uszkoreit, Jakob and Jones, Llion and Gomez, Aidan N and others},
  booktitle = {Proc. Adv. Neural Inf. Process. Syst.},
  year      = {2017},
  address   = {Long Beach, USA},
  month     = {Dec.},
  pages     = {5998--6008}
}

@inproceedings{ronneberger2015u,
  title={U-net: Convolutional networks for biomedical image segmentation},
  author={Ronneberger, Olaf and Fischer, Philipp and Brox, Thomas},
  booktitle={Proc. Med. Image Comput. Comput. Assisted Intervention},
  year      = {2015},
  address   = {Munich, Germany},
  month     = {Oct.},
  pages     = {234--241}
}

@article{papoudakis2020benchmarking,
  title={Benchmarking multi-agent deep reinforcement learning algorithms in cooperative tasks},
  author={Papoudakis, Georgios and Christianos, Filippos and Sch{\"a}fer, Lukas and Albrecht, Stefano V},
  journal={arXiv:2006.07869},
  year={2020}
}

@article{liu2024interaction,
  title={Interaction pattern disentangling for multi-agent reinforcement learning},
  author={Liu, Shunyu and Song, Jie and Zhou, Yihe and Yu, Na and Chen, Kaixuan and Feng, Zunlei and others},
  journal={IEEE Trans. Pattern Anal. Mach. Intell.},
  volume={46},
  number={1},
  pages={104--119},
  month={Jan.},
  year={2024},
}

@article{radford2015unsupervised,
  title={Unsupervised representation learning with deep convolutional generative adversarial networks},
  author={Radford, Alec and Metz, Luke and Chintala, Soumith},
  journal={arXiv:1511.06434},
  year={2015}
}

@inproceedings{ledig2017photo,
  title={Photo-realistic single image super-resolution using a generative adversarial network},
  author={Ledig, Christian and Theis, Lucas and Husz{\'a}r, Ferenc and Caballero, Jose and Cunningham, Andrew and Acosta, Alejandro and others},
  booktitle={Proc. IEEE Conf. Comput. Vis. Pattern Recognit.},
  year      = {2017},
  address   = {Honolulu, USA},
  month     = {Jul.},
  pages     = {4681--4690}
}

@inproceedings{yang2017high,
  title={High-resolution image inpainting using multi-scale neural patch synthesis},
  author={Yang, Chao and Lu, Xin and Lin, Zhe and Shechtman, Eli and Wang, Oliver and Li, Hao},
  booktitle={Proc. IEEE Conf. Comput. Vis. Pattern Recognit.},
  year      = {2017},
  address   = {Honolulu, USA},
  month     = {Jul.},
  pages     = {6721--6729}
}

@article{karras2017progressive,
  title={Progressive growing of gans for improved quality, stability, and variation},
  author={Karras, Tero and Aila, Timo and Laine, Samuli and Lehtinen, Jaakko},
  journal={arXiv:1710.10196},
  year={2017}
}

@inproceedings{adler2018banach,
  title={Banach wasserstein gan},
  author={Adler, Jonas and Lunz, Sebastian},
  booktitle = {Proc. Adv. Neural Inf. Process. Syst.},
  year      = {2018},
  address   = {Montreal, Canada},
  month     = {Dec.},
  pages     = {6743--6752}
}

@inproceedings{zhu2017unpaired,
  title={Unpaired image-to-image translation using cycle-consistent adversarial networks},
  author={Zhu, Jun-Yan and Park, Taesung and Isola, Phillip and Efros, Alexei A},
  booktitle={Proc. IEEE Conf. Comput. Vis. Pattern Recognit.},
  year      = {2017},
  address   = {Honolulu, USA},
  month     = {Jul.},
  pages     = {2242--2251}
}

@inproceedings{silver2014deterministic,
  title={Deterministic policy gradient algorithms},
  author={Silver, David and Lever, Guy and Heess, Nicolas and Degris, Thomas and Wierstra, Daan and Riedmiller, Martin},
  booktitle={Proc. Int. Conf. Mach. Learn.},
  year      = {2017},
  address   = {Beijing, China},
  month     = {Jun.},
  pages     = {387--395}
}

@article{misra2019mish,
  title={Mish: A self regularized non-monotonic activation function},
  author={Misra, Diganta},
  journal={arXiv:1908.08681},
  year={2019}
}

@inproceedings{zhou2021smarts,
  title={Smarts: An open-source scalable multi-agent {RL} training school for autonomous driving},
  author={Zhou, Ming and Luo, Jun and Villella, Julian and Yang, Yaodong and Rusu, David and Miao, Jiayu and others},
  booktitle={Proc. Conf. on Robot Learn.},
  year={2021},
  address   = {London, UK},
  month     = {Nov.},
  pages     = {323--352}
}