@article{alghushairy2020review,
  title={A review of local outlier factor algorithms for outlier detection in big data streams},
  author={Alghushairy, O. and Alsini, R. and Soule, T. and Ma, X.},
  journal={Big Data and Cognitive Computing},
  volume={5},
  number={1},
  pages={1},
  year={2020},
  publisher={MDPI}
}

@article{barber1996quickhull,
  title={The quickhull algorithm for convex hulls},
  author={Barber, C. B. and Dobkin, D. P. and Huhdanpaa, H.},
  journal={ACM Transactions on Mathematical Software (TOMS)},
  volume={22},
  number={4},
  pages={469--483},
  year={1996}
}

@article{blaise2022group,
  title={Group anomaly detection in mobile app usages: A spatiotemporal convex hull methodology},
  author={Blaise, A. and Bouet, M. and Conan, V. and Secci, S.},
  journal={Computer Networks},
  volume={216},
  pages={109277},
  year={2022},
  publisher={Elsevier}
}

@article{chan1996optimal,
  title={Optimal output-sensitive convex hull algorithms in two and three dimensions},
  author={Chan, T. M.},
  journal={Discrete \& Computational Geometry},
  volume={16},
  number={4},
  pages={361--368},
  year={1996},
  publisher={Springer}
}

@inproceedings{cheng2019outlier,
  title={Outlier detection using isolation forest and local outlier factor},
  author={Cheng, Z. and Zou, C. and Dong, J.},
  booktitle={Proceedings of the conference on research in adaptive and convergent systems},
  pages={161--168},
  year={2019}
}

@inproceedings{costa2013partially,
  title={Partially supervised anomaly detection using convex hulls on a 2D parameter space},
  author={Costa, G. B. P. and Ponti, M. and Frery, A. C.},
  booktitle={Partially Supervised Learning: Second IAPR International Workshop, PSL 2013, Nanjing, China, May 13-14, 2013, Revised Selected Papers 2},
  pages={1--8},
  year={2013},
  organization={Springer}
}

@book{cristescu2013non,
  title={Non-connected convexities and applications},
  author={Cristescu, G. and Lupsa, L.},
  volume={68},
  year={2013},
  publisher={Springer Science \& Business Media},   
  page = {48}
}

@incollection{ghahramani2003unsupervised,
  title={Unsupervised learning},
  author={Ghahramani, Z.},
  booktitle={Summer school on machine learning},
  pages={72--112},
  year={2003},
  publisher={Springer}
}

@article{jayaram2016convex,
  title={Convex hulls in image processing: a scoping review},
  author={Jayaram, M. A. and Fleyeh, H.},
  journal={American Journal of Intelligent Systems},
  volume={6},
  number={2},
  pages={48--58},
  year={2016}
}

@article{lachand2005minimizing,
  title={Minimizing within convex bodies using a convex hull method},
  author={Lachand-Robert, T. and Oudet, E.},
  journal={SIAM Journal on Optimization},
  volume={16},
  number={2},
  pages={368--379},
  year={2005},
  publisher={SIAM}
}

@article{lee1984computational,
  title={Computational geometry—a survey},
  author={Lee and Preparata},
  journal={IEEE Transactions on Computers},
  volume={100},
  number={12},
  pages={1072--1101},
  year={1984},
  publisher={IEEE}
}

@article{li2016anomaly,
  title={Anomaly detection via a Gaussian Mixture Model for flight operation and safety monitoring},
  author={Li, L. and Hansman, R. J. and Palacios, R. and Welsch, R.},
  journal={Transportation Research Part C: Emerging Technologies},
  volume={64},
  pages={45--57},
  year={2016},
  publisher={Elsevier}
}

@inproceedings{munz2007traffic,
  title={Traffic anomaly detection using k-means clustering},
  author={M{\"u}nz, G. and Li, S. and Carle, G.},
  booktitle={Gi/itg workshop mmbnet},
  volume={7},
  number={9},
  year={2007}
}

@article{nielsen2009sided,
  title={Sided and symmetrized Bregman centroids},
  author={Nielsen, F. and Nock, R.},
  journal={IEEE transactions on Information Theory},
  volume={55},
  number={6},
  pages={2882--2904},
  year={2009},
  publisher={IEEE}
}

@article{oza2018one,
  title={One-class convolutional neural network},
  author={Oza, P. and Patel, V. M.},
  journal={IEEE Signal Processing Letters},
  volume={26},
  number={2},
  pages={277--281},
  year={2018},
  publisher={IEEE}
}

@article{schubert2017dbscan,
  title={DBSCAN revisited, revisited: why and how you should (still) use DBSCAN},
  author={Schubert, E. and Sander, J. and Ester, M. and Kriegel, H. P. and Xu, X.},
  journal={ACM Transactions on Database Systems (TODS)},
  volume={42},
  number={3},
  pages={1--21},
  year={2017},
  publisher={Acm New York, NY, USA}
}

@article{shin2005one,
  title={One-class support vector machines—an application in machine fault detection and classification},
  author={Shin, H. J. and Eom, D-H. and Kim, S-S.},
  journal={Computers \& Industrial Engineering},
  volume={48},
  number={2},
  pages={395--408},
  year={2005},
  publisher={Elsevier}
}

@article{wang2022anomaly,
  title={Anomaly detection based on convex analysis: A survey},
  author={Wang, T. and Cai, M. and Ouyang, X. and Cao, Z. and Cai, T. and Tan, X. and Lu, X.},
  journal={Frontiers in Physics},
  volume={10},
  pages={873848},
  year={2022},
  publisher={Frontiers Media SA}
}

@inproceedings{xu2010concave,
  title={A concave hull algorithm for scattered data and its applications},
  author={Xu, J. and Zheng, Z. and Feng, Y. and Qing, X.},
  booktitle={2010 3rd International Congress on Image and Signal Processing},
  volume={5},
  pages={2430--2433},
  year={2010},
  organization={IEEE}
}

@article{yang2021mean,
  title={Mean-shift outlier detection and filtering},
  author={Yang, J. and Rahardja, S. and Fr{\"a}nti, P.},
  journal={Pattern Recognition},
  volume={115},
  pages={107874},
  year={2021},
  publisher={Elsevier}
}

@inproceedings{zhang2007ch,
  title={CH-SVM based network anomaly detection},
  author={Zhang, X-Q. and Gu, C-H.},
  booktitle={2007 International Conference on Machine Learning and Cybernetics},
  volume={6},
  pages={3261--3266},
  year={2007},
  organization={IEEE}
}

