@article{Li2024AutomatedSM,
  title={Automated Statistical Model Discovery with Language Models},
  author={Michael Y. Li and Emily B. Fox and Noah D. Goodman},
  journal={ArXiv},
  year={2024},
  volume={abs/2402.17879},
  url={https://api.semanticscholar.org/CorpusID:268041863}
}

@inproceedings{TheC3,
  title={The Claude 3 Model Family: Opus, Sonnet, Haiku},
  author={Anthropic},
  year={2024},
  url={https://api.semanticscholar.org/CorpusID:268232499}
}

@inproceedings{Zheng2023CodeGeeX,
author = {Zheng, Qinkai and Xia, Xiao and Zou, Xu and Dong, Yuxiao and Wang, Shan and Xue, Yufei and Shen, Lei and Wang, Zihan and Wang, Andi and Li, Yang and Su, Teng and Yang, Zhilin and Tang, Jie},
title = {CodeGeeX: A Pre-Trained Model for Code Generation with Multilingual Benchmarking on HumanEval-X},
year = {2023},
isbn = {9798400701030},
publisher = {Association for Computing Machinery},
address = {New York, NY, USA},
url = {https://doi.org/10.1145/3580305.3599790},
doi = {10.1145/3580305.3599790},
booktitle = {Proceedings of the 29th ACM SIGKDD Conference on Knowledge Discovery and Data Mining},
pages = {5673–5684},
numpages = {12},
keywords = {code generation, large language model, pre-trained model},
location = {Long Beach, CA, USA},
series = {KDD '23}
}

@misc{bordt2024datascience,
      title={Data Science with LLMs and Interpretable Models}, 
      author={Sebastian Bordt and Ben Lengerich and Harsha Nori and Rich Caruana},
      year={2024},
      eprint={2402.14474},
      archivePrefix={arXiv},
      primaryClass={cs.LG},
      url={https://arxiv.org/abs/2402.14474}, 
}

@misc{chen2021evaluatinglargelanguagemodels,
      title={Evaluating Large Language Models Trained on Code}, 
      author={Mark Chen and Jerry Tworek and Heewoo Jun and Qiming Yuan et. al},
      year={2021},
      eprint={2107.03374},
      archivePrefix={arXiv},
      primaryClass={cs.LG},
      url={https://arxiv.org/abs/2107.03374}, 
}

@misc{grattafiori2024llama3,
      title={The Llama 3 Herd of Models}, 
      author={Aaron Grattafiori and Abhimanyu Dubey and Abhinav Jauhri and Abhinav Pandey et. al},
      year={2024},
      eprint={2407.21783},
      archivePrefix={arXiv},
      primaryClass={cs.AI},
      url={https://arxiv.org/abs/2407.21783}, 
}

@article{gu2024blade,
  title={Blade: Benchmarking language model agents for data-driven science},
  author={Gu, Ken and Shang, Ruoxi and Jiang, Ruien and Kuang, Keying and Lin, Richard-John and Lyu, Donghe and Mao, Yue and Pan, Youran and Wu, Teng and Yu, Jiaqian and others},
  journal={arXiv preprint arXiv:2408.09667},
  year={2024}
}

@misc{guo2024deepseek,
      title={DeepSeek-Coder: When the Large Language Model Meets Programming -- The Rise of Code Intelligence}, 
      author={Daya Guo and Qihao Zhu and Dejian Yang and Zhenda Xie and Kai Dong and Wentao Zhang and Guanting Chen and Xiao Bi and Y. Wu and Y. K. Li and Fuli Luo and Yingfei Xiong and Wenfeng Liang},
      year={2024},
      eprint={2401.14196},
      archivePrefix={arXiv},
      primaryClass={cs.SE},
      url={https://arxiv.org/abs/2401.14196}, 
}

@article{guo2024ds,
  title={DS-Agent: Automated Data Science by Empowering Large Language Models with Case-Based Reasoning},
  author={Guo, Siyuan and Deng, Cheng and Wen, Ying and Chen, Hechang and Chang, Yi and Wang, Jun},
  journal={arXiv preprint arXiv:2402.17453},
  year={2024}
}

@inproceedings{hazoom2021text,
    title = "Text-to-{SQL} in the Wild: A Naturally-Occurring Dataset Based on Stack Exchange Data",
    author = "Hazoom, Moshe  and
      Malik, Vibhor  and
      Bogin, Ben",
    editor = "Lachmy, Royi  and
      Yao, Ziyu  and
      Durrett, Greg  and
      Gligoric, Milos  and
      Li, Junyi Jessy  and
      Mooney, Ray  and
      Neubig, Graham  and
      Su, Yu  and
      Sun, Huan  and
      Tsarfaty, Reut",
    booktitle = "Proceedings of the 1st Workshop on Natural Language Processing for Programming (NLP4Prog 2021)",
    month = aug,
    year = "2021",
    address = "Online",
    publisher = "Association for Computational Linguistics",
    url = "https://aclanthology.org/2021.nlp4prog-1.9/",
    doi = "10.18653/v1/2021.nlp4prog-1.9",
    pages = "77--87",
  }

@misc{hong2024datainterpreter,
      title={Data Interpreter: An LLM Agent For Data Science}, 
      author={Sirui Hong and Yizhang Lin and Bang Liu and Bangbang Liu et. al},
      year={2024},
      eprint={2402.18679},
      archivePrefix={arXiv},
      primaryClass={cs.AI},
      url={https://arxiv.org/abs/2402.18679}
}

@misc{hu2024infiagent,
      title={InfiAgent-DABench: Evaluating Agents on Data Analysis Tasks}, 
      author={Xueyu Hu and Ziyu Zhao and Shuang Wei and Ziwei Chai et. al},
      year={2024},
      eprint={2401.05507},
      archivePrefix={arXiv},
      primaryClass={cs.CL},
      url={https://arxiv.org/abs/2401.05507}, 
}

@misc{huang2022execution,
      title={Execution-based Evaluation for Data Science Code Generation Models}, 
      author={Junjie Huang and Chenglong Wang and Jipeng Zhang and Cong Yan and Haotian Cui and Jeevana Priya Inala and Colin Clement and Nan Duan and Jianfeng Gao},
      year={2022},
      eprint={2211.09374},
      archivePrefix={arXiv},
      primaryClass={cs.SE},
      url={https://arxiv.org/abs/2211.09374}, 
}

@misc{lai2022ds1000,
      title={DS-1000: A Natural and Reliable Benchmark for Data Science Code Generation}, 
      author={Yuhang Lai and Chengxi Li and Yiming Wang and Tianyi Zhang and Ruiqi Zhong and Luke Zettlemoyer and Scott Wen-tau Yih and Daniel Fried and Sida Wang and Tao Yu},
      year={2022},
      eprint={2211.11501},
      archivePrefix={arXiv},
      primaryClass={cs.SE},
      url={https://arxiv.org/abs/2211.11501}, 
}

@misc{lee2024evaluatingconsistenciesllm,
      title={Evaluating Consistencies in LLM responses through a Semantic Clustering of Question Answering}, 
      author={Yanggyu Lee and Jihie Kim},
      year={2024},
      eprint={2410.15440},
      archivePrefix={arXiv},
      primaryClass={cs.CL},
      url={https://arxiv.org/abs/2410.15440}, 
}

@misc{lee2024evaluatingconsistency,
      title={Evaluating the Consistency of LLM Evaluators}, 
      author={Noah Lee and Jiwoo Hong and James Thorne},
      year={2024},
      eprint={2412.00543},
      archivePrefix={arXiv},
      primaryClass={cs.CL},
      url={https://arxiv.org/abs/2412.00543}, 
}

@article{liu2024llms,
  title={Are llms capable of data-based statistical and causal reasoning? benchmarking advanced quantitative reasoning with data},
  author={Liu, Xiao and Wu, Zirui and Wu, Xueqing and Lu, Pan and Chang, Kai-Wei and Feng, Yansong},
  journal={arXiv preprint arXiv:2402.17644},
  year={2024}
}

@article{majumder2024discoverybench,
  title={Discoverybench: Towards data-driven discovery with large language models},
  author={Majumder, Bodhisattwa Prasad and Surana, Harshit and Agarwal, Dhruv and Mishra, Bhavana Dalvi and Meena, Abhijeetsingh and Prakhar, Aryan and Vora, Tirth and Khot, Tushar and Sabharwal, Ashish and Clark, Peter},
  journal={arXiv preprint arXiv:2407.01725},
  year={2024}
}

@misc{nascimento2024llm4ds,
      title={LLM4DS: Evaluating Large Language Models for Data Science Code Generation}, 
      author={Nathalia Nascimento and Everton Guimaraes and Sai Sanjna Chintakunta and Santhosh Anitha Boominathan},
      year={2024},
      eprint={2411.11908},
      archivePrefix={arXiv},
      primaryClass={cs.SE},
      url={https://arxiv.org/abs/2411.11908}, 
}

@misc{nejjar2024llms,
      title={LLMs for Science: Usage for Code Generation and Data Analysis}, 
      author={Mohamed Nejjar and Luca Zacharias and Fabian Stiehle and Ingo Weber},
      year={2024},
      eprint={2311.16733},
      archivePrefix={arXiv},
      primaryClass={cs.SE},
      url={https://arxiv.org/abs/2311.16733}, 
}

@misc{openai2024gpt4,
      title={GPT-4 Technical Report}, 
      author={OpenAI and Josh Achiam and Steven Adler and Sandhini Agarwal et. al},
      year={2024},
      eprint={2303.08774},
      archivePrefix={arXiv},
      primaryClass={cs.CL},
      url={https://arxiv.org/abs/2303.08774}, 
}

@misc{rozière2024codellama,
      title={Code Llama: Open Foundation Models for Code}, 
      author={Baptiste Rozière and Jonas Gehring and Fabian Gloeckle et. al},
      year={2024},
      eprint={2308.12950},
      archivePrefix={arXiv},
      primaryClass={cs.CL},
      url={https://arxiv.org/abs/2308.12950}, 
}

@article{shinn2024reflexion,
  title={Reflexion: Language agents with verbal reinforcement learning},
  author={Shinn, Noah and Cassano, Federico and Gopinath, Ashwin and Narasimhan, Karthik and Yao, Shunyu},
  journal={Advances in Neural Information Processing Systems},
  volume={36},
  year={2024}
}

@misc{vaugrante2024looming,
      title={A Looming Replication Crisis in Evaluating Behavior in Language Models? Evidence and Solutions}, 
      author={Laurène Vaugrante and Mathias Niepert and Thilo Hagendorff},
      year={2024},
      eprint={2409.20303},
      archivePrefix={arXiv},
      primaryClass={cs.CL},
      url={https://arxiv.org/abs/2409.20303}, 
}

@misc{wang2024large,
      title={Can Large Language Models Replace Data Scientists in Clinical Research?}, 
      author={Zifeng Wang and Benjamin Danek and Ziwei Yang and Zheng Chen and Jimeng Sun},
      year={2024},
      eprint={2410.21591},
      archivePrefix={arXiv},
      primaryClass={cs.AI},
      url={https://arxiv.org/abs/2410.21591}, 
}

@article{wei2022chain,
  title={Chain-of-thought prompting elicits reasoning in large language models},
  author={Wei, Jason and Wang, Xuezhi and Schuurmans, Dale and Bosma, Maarten and Xia, Fei and Chi, Ed and Le, Quoc V and Zhou, Denny and others},
  journal={Advances in neural information processing systems},
  volume={35},
  pages={24824--24837},
  year={2022}
}

@inproceedings{yu2018spider,
    title = "{S}pider: A Large-Scale Human-Labeled Dataset for Complex and Cross-Domain Semantic Parsing and Text-to-{SQL} Task",
    author = "Yu, Tao  and
      Zhang, Rui  and
      Yang, Kai  et. al",
    editor = "Riloff, Ellen  and
      Chiang, David  and
      Hockenmaier, Julia  and
      Tsujii, Jun{'}ichi",
    booktitle = "Proceedings of the 2018 Conference on Empirical Methods in Natural Language Processing",
    month = oct # "-" # nov,
    year = "2018",
    address = "Brussels, Belgium",
    publisher = "Association for Computational Linguistics",
    url = "https://aclanthology.org/D18-1425/",
    doi = "10.18653/v1/D18-1425",
    pages = "3911--3921",
  }

@inproceedings{zhao2022multihiertt,
    title = "{M}ulti{H}iertt: Numerical Reasoning over Multi Hierarchical Tabular and Textual Data",
    author = "Zhao, Yilun  and
      Li, Yunxiang  and
      Li, Chenying  and
      Zhang, Rui",
    editor = "Muresan, Smaranda  and
      Nakov, Preslav  and
      Villavicencio, Aline",
    booktitle = "Proceedings of the 60th Annual Meeting of the Association for Computational Linguistics (Volume 1: Long Papers)",
    month = may,
    year = "2022",
    address = "Dublin, Ireland",
    publisher = "Association for Computational Linguistics",
    url = "https://aclanthology.org/2022.acl-long.454/",
    doi = "10.18653/v1/2022.acl-long.454",
    pages = "6588--6600"
}

@article{zhu2024large,
  title={Are Large Language Models Good Statisticians?},
  author={Zhu, Yizhang and Du, Shiyin and Li, Boyan and Luo, Yuyu and Tang, Nan},
  journal={arXiv preprint arXiv:2406.07815},
  year={2024}
}

