@article{10.1002/widm.1071,
author = {Alencar, Aretha B. and de Oliveira, Maria Cristina F. and Paulovich, Fernando V.},
title = {Seeing beyond Reading: A Survey on Visual Text Analytics},
year = {2012},
issue_date = {November 2012},
publisher = {John Wiley & Sons, Inc.},
address = {USA},
volume = {2},
number = {6},
issn = {1942-4787},
doi = {10.1002/widm.1071},
journal = {Wiley Int. Rev. Data Min. and Knowl. Disc.},
month = {nov},
pages = {476–492},
numpages = {17},
keywords = {Text Mining, Visualization}
}

@inproceedings{10.1145/286498.286513,
author = {Plaisant, Catherine and Heller, Daniel and Li, Jia and Shneiderman, Ben and Mushlin, Rich and Karat, John},
title = {Visualizing Medical Records with LifeLines},
year = {1998},
isbn = {1581130287},
publisher = {Association for Computing Machinery},
doi = {10.1145/286498.286513},
booktitle = {Conference Summary on Human Factors in Computing Systems},
pages = {28–29},
numpages = {2},
location = {Los Angeles, California, USA},
series = {CHI '98}
}

% url = {http://dx.doi.org/10.1561/1100000039}

@article{2011.01923.x,
author = {Wu, Yingcai and Provan, Thomas and Wei, Furu and Liu, Shixia and Ma, Kwan-Liu},
title = {Semantic-Preserving Word Clouds by Seam Carving},
journal = {Computer Graphics Forum},
volume = {30},
number = {3},
pages = {741-750},
keywords = {I.3.6 Computer Graphics: Methodology and Techniques, Interaction Techniques},
doi = {https://doi.org/10.1111/j.1467-8659.2011.01923.x},
year = {2011}
}

@ARTICLE{5290723,
  author={Strobelt, Hendrik and Oelke, Daniela and Rohrdantz, Christian and Stoffel, Andreas and Keim, Daniel A. and Deussen, Oliver},
  journal={{IEEE} Trans. Vis. Comput. Graph.}, 
  title={Document Cards: A Top Trumps Visualization for Documents}, 
  year={2009},
  volume={15},
  number={6},
  pages={1145-1152},
  doi={10.1109/TVCG.2009.139}
}

@ARTICLE{5613456,
  author={Cao, Nan and Sun, Jimeng and Lin, Yu-Ru and Gotz, David and Liu, Shixia and Qu, Huamin},
  journal={IEEE Transactions on Visualization and Computer Graphics}, 
  title={FacetAtlas: Multifaceted Visualization for Rich Text Corpora}, 
  year={2010},
  volume={16},
  number={6},
  pages={1172-1181},
  doi={10.1109/TVCG.2010.154}
}

@INPROCEEDINGS{5718617,
  author={Kim, KyungTae and Ko, Sungahn and Elmqvist, Niklas and Ebert, David S.},
  booktitle={2011 44th Hawaii International Conference on System Sciences}, 
  title={WordBridge: Using Composite Tag Clouds in Node-Link Diagrams for Visualizing Content and Relations in Text Corpora}, 
  year={2011},
  volume={},
  number={},
  pages={1-8},
  doi={10.1109/HICSS.2011.499}
}

@INPROCEEDINGS{6137214,
  author={Cao, Nan and Gotz, David and Sun, Jimeng and Lin, Yu-Ru and Qu, Huamin},
  booktitle={2011 IEEE 11th International Conference on Data Mining}, 
  title={SolarMap: Multifaceted Visual Analytics for Topic Exploration}, 
  year={2011},
  volume={},
  number={},
  pages={101-110},
  doi={10.1109/ICDM.2011.135}
}

@ARTICLE{6392833,
  author={Görg, Carsten and Liu, Zhicheng and Kihm, Jaeyeon and Choo, Jaegul and Park, Haesun and Stasko, John},
  journal={IEEE Transactions on Visualization and Computer Graphics}, 
  title={Combining Computational Analyses and Interactive Visualization for Document Exploration and Sensemaking in Jigsaw}, 
  year={2013},
  volume={19},
  number={10},
  pages={1646-1663},
  doi={10.1109/TVCG.2012.324}
}

@INPROCEEDINGS{6758829,
  author={Heimerl, Florian and Lohmann, Steffen and Lange, Simon and Ertl, Thomas},
  booktitle={2014 47th Hawaii International Conference on System Sciences}, 
  title={Word Cloud Explorer: Text Analytics Based on Word Clouds}, 
  year={2014},
  volume={},
  number={},
  pages={1833-1842},
  doi={10.1109/HICSS.2014.231}
}

@INPROCEEDINGS{7156366,
  author={Kucher, Kostiantyn and Kerren, Andreas},
  booktitle={2015 IEEE Pacific Visualization Symposium (PacificVis)}, 
  title={Text visualization techniques: Taxonomy, visual survey, and community insights}, 
  year={2015},
  volume={},
  number={},
  pages={117-121},
  doi={10.1109/PACIFICVIS.2015.7156366}
}

@ARTICLE{7583708,
  author={Isenberg, Petra and Heimerl, Florian and Koch, Steffen and Isenberg, Tobias and Xu, Panpan and Stolper, Charles D. and Sedlmair, Michael and Chen, Jian and Möller, Torsten and Stasko, John},
  journal={{IEEE} Trans. Vis. Comput. Graph.}, 
  title={Vispubdata.org: A Metadata Collection About IEEE Visualization (VIS) Publications}, 
  year={2017},
  volume={23},
  number={9},
  pages={2199-2206},
  doi={10.1109/TVCG.2016.2615308}
}

@article{DBLP:journals/cgf/WangL22,
  author    = {Qi{-}Ru Wang and
               Robert S. Laramee},
  title     = {{EHR} {STAR:} The State-Of-the-Art in Interactive {EHR} Visualization},
  journal   = {Comput. Graph. Forum},
  volume    = {41},
  number    = {1},
  pages     = {69--105},
  year      = {2022},
  doi       = {10.1111/cgf.14424},
  timestamp = {Fri, 13 May 2022 19:52:41 +0200},
  biburl    = {https://dblp.org/rec/journals/cgf/WangL22.bib},
  bibsource = {dblp computer science bibliography, https://dblp.org}
}

@article{HCI-039,
year = {2013},
volume = {5},
journal = {Foundations and Trends® in Human–Computer Interaction},
title = {Interactive Information Visualization to Explore and Query Electronic Health Records},
doi = {10.1561/1100000039},
issn = {1551-3955},
number = {3},
pages = {207-298},
author = {Alexander Rind and Taowei David Wang and Wolfgang Aigner and Silvia Miksch and Krist Wongsuphasawat and Catherine Plaisant and Ben Shneiderman}
}

@misc{RN7,
 title={Health {C}anada},
	author={{Government of Canada}},
	url={htps://www.canada.ca/en/health-canada.html},
	language={eng},
	year={2022},
	note={(accessed on 2022-06-27)}
}

@misc{RN8,
	title={Verlässliche {Informationen} für {Ihre} {Gesundheit}},
	author={{Bundesministerium für Gesundheit}},
	url={https://gesund.bund.de/},
	language={de},
	year={2022},
	note={(accessed on 2022-06-27)},
}

@misc{RN9,
    title={Diabetes {UK} - {Know} diabetes. {Fight} diabetes.},
	author={{British Diabetic Association}},
	url={https://www.diabetes.org.uk},
	language={eng},
	year={2022},
	note={(accessed on 2022-06-27)},
}

@article{doi:10.1177,
author = {Yi Gu and Chaoli Wang and Jun Ma and Robert J Nemiroff and David L Kao and Denis Parra},
title ={Visualization and recommendation of large image collections toward effective sensemaking},
journal = {Information Visualization},
volume = {16},
number = {1},
pages = {21-47},
year = {2017},
doi = {10.1177/1473871616630778}
}

@article{doi:10.1177/14738716221081831,
author = {Elif E Firat and Alark Joshi and Robert S Laramee},
title ={Interactive visualization literacy: The state-of-the-art},
journal = {Information Visualization},
volume = {21},
number = {3},
pages = {285-310},
year = {2022},
doi = {10.1177/14738716221081831},
}

@inproceedings{hearst1995tilebars,
  title={Tilebars: Visualization of term distribution information in full text information access},
  author={Hearst, Marti A},
  booktitle={Proceedings of the SIGCHI conference on Human factors in computing systems},
  pages={59--66},
  year={1995}
}

@article{heller2006competence,
  title={Competence-based knowledge structures for personalised learning},
  author={Heller, J{\"u}rgen and Steiner, Christina and Hockemeyer, Cord and Albert, Dietrich},
  journal={International Journal on E-learning},
  volume={5},
  number={1},
  pages={75--88},
  year={2006},
  publisher={Association for the Advancement of Computing in Education (AACE)}
}

@inproceedings{janicke2015close,
  title={On Close and Distant Reading in Digital Humanities: A Survey and Future Challenges.},
  author={J{\"a}nicke, Stefan and Franzini, Greta and Cheema, Muhammad Faisal and Scheuermann, Gerik},
  booktitle={EuroVis (STARs)},
  pages={83--103},
  year={2015}
}

@inproceedings{keim2007literature,
  title={Literature fingerprinting: A new method for visual literary analysis},
  author={Keim, Daniel A and Oelke, Daniela},
  booktitle={2007 IEEE Symposium on Visual Analytics Science and Technology},
  pages={115--122},
  year={2007},
  organization={IEEE}
}

@article{krathwohl2002revision,
  title={A revision of Bloom's taxonomy: An overview},
  author={Krathwohl, David R},
  journal={Theory into practice},
  volume={41},
  number={4},
  pages={212--218},
  year={2002},
  publisher={Taylor \& Francis}
}

@book{luckin2010re,
  title={Re-designing learning contexts: Technology-rich, learner-centred ecologies},
  author={Luckin, Rosemary},
  year={2010},
  publisher={Routledge}
}

@book{moretti2005graphs,
  title={Graphs, maps, trees: abstract models for a literary history},
  author={Moretti, Franco},
  year={2005},
  publisher={Verso}
}

@article{schiefele2011skills,
  title={Skills-demands compatibility as a determinant of flow experience in an inductive reasoning task},
  author={Schiefele, Ulrich and Raabe, Andreas},
  journal={Psychological Reports},
  volume={109},
  number={2},
  pages={428--444},
  year={2011},
  publisher={SAGE Publications Sage CA: Los Angeles, CA}
}

@article{schwarzer2008modeling,
  title={Modeling health behavior change: How to predict and modify the adoption and maintenance of health behaviors},
  author={Schwarzer, Ralf},
  journal={Applied psychology},
  volume={57},
  number={1},
  year={2008},
  publisher={Wiley Online Library}
}

@article{sweller2005implications,
  title={Implications of cognitive load theory for multimedia learning},
  author={Sweller, John},
  journal={The Cambridge handbook of multimedia learning},
  volume={3},
  number={2},
  pages={19--30},
  year={2005}
}

