@article{abbasi2024review,
  title={A review of AI and machine learning contribution in business process management (process enhancement and process improvement approaches)},
  author={Abbasi, Mostafa and Nishat, Rahnuma Islam and Bond, Corey and Graham-Knight, John Brandon and Lasserre, Patricia and Lucet, Yves and Najjaran, Homayoun},
  journal={Business Process Management Journal},
  year={2024},
  publisher={Emerald Publishing Limited}
}

@article{aversano2023data,
  title={A data-aware explainable deep learning approach for next activity prediction},
  author={Aversano, Lerina and Bernardi, Mario Luca and Cimitile, Marta and Iammarino, Martina and Verdone, Chiara},
  journal={Engineering Applications of Artificial Intelligence},
  volume={126},
  number={1},

  pages={106758},
  year={2023},
  publisher={Elsevier}
}

@article{breiman2001random,
  title={Random forests},
  author={Breiman, Leo},
  journal={Machine learning},
number={1},
  volume={45},
  pages={5--32},
  year={2001},
publisher= {Springer}
}

@article{bukhsh2021processtransformer,
  title={Processtransformer: Predictive business process monitoring with transformer network},
  author={Bukhsh, Zaharah A and Saeed, Aaqib and Dijkman, Remco M},
  journal={arXiv preprint arXiv:2104.00721},
  year={2021}
}

@inproceedings{di2019activity,
  title={Activity prediction of business process instances with inception CNN models},
  author={Di Mauro, Nicola and Appice, Annalisa and Basile, Teresa MA},
  booktitle={AI* IA 2019--Advances in Artificial Intelligence: XVIIIth International Conference of the Italian Association for Artificial Intelligence, Rende, Italy, November 19--22, 2019, Proceedings 18},
  pages={348--361},
  year={2019},
  organization={Springer}
}

@inproceedings{musa2023prediction,
  title={Prediction of Next Events in Business Processes: A Deep Learning Approach},
  author={Musa, Tahani Hussein Abu and Bouras, Abdelaziz},
  booktitle={IFIP International Conference on Product Lifecycle Management},
  pages={210--220},
  year={2023},
  organization={Springer}
}

@article{song2015decision,
  title={Decision tree methods: applications for classification and prediction},
  author={Song, Yan-Yan and Ying, LU},
  journal={Shanghai archives of psychiatry},
  volume={27},
  number={2},
  pages={130},
  year={2015},
  publisher={Shanghai Mental Health Center}
}

@inproceedings{wang2023mitfm,
  title={MiTFM: A multi-view information fusion method based on transformer for Next Activity Prediction of Business Processes},
  author={Wang, Jiaxing and Lu, Chengliang and Cao, Bin and Fan, Jing},
  booktitle={Proceedings of the 14th Asia-Pacific Symposium on Internetware},
  pages={281--291},
  year={2023}
}

@article{wang2023mtlformer,
  title={MTLFormer: Multi-Task Learning Guided Transformer Network for Business Process Prediction},
  author={Wang, Jiaojiao and Huang, Jiawei and Ma, Xiaoyu and Li, Zhongjin and Wang, Yaqi and Yu, Dingguo},
  journal={IEEE Access},
  year={2023},
  publisher={IEEE}
}

