
@article{abbasi2024review,
  title={A review of AI and machine learning contribution in business process management (process enhancement and process improvement approaches)},
  author={Abbasi, Mostafa and Nishat, Rahnuma Islam and Bond, Corey and Graham-Knight, John Brandon and Lasserre, Patricia and Lucet, Yves and Najjaran, Homayoun},
  journal={Business Process Management Journal},
  year={2024},
  publisher={Emerald Publishing Limited}
}

@article{abbasi2025forlaps,
  title={FORLAPS: An Innovative Data-Driven Reinforcement Learning Approach for Prescriptive Process Monitoring},
  author={Abbasi, Mostafa and Khadivi, Maziyar and Ahang, Maryam and Lasserre, Patricia and Lucet, Yves and Najjaran, Homayoun},
  journal={arXiv preprint arXiv:2501.10543},
  year={2025}
}


@inproceedings{wang2023mitfm,
  title={MiTFM: A multi-view information fusion method based on transformer for Next Activity Prediction of Business Processes},
  author={Wang, Jiaxing and Lu, Chengliang and Cao, Bin and Fan, Jing},
  booktitle={Proceedings of the 14th Asia-Pacific Symposium on Internetware},
  pages={281--291},
  year={2023}
}

@incollection{vijay2023deep,
  title={Deep Dive on Oversampling and Under Sampling Techniques in Machine Learning},
  author={Vijay, K and Manikandan, J and Rajendiran, Babu and Sowmia, KR and Berna, Eugene I},
  booktitle={Recent Trends in Computational Intelligence and Its Application},
  pages={423--430},
  year={2023},
  publisher={crc Press}
}

@article{wang2023mtlformer,
  title={MTLFormer: Multi-Task Learning Guided Transformer Network for Business Process Prediction},
  author={Wang, Jiaojiao and Huang, Jiawei and Ma, Xiaoyu and Li, Zhongjin and Wang, Yaqi and Yu, Dingguo},
  journal={IEEE Access},
  year={2023},
  publisher={IEEE}
}

@article{bukhsh2021processtransformer,
  title={Processtransformer: Predictive business process monitoring with transformer network},
  author={Bukhsh, Zaharah A and Saeed, Aaqib and Dijkman, Remco M},
  journal={arXiv preprint arXiv:2104.00721},
  year={2021}
}

@inproceedings{musa2023prediction,
  title={Prediction of Next Events in Business Processes: A Deep Learning Approach},
  author={Musa, Tahani Hussein Abu and Bouras, Abdelaziz},
  booktitle={IFIP International Conference on Product Lifecycle Management},
  pages={210--220},
  year={2023},
  organization={Springer}
}

@article{vaswani2017attention,
  title={Attention is all you need},
  author={Vaswani, A},
  journal={Advances in Neural Information Processing Systems},
  year={2017}
}

@article{aversano2023data,
  title={A data-aware explainable deep learning approach for next activity prediction},
  author={Aversano, Lerina and Bernardi, Mario Luca and Cimitile, Marta and Iammarino, Martina and Verdone, Chiara},
  journal={Engineering Applications of Artificial Intelligence},
  volume={126},
  number={1},

  pages={106758},
  year={2023},
  publisher={Elsevier}
}

@inproceedings{di2019activity,
  title={Activity prediction of business process instances with inception CNN models},
  author={Di Mauro, Nicola and Appice, Annalisa and Basile, Teresa MA},
  booktitle={AI* IA 2019--Advances in Artificial Intelligence: XVIIIth International Conference of the Italian Association for Artificial Intelligence, Rende, Italy, November 19--22, 2019, Proceedings 18},
  pages={348--361},
  year={2019},
  organization={Springer}
}

@inproceedings{saylam2013process,
  title={Process mining in business process management: Concepts and challenges},
  author={Saylam, Rabia and Sahingoz, Ozgur Koray},
  booktitle={2013 International Conference on Electronics, Computer and Computation (ICECCO)},
  pages={131--134},
  year={2013},
  organization={IEEE}
}

@inproceedings{dentamaro2023next,
  title={Next Activity Prediction and Elapsed Time Prediction on Process Dataset.},
  author={Dentamaro, Vincenzo and Impedovo, Donato and Pirlo, Giuseppe and Semeraro, Gianfranco},
  booktitle={Ital-IA},
  pages={605--609},
  year={2023}
}

@article{sun2024next,
  title={Next activity prediction of ongoing business processes based on deep learning},
  author={Sun, Xiaoxiao and Yang, Siqing and Ying, Yuke and Yu, Dongjin},
  journal={Expert Systems},
  volume={41},
  number={5},
  pages={e13421},
  year={2024},
  publisher={Wiley Online Library}
}

@article{huang2021deep,
  title={A deep learning approach for predicting critical events using event logs},
  author={Huang, Congfang and Deep, Akash and Zhou, Shiyu and Veeramani, Dharmaraj},
  journal={Quality and Reliability Engineering International},
  volume={37},
  number={5},
  pages={2214--2234},
  year={2021},
  publisher={Wiley Online Library}
}

@article{muhammad2022cnn,
  title={CNN-LSTM deep learning based forecasting model for COVID-19 infection cases in Nigeria, South Africa and Botswana},
  author={Muhammad, LJ and Haruna, Ahmed Abba and Sharif, Usman Sani and Mohammed, Mohammed Bappah},
  journal={Health and Technology},
  volume={12},
  number={6},
  pages={1259--1276},
  year={2022},
  publisher={Springer}
}

@article{li2024improved,
  title={An improved sparrow search algorithm and CNN-BiLSTM neural network for predicting sea level height},
  author={Li, Xiao and Zhou, Shijian and Wang, Fengwei and Fu, Laiying},
  journal={Scientific Reports},
  volume={14},
  number={1},
  pages={4560},
  year={2024},
  publisher={Nature Publishing Group UK London}
}

@inproceedings{jung2008measuring,
  title={Measuring entropy in business process models},
  author={Jung, Jae-Yoon},
  booktitle={2008 3rd International Conference on Innovative Computing Information and Control},
  pages={246--246},
  year={2008},
  organization={IEEE}
}

@article{shannon1948mathematical,
  title={A mathematical theory of communication},
  author={Shannon, Claude Elwood},
  journal={The Bell system technical journal},
  volume={27},
  number={3},
  pages={379--423},
  year={1948},
  publisher={Nokia Bell Labs}
}

@inproceedings{bolt2017finding,
  title={Finding Process Variants in Event Logs: (Short Paper)},
  author={Bolt, Alfredo and van der Aalst, Wil MP and De Leoni, Massimiliano},
  booktitle={On the Move to Meaningful Internet Systems. OTM 2017 Conferences: Confederated International Conferences: CoopIS, C\&TC, and ODBASE 2017, Rhodes, Greece, October 23-27, 2017, Proceedings, Part I},
  pages={45--52},
  year={2017},
  organization={Springer}
}

@article{lecun2015deep,
  title={Deep learning},
  author={LeCun, Yann and Bengio, Yoshua and Hinton, Geoffrey},
  journal={nature},
  volume={521},
  number={7553},
  pages={436--444},
  year={2015},
  publisher={Nature Publishing Group UK London}
}

@inproceedings{kumar2024transparency,
  title={Transparency in Algorithmic Decision-making: Interpretable Models for Ethical Accountability},
  author={Kumar, Jambi Ratna Raja and Kalnawat, Aarti and Pawar, Avinash M and Jadhav, Varsha D and Srilatha, P and Khetani, Vinit},
  booktitle={E3S Web of Conferences},
  volume={491},
  pages={02041},
  year={2024},
  organization={EDP Sciences}
}

@inproceedings{chen2016xgboost,
  title={Xgboost: A scalable tree boosting system},
  author={Chen, Tianqi and Guestrin, Carlos},
  booktitle={Proceedings of the 22nd acm sigkdd international conference on knowledge discovery and data mining},
  pages={785--794},
  year={2016}
}

@article{breiman2001random,
  title={Random forests},
  author={Breiman, Leo},
  journal={Machine learning},
number={1},
  volume={45},
  pages={5--32},
  year={2001},
publisher= {Springer}
}

@article{song2015decision,
  title={Decision tree methods: applications for classification and prediction},
  author={Song, Yan-Yan and Ying, LU},
  journal={Shanghai archives of psychiatry},
  volume={27},
  number={2},
  pages={130},
  year={2015},
  publisher={Shanghai Mental Health Center}
}

@article{burattin2015process,
  title={Process mining techniques in business environments},
  author={Burattin, Andrea},
  journal={Lecture Notes in Business Information Processing},
  number={1},

  volume={207},
  pages={220},
  year={2015},
  publisher={Springer}
}

@inproceedings{rivera2022multi,
  title={Multi-attribute transformers for sequence prediction in business process management},
  author={Rivera Lazo, Gonzalo and {\~N}anculef, Ricardo},
  booktitle={International Conference on Discovery Science},
  pages={184--194},
  year={2022},
  organization={Springer}
}

@inproceedings{more2017review,
  title={Review of random forest classification techniques to resolve data imbalance},
  author={More, AS and Rana, Dipti P},
  booktitle={2017 1st International conference on intelligent systems and information management (ICISIM)},
  pages={72--78},
  year={2017},
  organization={IEEE}
}

@article{kim2001rationalizing,
  title={Rationalizing the customer service process},
  author={Kim, Hee-Woong and Kim, Young-Gul},
  journal={Business Process Management Journal},
  volume={7},
  number={2},
  pages={139--156},
  year={2001},
  publisher={MCB UP Ltd}
}

@article{turner2012process,
  title={Process mining: from theory to practice},
  author={Turner, Chris J and Tiwari, Ashutosh and Olaiya, Richard and Xu, Yuchun},
  journal={Business process management journal},
  volume={18},
  number={3},
  pages={493--512},
  year={2012},
  publisher={Emerald Group Publishing Limited}
}