@article{ten2017grasp,
  title={Grasp pose detection in point clouds},
  author={Ten Pas, Andreas and Gualtieri, Marcus and Saenko, Kate and Platt, Robert},
  journal={IJRR},
  year={2017}
}


@article{vu2025online,
  title={Online Trajectory Replanner for Dynamically Grasping Irregular Objects},
  author={Vu, Minh Nhat and Grander, Florian and Nguyen, Anh},
  journal={arXiv preprint arXiv:2501.17968},
  year={2025}
}

@inproceedings{nguyen2024language,
  title={Language-driven 6-dof grasp detection using negative prompt guidance},
  author={Nguyen, Toan and Vu, Minh Nhat and Huang, Baoru and Vuong, An and Vuong, Quan and Le, Ngan and Vo, Thieu and Nguyen, Anh},
  booktitle={European Conference on Computer Vision},
  pages={363--381},
  year={2024},
  organization={Springer}
}


@inproceedings{vuong2024language,
  title={Language-driven Grasp Detection},
  author={Vuong, An Dinh and Vu, Minh Nhat and Huang, Baoru and Nguyen, Nghia and Le, Hieu and Vo, Thieu and Nguyen, Anh},
  booktitle={Proceedings of the IEEE/CVF Conference on Computer Vision and Pattern Recognition},
  pages={17902--17912},
  year={2024}
}


@article{jiang2022a4t,
  title={A4t: Hierarchical affordance detection for transparent objects depth reconstruction and manipulation},
  author={Jiang, Jiaqi and Cao, Guanqun and Do, Thanh-Toan and Luo, Shan},
  journal={RA-L},
  year={2022},
}

@inproceedings{roy2016multi,
  title={A multi-scale cnn for affordance segmentation in rgb images},
  author={Roy, Anirban and Todorovic, Sinisa},
  booktitle={ECCV},
  year={2016}
}


@article{hadjivelichkov2022one,
  title={One-Shot Transfer of Affordance Regions? AffCorrs!},
  author={Hadjivelichkov, Denis and Zwane, Sicelukwanda and Deisenroth, Marc and Agapito, Lourdes and Kanoulas, Dimitrios},
  journal={arXiv:2209.07147},
  year={2022}
}

@inproceedings{sawatzky2017weakly,
  title={Weakly supervised affordance detection},
  author={Sawatzky, Johann and Srikantha, Abhilash and Gall, Juergen},
  booktitle={CVPR},
  year={2017}
}

@inproceedings{myers2015affordance,
  title={Affordance detection of tool parts from geometric features},
  author={Myers, Austin and Teo, Ching L and Ferm{\"u}ller, Cornelia and Aloimonos, Yiannis},
  booktitle={ICRA},
  year={2015}
}

@inproceedings{nguyen2017object,
  title={Object-based affordances detection with convolutional neural networks and dense conditional random fields},
  author={Nguyen, Anh and Kanoulas, Dimitrios and Caldwell, Darwin G and Tsagarakis, Nikos G},
  booktitle={IROS},
  year={2017}
}

@inproceedings{li2019putting,
  title={Putting humans in a scene: Learning affordance in 3d indoor environments},
  author={Li, Xueting and Liu, Sifei and Kim, Kihwan and Wang, Xiaolong and Yang, Ming-Hsuan and Kautz, Jan},
  booktitle={CVPR},
  year={2019}
}

@inproceedings{kokic2017affordance,
  title={Affordance detection for task-specific grasping using deep learning},
  author={Kokic, Mia and Stork, Johannes A and Haustein, Joshua A and Kragic, Danica},
  booktitle={International Conference on Humanoid Robotics},
  year={2017}
}

@inproceedings{deng20213d,
  title={3d affordancenet: A benchmark for visual object affordance understanding},
  author={Deng, Shengheng and Xu, Xun and Wu, Chaozheng and Chen, Ke and Jia, Kui},
  booktitle={CVPR},
  year={2021}
}

@inproceedings{do2018affordancenet,
  title={Affordancenet: An end-to-end deep learning approach for object affordance detection},
  author={Do, Thanh-Toan and Nguyen, Anh and Reid, Ian},
  booktitle={ICRA},
  year={2018}
}

@article{qi2017pointnet++,
  title={Pointnet++: Deep hierarchical feature learning on point sets in a metric space},
  author={Qi, Charles Ruizhongtai and Yi, Li and Su, Hao and Guibas, Leonidas J},
  journal={NeurIPS},
  year={2017}
}

@article{wang2019dynamic,
  title={Dynamic graph cnn for learning on point clouds},
  author={Wang, Yue and Sun, Yongbin and Liu, Ziwei and Sarma, Sanjay E and Bronstein, Michael M and Solomon, Justin M},
  journal={TOG},
  year={2019}
}

@inproceedings{zhao2021point,
  title={Point transformer},
  author={Zhao, Hengshuang and Jiang, Li and Jia, Jiaya and Torr, Philip HS and Koltun, Vladlen},
  booktitle={ICCV},
  year={2021}
}

@inproceedings{zhu2015understanding,
  title={Understanding tools: Task-oriented object modeling, learning and recognition},
  author={Zhu, Yixin and Zhao, Yibiao and Chun Zhu, Song},
  booktitle={CVPR},
  year={2015}
}


@inproceedings{chen2022cerberus,
  title={Cerberus Transformer: Joint Semantic, Affordance and Attribute Parsing},
  author={Chen, Xiaoxue and Liu, Tianyu and Zhao, Hao and Zhou, Guyue and Zhang, Ya-Qin},
  booktitle={CVPR},
  year={2022}
}

@inproceedings{luddecke2017learning,
  title={Learning to segment affordances},
  author={Luddecke, Timo and Worgotter, Florentin},
  booktitle={ICCVW},
  year={2017}
}

@article{min2016affordance,
  title={Affordance research in developmental robotics: A survey},
  author={Min, Huaqing and Luo, Ronghua and Zhu, Jinhui and Bi, Sheng and others},
  journal={IEEE Transactions on Cognitive and Developmental Systems},
  year={2016},
}

@article{chu2019toward,
  title={Toward affordance detection and ranking on novel objects for real-world robotic manipulation},
  author={Chu, Fu-Jen and Xu, Ruinian and Seguin, Landan and Vela, Patricio A},
  journal={RA-L},
  year={2019}
}

@inproceedings{kim2015interactive,
  title={Interactive affordance map building for a robotic task},
  author={Kim, David Inkyu and Sukhatme, Gaurav S},
  booktitle={IROS},
  year={2015}
}

@article{kanoulas2017visual,
  title={Visual grasp affordance localization in point clouds using curved contact patches},
  author={Kanoulas, Dimitrios and Lee, Jinoh and Caldwell, Darwin G and Tsagarakis, Nikos G},
  journal={International Journal of Humanoid Robotics},
  year={2017}
}

@inproceedings{grabner2011makes,
  title={What makes a chair a chair?},
  author={Grabner, Helmut and Gall, Juergen and Van Gool, Luc},
  booktitle={CVPR},
  year={2011}
}

% !!!
@inproceedings{qin2020keto,
  title={Keto: Learning keypoint representations for tool manipulation},
  author={Qin, Zengyi and Fang, Kuan and Zhu, Yuke and Fei-Fei, Li and Savarese, Silvio},
  booktitle={ICRA},
  year={2020}
}

@inproceedings{hamalainen2019affordance,
  title={Affordance learning for end-to-end visuomotor robot control},
  author={H{\"a}m{\"a}l{\"a}inen, Aleksi and Arndt, Karol and Ghadirzadeh, Ali and Kyrki, Ville},
  booktitle={IROS},
  year={2019}
}

@inproceedings{mandikal2021learning,
  title={Learning dexterous grasping with object-centric visual affordances},
  author={Mandikal, Priyanka and Grauman, Kristen},
  booktitle={ICRA},
  year={2021}
}

% !!!
@inproceedings{kasaei2019interactive,
  title={Interactive open-ended object, affordance and grasp learning for robotic manipulation},
  author={Kasaei, S Hamidreza and Shafii, Nima and Lopes, Lu{\'\i}s Seabra and Tom{\'e}, Ana Maria},
  booktitle={ICRA},
  year={2019}
}

@inproceedings{nguyen2016detecting,
  title={Detecting object affordances with convolutional neural networks},
  author={Nguyen, Anh and Kanoulas, Dimitrios and Caldwell, Darwin G and Tsagarakis, Nikos G},
  booktitle={IROS},
  year={2016}
}

% CLIP
@inproceedings{radford2021learning,
  title={Learning transferable visual models from natural language supervision},
  author={Radford, Alec and Kim, Jong Wook and Hallacy, Chris and Ramesh, Aditya and Goh, Gabriel and Agarwal, Sandhini and Sastry, Girish and Askell, Amanda and Mishkin, Pamela and Clark, Jack and others},
  booktitle={ICML},
  year={2021}
}
% temperature hyper-parameter
@inproceedings{wu2018unsupervised,
  title={Unsupervised feature learning via non-parametric instance discrimination},
  author={Wu, Zhirong and Xiong, Yuanjun and Yu, Stella X and Lin, Dahua},
  booktitle={CVPR},
  year={2018}
}

% 2D open-vocab semantic segmentation
@inproceedings{li2021language,
  title={Language-driven Semantic Segmentation},
  author={Li, Boyi and Weinberger, Kilian Q and Belongie, Serge and Koltun, Vladlen and Ranftl, Rene},
  booktitle={ICLR},
  year={2021}
}

@inproceedings{luddecke2022image,
  title={Image Segmentation Using Text and Image Prompts},
  author={L{\"u}ddecke, Timo and Ecker, Alexander},
  booktitle={CVPR},
  year={2022}
}

% !!! 2D open-vocab object detection
@inproceedings{li2022grounded,
  title={Grounded language-image pre-training},
  author={Li, Liunian Harold and Zhang, Pengchuan and Zhang, Haotian and Yang, Jianwei and Li, Chunyuan and Zhong, Yiwu and Wang, Lijuan and Yuan, Lu and Zhang, Lei and Hwang, Jenq-Neng and others},
  booktitle={CVPR},
  year={2022}
}

% one-shot affordance
@article{zhai2022one,
  title={One-shot object affordance detection in the wild},
  author={Zhai, Wei and Luo, Hongchen and Zhang, Jing and Cao, Yang and Tao, Dacheng},
  journal={IJCV},
  year={2022}
}

% openscene
@inproceedings{peng2022openscene,
  title={OpenScene: 3D Scene Understanding with Open Vocabularies},
  author={Peng, Songyou and Genova, Kyle and Jiang, Chiyu and Tagliasacchi, Andrea and Pollefeys, Marc and Funkhouser, Thomas and others},
  booktitle={CVPR},
  year={2023}
}

% affordance and function understanding survey
@article{hassanin2021visual,
  title={Visual affordance and function understanding: A survey},
  author={Hassanin, Mohammed and Khan, Salman and Tahtali, Murat},
  journal={CSUR},
  year={2021}
}

% CRF
@article{lafferty2001conditional,
  title={Conditional random fields: Probabilistic models for segmenting and labeling sequence data},
  author={Lafferty, John and McCallum, Andrew and Pereira, Fernando CN},
  year={2001}
}

% exocentric view
@inproceedings{luo2022learning,
  title={Learning Affordance Grounding from Exocentric Images},
  author={Luo, Hongchen and Zhai, Wei and Zhang, Jing and Cao, Yang and Tao, Dacheng},
  booktitle={CVPR},
  year={2022}
}

% 2014 point cloud affordance segmentation
@inproceedings{kim2014semantic,
  title={Semantic labeling of 3d point clouds with object affordance for robot manipulation},
  author={Kim, David Inkyu and Sukhatme, Gaurav S},
  booktitle={ICRA},
  year={2014}
}

% shapenet dataset
@article{chang2015shapenet,
  title={Shapenet: An information-rich 3d model repository},
  author={Chang, Angel X and Funkhouser, Thomas and Guibas, Leonidas and Hanrahan, Pat and Huang, Qixing and Li, Zimo and Savarese, Silvio and Savva, Manolis and Song, Shuran and Su, Hao and others},
  journal={arXiv:1512.03012},
  year={2015}
}

@article{gibson1966senses,
  title={The senses considered as perceptual systems.},
  author={Gibson, James Jerome},
  year={1966}
}

@inproceedings{jain2016structural,
  title={Structural-rnn: Deep learning on spatio-temporal graphs},
  author={Jain, Ashesh and Zamir, Amir R and Savarese, Silvio and Saxena, Ashutosh},
  booktitle={CVPR},
  year={2016}
}

@article{koppula2013learning,
  title={Learning human activities and object affordances from rgb-d videos},
  author={Koppula, Hema Swetha and Gupta, Rudhir and Saxena, Ashutosh},
  journal={IJRR},
  year={2013},
}

@inproceedings{qi2017predicting,
  title={Predicting human activities using stochastic grammar},
  author={Qi, Siyuan and Huang, Siyuan and Wei, Ping and Zhu, Song-Chun},
  booktitle={ICCV},
  year={2017}
}

@inproceedings{vu2014predicting,
  title={Predicting actions from static scenes},
  author={Vu, Tuan-Hung and Olsson, Catherine and Laptev, Ivan and Oliva, Aude and Sivic, Josef},
  booktitle={ECCV},
  year={2014}
}

@inproceedings{gupta20113d,
  title={From 3d scene geometry to human workspace},
  author={Gupta, Abhinav and Satkin, Scott and Efros, Alexei A and Hebert, Martial},
  booktitle={CVPR},
  year={2011}
}

@inproceedings{parikh2011relative,
  title={Relative attributes},
  author={Parikh, Devi and Grauman, Kristen},
  booktitle={ICCV},
  year={2011},
}

@inproceedings{michele2021generative,
  title={Generative zero-shot learning for semantic segmentation of 3d point clouds},
  author={Michele, Bj{\"o}rn and Boulch, Alexandre and Puy, Gilles and Bucher, Maxime and Marlet, Renaud},
  booktitle={International Conference on 3D Vision},
  year={2021}
}

@article{luo2021one,
  title={One-shot affordance detection},
  author={Luo, Hongchen and Zhai, Wei and Zhang, Jing and Cao, Yang and Tao, Dacheng},
  journal={arXiv:2106.14747},
  year={2021}
}

% CNN
%% ResNet
@inproceedings{he2016deep,
  title={Deep residual learning for image recognition},
  author={He, Kaiming and Zhang, Xiangyu and Ren, Shaoqing and Sun, Jian},
  booktitle={CVPR},
  year={2016}
}

%% VGG
@article{simonyan2014very,
  title={Very deep convolutional networks for large-scale image recognition},
  author={Simonyan, Karen and Zisserman, Andrew},
  journal={arXiv:1409.1556},
  year={2014}
}

%% AlexNet
@article{krizhevsky2017imagenet,
  title={Imagenet classification with deep convolutional neural networks},
  author={Krizhevsky, Alex and Sutskever, Ilya and Hinton, Geoffrey E},
  journal={Communications of the ACM},
  year={2017}
}

%% one of 3D affordance
@article{nagarajan2020learning,
  title={Learning affordance landscapes for interaction exploration in 3d environments},
  author={Nagarajan, Tushar and Grauman, Kristen},
  journal={NeurIPS},
  year={2020}
}

%% !!!
@article{chen2023clip2scene,
  title={CLIP2Scene: Towards Label-efficient 3D Scene Understanding by CLIP},
  author={Chen, Runnan and Liu, Youquan and Kong, Lingdong and Zhu, Xinge and Ma, Yuexin and Li, Yikang and Hou, Yuenan and Qiao, Yu and Wang, Wenping},
  journal={arXiv:2301.04926},
  year={2023}
}

%% !!!
@article{luo2021learning,
  title={Learning visual affordance grounding from demonstration videos},
  author={Luo, Hongchen and Zhai, Wei and Zhang, Jing and Cao, Yang and Tao, Dacheng},
  journal={arXiv:2108.05675},
  year={2021}
}

%% another clip's application for 2D semantic segmentation
@inproceedings{xu2022simple,
  title={A Simple Baseline for Open-Vocabulary Semantic Segmentation with Pre-trained Vision-Language Model},
  author={Xu, Mengde and Zhang, Zheng and Wei, Fangyun and Lin, Yutong and Cao, Yue and Hu, Han and Bai, Xiang},
  booktitle={ECCV},
  year={2022}
}

%% survey of 3d data in cv
@article{ioannidou2017deep,
  title={Deep learning advances in computer vision with 3d data: A survey},
  author={Ioannidou, Anastasia and Chatzilari, Elisavet and Nikolopoulos, Spiros and Kompatsiaris, Ioannis},
  journal={CSUR},
  year={2017}
}

%% 3d point cloud zero-shot classification
@inproceedings{cheraghian2019zero,
  title={Zero-shot learning of 3d point cloud objects},
  author={Cheraghian, Ali and Rahman, Shafin and Petersson, Lars},
  booktitle={MVA},
  year={2019}
}

% !!! another affordance segmentation
@inproceedings{sawatzky2017adaptive,
  title={Adaptive binarization for weakly supervised affordance segmentation},
  author={Sawatzky, Johann and Gall, Jurgen},
  booktitle={ICCVW},
  year={2017}
}

% for autonomous driving
    @inproceedings{chen2015deepdriving,
  title={Deepdriving: Learning affordance for direct perception in autonomous driving},
  author={Chen, Chenyi and Seff, Ari and Kornhauser, Alain and Xiao, Jianxiong},
  booktitle={ICCV},
  year={2015}
}

% !!! affordance classification
@article{kjellstrom2011visual,
  title={Visual object-action recognition: Inferring object affordances from human demonstration},
  author={Kjellstr{\"o}m, Hedvig and Romero, Javier and Kragi{\'c}, Danica},
  journal={Computer Vision and Image Understanding},
  year={2011}
}

% !!! affordance classification
@article{sun2010learning,
  title={Learning visual object categories for robot affordance prediction},
  author={Sun, Jie and Moore, Joshua L and Bobick, Aaron and Rehg, James M},
  journal={IJRR},
  year={2010}
}

% affordance detection
@inproceedings{hermans2011affordance,
  title={Affordance prediction via learned object attributes},
  author={Hermans, Tucker and Rehg, James M and Bobick, Aaron},
  booktitle={ICRA},
  year={2011}
}

% affordance detection
@inproceedings{moldovan2014occluded,
  title={Occluded object search by relational affordances},
  author={Moldovan, Bogdan and De Raedt, Luc},
  booktitle={ICRA},
  year={2014}
}

% !!! affordance learning from sitcoms
@inproceedings{wang2017binge,
  title={Binge watching: Scaling affordance learning from sitcoms},
  author={Wang, Xiaolong and Girdhar, Rohit and Gupta, Abhinav},
  booktitle={CVPR},
  year={2017}
}

% affordance reasoning
@inproceedings{chao2015minirng,
  title={Mining semantic affordances of visual object categories},
  author={Chao, Yu-Wei and Wang, Zhan and Mihalcea, Rada and Deng, Jia},
  booktitle={CVPR},
  year={2015}
}

% affordance reasoning
@inproceedings{chuang2018learning,
  title={Learning to act properly: Predicting and explaining affordances from images},
  author={Chuang, Ching-Yao and Li, Jiaman and Torralba, Antonio and Fidler, Sanja},
  booktitle={CVPR},
  year={2018}
}

% affordance-grounded sensorimotor object recognition
@inproceedings{thermos2017deep,
  title={Deep affordance-grounded sensorimotor object recognition},
  author={Thermos, Spyridon and Papadopoulos, Georgios Th and Daras, Petros and Potamianos, Gerasimos},
  booktitle={CVPR},
  year={2017}
}

% !!!self-supervised framework for affordance learning
@inproceedings{zhang2022inpaint2learn,
  title={Inpaint2Learn: A self-supervised framework for affordance learning},
  author={Zhang, Lingzhi and Du, Weiyu and Zhou, Shenghao and Wang, Jiancong and Shi, Jianbo},
  booktitle={WACV},
  year={2022}
}

% affordance segmentation
@inproceedings{thermos2020deep,
  title={A deep learning approach to object affordance segmentation},
  author={Thermos, Spyridon and Daras, Petros and Potamianos, Gerasimos},
  booktitle={ICASSP},
  year={2020},
}

% affordance segmentation
@article{lueddecke2019context,
  title={Context-based affordance segmentation from 2D images for robot actions},
  author={Lueddecke, Timo and Kulvicius, Tomas and Woergoetter, Florentin},
  journal={Robotics and Autonomous Systems},
  year={2019}
}

% !!! affordance keypoint detection network for robot manipulation
@article{xu2021affordance,
  title={An affordance keypoint detection network for robot manipulation},
  author={Xu, Ruinian and Chu, Fu-Jen and Tang, Chao and Liu, Weiyu and Vela, Patricio A},
  journal={RA-L},
  year={2021}
}

% affordance segmentation
@article{gu2021visual,
  title={Visual affordance detection using an efficient attention convolutional neural network},
  author={Gu, Qipeng and Su, Jianhua and Yuan, Lei},
  journal={Neurocomputing},
  year={2021}
}

% !!! Predicting human grasp affordances
@inproceedings{corona2020ganhand,
  title={Ganhand: Predicting human grasp affordances in multi-object scenes},
  author={Corona, Enric and Pumarola, Albert and Alenya, Guillem and Moreno-Noguer, Francesc and Rogez, Gr{\'e}gory},
  booktitle={CVPR},
  year={2020}
}

% Language-grounded indoor 3D semantic segmentation
@inproceedings{rozenberszki2022language,
  title={Language-grounded indoor 3D semantic segmentation in the wild},
  author={Rozenberszki, David and Litany, Or and Dai, Angela},
  booktitle={ECCV},
  year={2022}
}

% old affordance detection
@inproceedings{song2011visual,
  title={Visual grasp affordances from appearance-based cues},
  author={Song, Hyun Oh and Fritz, Mario and Gu, Chunhui and Darrell, Trevor},
  booktitle={ICCVW},
  year={2011}
}

% traditional affordance detection on imagery data
@inproceedings{hassan2016attribute,
  title={Attribute based affordance detection from human-object interaction images},
  author={Hassan, Mahmudul and Dharmaratne, Anuja},
  booktitle={Image and Video Technology Workshops},
  year={2016},
}

% affordance reasoning using cnn
@inproceedings{mottaghi2017see,
  title={See the glass half full: Reasoning about liquid containers, their volume and content},
  author={Mottaghi, Roozbeh and Schenck, Connor and Fox, Dieter and Farhadi, Ali},
  booktitle={ICCV},
  year={2017}
}

% functional scene understanding using cnn
@inproceedings{ye2017can,
  title={What can i do around here? deep functional scene understanding for cognitive robots},
  author={Ye, Chengxi and Yang, Yezhou and Mao, Ren and Ferm{\"u}ller, Cornelia and Aloimonos, Yiannis},
  booktitle={ICRA},
  year={2017}
}

% affordance detection in 3d point clouds
@inproceedings{mo2022o2o,
  title={O2O-Afford: Annotation-free large-scale object-object affordance learning},
  author={Mo, Kaichun and Qin, Yuzhe and Xiang, Fanbo and Su, Hao and Guibas, Leonidas},
  booktitle={Conference on Robot Learning},
  year={2022}
}

% affordance detection in 3d point clouds
@article{iriondo2021affordance,
  title={Affordance-based grasping point detection using graph convolutional networks for industrial bin-picking applications},
  author={Iriondo, Ander and Lazkano, Elena and Ansuategi, Ander},
  journal={Sensors},
  year={2021}
}

% transductive zsl for 3d point clouds
@inproceedings{cheraghian2020transductive,
  title={Transductive zero-shot learning for 3d point cloud classification},
  author={Cheraghian, Ali and Rahman, Shafin and Campbell, Dylan and Petersson, Lars},
  booktitle={WACV},
  year={2020}
}

% applications of 3d point cloud survey
@article{liu2019deep,
  title={Deep learning on point clouds and its application: A survey},
  author={Liu, Weiping and Sun, Jia and Li, Wanyi and Hu, Ting and Wang, Peng},
  journal={Sensors},
  year={2019}
}

% agent activity recognition
@article{earley1970efficient,
  title={An efficient context-free parsing algorithm},
  author={Earley, Jay},
  journal={Communications of the ACM},
  year={1970}
}

% svm paper
@article{hearst1998support,
  title={Support vector machines},
  author={Hearst, Marti A. and Dumais, Susan T and Osuna, Edgar and Platt, John and Scholkopf, Bernhard},
  journal={IEEE Intelligent Systems and their applications},
  year={1998}
}

% 3d point cloud survey
@article{guo2020deep,
  title={Deep learning for 3d point clouds: A survey},
  author={Guo, Yulan and Wang, Hanyun and Hu, Qingyong and Liu, Hao and Liu, Li and Bennamoun, Mohammed},
  journal={TPAMI/PAMI},
  year={2020}
}

% affordance understanding for object recognition
@inproceedings{hou2021affordance,
  title={Affordance transfer learning for human-object interaction detection},
  author={Hou, Zhi and Yu, Baosheng and Qiao, Yu and Peng, Xiaojiang and Tao, Dacheng},
  booktitle={CVPR},
  year={2021}
}

% action anticipation using affordance
@article{roy2021action,
  title={Action anticipation using pairwise human-object interactions and transformers},
  author={Roy, Debaditya and Fernando, Basura},
  journal={TIP},
  year={2021}
}

% action anticipation using affordance
@article{koppula2015anticipating,
  title={Anticipating human activities using object affordances for reactive robotic response},
  author={Koppula, Hema S and Saxena, Ashutosh},
  journal={TPAMI/PAMI},
  year={2015}
}

% another lang-guided semantic segmentation
@inproceedings{liu2022open,
  title={Open-world semantic segmentation via contrasting and clustering vision-language embedding},
  author={Liu, Quande and Wen, Youpeng and Han, Jianhua and Xu, Chunjing and Xu, Hang and Liang, Xiaodan},
  booktitle={ECCV},
  year={2022}
}

% another lang-guided semantic segmentation
@inproceedings{ghiasi2022scaling,
  title={Scaling open-vocabulary image segmentation with image-level labels},
  author={Ghiasi, Golnaz and Gu, Xiuye and Cui, Yin and Lin, Tsung-Yi},
  booktitle={ECCV},
  year={2022}
}

% BERT
@article{devlin2018bert,
  title={Bert: Pre-training of deep bidirectional transformers for language understanding},
  author={Devlin, Jacob and Chang, Ming-Wei and Lee, Kenton and Toutanova, Kristina},
  journal={arXiv:1810.04805},
  year={2018}
}

% Adam optimizer

@inproceedings{kingma2014adam,
  author    = {Diederik P. Kingma and
               Jimmy Ba},
  title     = {Adam: {A} Method for Stochastic Optimization},
  booktitle = {Poster Presentations of International Conference on Learning Representations {ICLR}},
  year      = {2015},
  biburl    = {https://dblp.org/rec/journals/corr/KingmaB14.bib},
  bibsource = {dblp computer science bibliography, https://dblp.org}
}

% Word2Vec
@article{mikolov2013distributed,
  title={Distributed representations of words and phrases and their compositionality},
  author={Mikolov, Tomas and Sutskever, Ilya and Chen, Kai and Corrado, Greg S and Dean, Jeff},
  journal={NeurIPS},
  year={2013}
}

% GloVe
@inproceedings{pennington2014glove,
  title={Glove: Global vectors for word representation},
  author={Pennington, Jeffrey and Socher, Richard and Manning, Christopher D},
  booktitle={EMNLP},
  year={2014}
}

% PointNet
@inproceedings{qi2017pointnet,
  title={Pointnet: Deep learning on point sets for 3d classification and segmentation},
  author={Qi, Charles R and Su, Hao and Mo, Kaichun and Guibas, Leonidas J},
  booktitle={CVPR},
  year={2017}
}

% additional paper
@inproceedings{pacheco2023one,
  title={One-Shot Learning for Human Affordance Detection},
  author={Pacheco-Ortega, Abel and Mayol-Cuervas, Walterio},
  booktitle={ECCVW},
  year={2023}
}

% 3d point cloud object detection
@inproceedings{zhou2018voxelnet,
  title={Voxelnet: End-to-end learning for point cloud based 3d object detection},
  author={Zhou, Yin and Tuzel, Oncel},
  booktitle={CVPR},
  year={2018}
}

% cross-attention
@article{vaswani2017attention,
  title={Attention is all you need},
  author={Vaswani, Ashish and Shazeer, Noam and Parmar, Niki and Uszkoreit, Jakob and Jones, Llion and Gomez, Aidan N and Kaiser, {\L}ukasz and Polosukhin, Illia},
  journal={NeurIPS},
  year={2017}
}
@article{vu2022machine,
  title={Machine Learning-based Framework for Optimally Solving the Analytical Inverse Kinematics for Redundant Manipulators},
  author={Vu, Minh Nhat and Beck, Florian and Hartl-Nesic, Christian and Nguyen, Anh and Kugi, Andreas},
  journal={arXiv:2211.04275},
  year={2022}
}
@article{beck2022singlularity,
  title={Singlularity Avoidance with Application to Online Trajectory Optimization for Serial Manipulators},
  author={Beck, Florian and Vu, Minh Nhat and Hartl-Nesic, Christian and Kugi, Andreas},
  journal={arXiv:2211.02516},
  year={2022}
}
@book{spong:2006,
	title={Robot modeling and control},
	author={Spong, Mark W and Hutchinson, Seth and Vidyasagar, Mathukumalli},
	year={2006},
	publisher={Wiley: New York, New York},
}
@inproceedings{todorov2012mujoco,
  title={Mujoco: A physics engine for model-based control},
  author={Todorov, Emanuel and Erez, Tom and Tassa, Yuval},
  booktitle={IEEE/RSJ international conference on intelligent robots and systems},
  pages={5026--5033},
  year={2012},
}
@inproceedings{
chen2021understanding,
title={Understanding Domain Randomization for Sim-to-real Transfer},
author={Xiaoyu Chen and Jiachen Hu and Chi Jin and Lihong Li and Liwei Wang},
booktitle={International Conference on Learning Representations},
year={2022},
}
@article{vuong2019pick,
  title={How to pick the domain randomization parameters for sim-to-real transfer of reinforcement learning policies?},
  author={Vuong, Quan and Vikram, Sharad and Su, Hao and Gao, Sicun and Christensen, Henrik I},
  journal={arXiv preprint arXiv:1903.11774},
  year={2019}
}
@article{huang2022cleanrl,
  author  = {Shengyi Huang and Rousslan Fernand Julien Dossa and Chang Ye and Jeff Braga and Dipam Chakraborty and Kinal Mehta and João G.M. Araújo},
  title   = {CleanRL: High-quality Single-file Implementations of Deep Reinforcement Learning Algorithms},
  journal = {Journal of Machine Learning Research},
  year    = {2022},
  volume  = {23},
  number  = {274},
  pages   = {1--18},
}
@inproceedings{ayoub2023grasp,
  title={Grasp Planning with CNN for Log-loading Forestry Machine},
  author={Ayoub, Elie and Levesque, Patrick and Sharf, Inna},
  booktitle={IEEE International Conference on Robotics and Automation},
  pages={11802--11808},
  year={2023},
}
@article{schulman2017proximal,
  title={Proximal policy optimization algorithms},
  author={Schulman, John and Wolski, Filip and Dhariwal, Prafulla and Radford, Alec and Klimov, Oleg},
  journal={arXiv preprint arXiv:1707.06347},
  year={2017}
}
@inproceedings{chou2017improving,
  title={Improving stochastic policy gradients in continuous control with deep reinforcement learning using the beta distribution},
  author={Chou, Po-Wei and Maturana, Daniel and Scherer, Sebastian},
  booktitle={International conference on machine learning},
  pages={834--843},
  year={2017},
  organization={PMLR}
}
@article{davis1959leonhard,
  title={Leonhard euler's integral: A historical profile of the gamma function: In memoriam: Milton abramowitz},
  author={Davis, Philip J},
  journal={The American Mathematical Monthly},
  volume={66},
  number={10},
  pages={849--869},
  year={1959},
  publisher={Taylor \& Francis}
}
@article{weng2018policy,
  title={Policy gradient algorithms},
  author={Weng, Lilian},
  journal={lilianweng. github. io/lil-log },
  year={2018 [Accessed Jan. 2024]}
}
@article{rahman2022robust,
  title={Robust Policy Optimization in Deep Reinforcement Learning},
  author={Rahman, Md Masudur and Xue, Yexiang},
  journal={arXiv preprint arXiv:2212.07536},
  year={2022}
}
@article{raffin2021stable,
  title={Stable-baselines3: Reliable reinforcement learning implementations},
  author={Raffin, Antonin and Hill, Ashley and Gleave, Adam and Kanervisto, Anssi and Ernestus, Maximilian and Dormann, Noah},
  journal={The Journal of Machine Learning Research},
  volume={22},
  number={1},
  pages={12348--12355},
  year={2021},
  publisher={JMLRORG}
}
@article{nazareth2009conjugate,
  title={Conjugate gradient method},
  author={Nazareth, John L},
  journal={Wiley Interdisciplinary Reviews: Computational Statistics},
  volume={1},
  number={3},
  pages={348--353},
  year={2009},
  publisher={Wiley Online Library}
}
@inproceedings{schulman2015trust,
  title={Trust region policy optimization},
  author={Schulman, John and Levine, Sergey and Abbeel, Pieter and Jordan, Michael and Moritz, Philipp},
  booktitle={International conference on machine learning},
  pages={1889--1897},
  year={2015},
  organization={PMLR}
}
@article{huang202237,
  title={The 37 implementation details of proximal policy optimization},
  author={Huang, Shengyi and Dossa, Rousslan Fernand Julien and Raffin, Antonin and Kanervisto, Anssi and Wang, Weixun},
  journal={The ICLR Blog Track 2023 [Accesed on Dec. 2023]},
}
@article{ibarz2021train,
  title={How to train your robot with deep reinforcement learning: lessons we have learned},
  author={Ibarz, Julian and Tan, Jie and Finn, Chelsea and Kalakrishnan, Mrinal and Pastor, Peter and Levine, Sergey},
  journal={The International Journal of Robotics Research},
  volume={40},
  number={4-5},
  pages={698--721},
  year={2021},
  publisher={SAGE Publications Sage UK: London, England}
}
@article{sunderhauf2018limits,
  title={The limits and potentials of deep learning for robotics},
  author={S{\"u}nderhauf, Niko and Brock, Oliver and Scheirer, Walter and Hadsell, Raia and Fox, Dieter and Leitner, J{\"u}rgen and Upcroft, Ben and Abbeel, Pieter and Burgard, Wolfram and Milford, Michael and others},
  journal={The International Journal of Robotics Research},
  volume={37},
  number={4-5},
  pages={405--420},
  year={2018},
  publisher={SAGE Publications Sage UK: London, England}
}

@inproceedings{kumar2024robohive,
 author = {Kumar, Vikash and Shah, Rutav and Zhou, Gaoyue and Moens, Vincent and Caggiano, Vittorio and Gupta, Abhishek and Rajeswaran, Aravind},
 booktitle = {Advances in Neural Information Processing Systems},
 editor = {A. Oh and T. Naumann and A. Globerson and K. Saenko and M. Hardt and S. Levine},
 pages = {44323--44340},
  title = {RoboHive: A Unified Framework for Robot Learning},
 volume = {36},
 year = {2023}
}

@article{mittal2023orbit,
  title={Orbit: A unified simulation framework for interactive robot learning environments},
  author={Mittal, Mayank and Yu, Calvin and Yu, Qinxi and Liu, Jingzhou and Rudin, Nikita and Hoeller, David and Yuan, Jia Lin and Singh, Ritvik and Guo, Yunrong and Mazhar, Hammad and others},
  journal={IEEE Robotics and Automation Letters},
  publisher={IEEE},
  year={2023},
  volume={8},
  number={6},
  pages={3740-3747},
}
@inproceedings{mehta2020active,
  title={Active domain randomization},
  author={Mehta, Bhairav and Diaz, Manfred and Golemo, Florian and Pal, Christopher J and Paull, Liam},
  booktitle={Conference on Robot Learning},
  pages={1162--1176},
  year={2020},
}
@article{wang2023dexterous,
  title={Dexterous robotic manipulation using deep reinforcement learning and knowledge transfer for complex sparse reward-based tasks},
  author={Wang, Qiang and Sanchez, Francisco Roldan and McCarthy, Robert and Bulens, David Cordova and McGuinness, Kevin and O'Connor, Noel and W{\"u}thrich, Manuel and Widmaier, Felix and Bauer, Stefan and Redmond, Stephen J},
  journal={Expert Systems},
  volume={40},
  number={6},
  pages={e13205},
  year={2023},
  publisher={Wiley Online Library}
}

@InProceedings{zhou2023hacman,
  title = 	 {HACMan: Learning Hybrid Actor-Critic Maps for 6D Non-Prehensile Manipulation},
  author =       {Zhou, Wenxuan and Jiang, Bowen and Yang, Fan and Paxton, Chris and Held, David},
  booktitle = 	 {Proceedings of The 7th Conference on Robot Learning},
  pages = 	 {241--265},
  year = 	 {2023},
  editor = 	 {Tan, Jie and Toussaint, Marc and Darvish, Kourosh},
  volume = 	 {229},
  series = 	 {Proceedings of Machine Learning Research},
  month = 	 {06--09 Nov},
}


@inproceedings{mu2021maniskill,
 author = {Mu, Tongzhou and Ling, Zhan and Xiang, Fanbo and Yang, Derek and Li, Xuanlin and Li, Xuanlin and Tao, Stone and Huang, Zhiao and Jia, Zhiwei and Su, Hao},
 booktitle = {Proceedings of the Neural Information Processing Systems Track on Datasets and Benchmarks},
 pages = {},
 title = {ManiSkill: Generalizable Manipulation Skill Benchmark with Large-Scale Demonstrations},
 volume = {1},
 year = {2021}
}

@inproceedings{andersson2021reinforcement,
  title={Reinforcement learning control of a forestry crane manipulator},
  author={Andersson, Jennifer and Bodin, Kenneth and Lindmark, Daniel and Servin, Martin and Wallin, Erik},
  booktitle={IEEE/RSJ International Conference on Intelligent Robots and Systems},
  pages={2121--2126},
  year={2021},
}

@article{ortiz2014increasing,
  title={Increasing the level of automation in the forestry logging process with crane trajectory planning and control},
  author={Ortiz Morales, Daniel and Westerberg, Simon and La Hera, Pedro X and Mettin, Uwe and Freidovich, Leonid and Shiriaev, Anton S},
  journal={Journal of Field Robotics},
  volume={31},
  number={3},
  pages={343--363},
  year={2014},
  publisher={Wiley Online Library}
}
@article{kalmari2017coordinated,
  title={Coordinated motion of a hydraulic forestry crane and a vehicle using nonlinear model predictive control},
  author={Kalmari, Jouko and Backman, Juha and Visala, Arto},
  journal={Computers and Electronics in Agriculture},
  volume={133},
  pages={119--127},
  year={2017},
  publisher={Elsevier}
}
@misc{ecker2022iterative,
  title={Iterative Linear Quadratic Regulator for Collision-Free Trajectory Optimization and Model Predictive Control of a Timber Crane},
  author={Ecker, Marc-Philip},
  year={Master Thesis, TU Wien, 2022},
  school={TU Wien}
}
@article{kalmari2014nonlinear,
  title={Nonlinear model predictive control of hydraulic forestry crane with automatic sway damping},
  author={Kalmari, Jouko and Backman, Juha and Visala, Arto},
  journal={Computers and Electronics in Agriculture},
  volume={109},
  pages={36--45},
  year={2014},
  publisher={Elsevier}
}

@article{hera2015model,
  title={Model-based development of control systems for forestry cranes},
  author={Hera, Pedro La and Morales, Daniel Ort{\'\i}z},
  journal={Journal of Control Science and Engineering},
  volume={2015},
  pages={27--27},
  year={2015},
  publisher={Hindawi Limited London, UK, United Kingdom}
}
@inproceedings{dhakate2022autonomous,
  title={Autonomous Control of Redundant Hydraulic Manipulator Using Reinforcement Learning with Action Feedback},
  author={Dhakate, Rohit and Brommer, Christian and Bohm, Christoph and Gietler, Harald and Weiss, Stephan and Steinbrener, Jan},
  booktitle={IEEE International Conference on Intelligent Robots and Systems (IROS)},
  pages={7036--7043},
  year={2022},
}
 @misc{algoryx,
    author = {{Algoryx Simulation AB}},
    title = {{AGX Dynamics}},
    url = {https://www.algoryx.se/agx-dynamics/},
    note = "{[Accessed on 01 Jan. 2024]}"
  }
@article{reiner2011interactive,
  title={Interactive modeling of implicit surfaces using a direct visualization approach with signed distance functions},
  author={Reiner, Tim and M{\"u}ckl, Gregor and Dachsbacher, Carsten},
  journal={Computers \& Graphics},
  volume={35},
  number={3},
  pages={596--603},
  year={2011},
  publisher={Elsevier}
}
@inproceedings{wen2023bundlesdf,
  title={BundleSDF: Neural 6-DoF Tracking and 3D Reconstruction of Unknown Objects},
  author={Wen, Bowen and Tremblay, Jonathan and Blukis, Valts and Tyree, Stephen and M{\"u}ller, Thomas and Evans, Alex and Fox, Dieter and Kautz, Jan and Birchfield, Stan},
  booktitle={Proceedings of the IEEE/CVF Conference on Computer Vision and Pattern Recognition},
  pages={606--617},
  year={2023}
}
@INPROCEEDINGS{vuong2023grasp,
  author={Vuong, A. D. and Vu, M. N. and Le, H. and Huang, B. and Binh, H. T. T. and Vo, T. and Kugi, A. and Nguyen, A.},
  booktitle={2024 IEEE International Conference on Robotics and Automation (ICRA)}, 
  title={Grasp-Anything: Large-scale Grasp Dataset from Foundation Models}, 
  year={2024},
  volume={},
  number={},
  pages={14030-14037},
  keywords={Codes;Service robots;Chatbots;Task analysis},
  doi={10.1109/ICRA57147.2024.10611277}}