@article{bartle2016physics,
  title={Physics-driven pattern adjustment for direct 3D garment editing.},
  author={Bartle, Aric and Sheffer, Alla and Kim, Vladimir G and Kaufman, Danny M and Vining, Nicholas and Berthouzoz, Floraine},
  journal={ACM Trans. Graph.},
  volume={35},
  number={4},
  pages={50--1},
  year={2016}
}

@article{bouaziz2014projective,
  title={Projective dynamics: fusing constraint projections for fast simulation},
  author={Bouaziz, Sofien and Martin, Sebastian and Liu, Tiantian and Kavan, Ladislav and Pauly, Mark},
  journal={ACM Transactions on Graphics (TOG)},
  volume={33},
  number={4},
  pages={1--11},
  year={2014},
  publisher={ACM New York, NY, USA}
}

@article{brezillon1981numerical,
  title={Numerical estimation of the first order derivative: approximate evaluation of an optimal step},
  author={Brezillon, Patrick and Staub, Jean-Fran{\c{c}}ois and Perault-Staub, Anne-Marie and Milhaud, G{\'e}rard},
  journal={Computers \& Mathematics with Applications},
  volume={7},
  number={4},
  pages={333--347},
  year={1981},
  publisher={Elsevier}
}

@article{chen20243d,
  title={3D-Adapter: Geometry-Consistent Multi-View Diffusion for High-Quality 3D Generation},
  author={Chen, Hansheng and Shen, Bokui and Liu, Yulin and Shi, Ruoxi and Zhou, Linqi and Lin, Connor Z and Gu, Jiayuan and Su, Hao and Wetzstein, Gordon and Guibas, Leonidas},
  journal={arXiv preprint arXiv:2410.18974},
  year={2024}
}

@inproceedings{chen2024panelformer,
  title={Panelformer: Sewing Pattern Reconstruction from 2D Garment Images},
  author={Chen, Cheng-Hsiu and Su, Jheng-Wei and Hu, Min-Chun and Yao, Chih-Yuan and Chu, Hung-Kuo},
  booktitle={Proceedings of the IEEE/CVF Winter Conference on Applications of Computer Vision},
  pages={454--463},
  year={2024}
}

@inproceedings{chen2024videocrafter2,
  title={Videocrafter2: Overcoming data limitations for high-quality video diffusion models},
  author={Chen, Haoxin and Zhang, Yong and Cun, Xiaodong and Xia, Menghan and Wang, Xintao and Weng, Chao and Shan, Ying},
  booktitle={Proceedings of the IEEE/CVF Conference on Computer Vision and Pattern Recognition},
  pages={7310--7320},
  year={2024}
}

@article{dhariwal2021diffusion,
  title={Diffusion models beat gans on image synthesis},
  author={Dhariwal, Prafulla and Nichol, Alexander},
  journal={Advances in neural information processing systems},
  volume={34},
  pages={8780--8794},
  year={2021}
}

@article{du2021diffpd,
  title={Diffpd: Differentiable projective dynamics},
  author={Du, Tao and Wu, Kui and Ma, Pingchuan and Wah, Sebastien and Spielberg, Andrew and Rus, Daniela and Matusik, Wojciech},
  journal={ACM Transactions on Graphics (TOG)},
  volume={41},
  number={2},
  pages={1--21},
  year={2021},
  publisher={ACM New York, NY}
}

@article{freeman2021brax,
  title={Brax--a differentiable physics engine for large scale rigid body simulation},
  author={Freeman, C Daniel and Frey, Erik and Raichuk, Anton and Girgin, Sertan and Mordatch, Igor and Bachem, Olivier},
  journal={arXiv preprint arXiv:2106.13281},
  year={2021}
}

@article{gao2024cat3d,
  title={Cat3d: Create anything in 3d with multi-view diffusion models},
  author={Gao, Ruiqi and Holynski, Aleksander and Henzler, Philipp and Brussee, Arthur and Martin-Brualla, Ricardo and Srinivasan, Pratul and Barron, Jonathan T and Poole, Ben},
  journal={arXiv preprint arXiv:2405.10314},
  year={2024}
}

@article{geilinger2020add,
  title={Add: Analytically differentiable dynamics for multi-body systems with frictional contact},
  author={Geilinger, Moritz and Hahn, David and Zehnder, Jonas and B{\"a}cher, Moritz and Thomaszewski, Bernhard and Coros, Stelian},
  journal={ACM Transactions on Graphics (TOG)},
  volume={39},
  number={6},
  pages={1--15},
  year={2020},
  publisher={ACM New York, NY, USA}
}

@article{hahn2019real2sim,
  title={Real2sim: Visco-elastic parameter estimation from dynamic motion},
  author={Hahn, David and Banzet, Pol and Bern, James M and Coros, Stelian},
  journal={ACM Transactions on Graphics (TOG)},
  volume={38},
  number={6},
  pages={1--13},
  year={2019},
  publisher={ACM New York, NY, USA}
}

@article{he2024dresscode,
  title={DressCode: Autoregressively Sewing and Generating Garments from Text Guidance},
  author={He, Kai and Yao, Kaixin and Zhang, Qixuan and Yu, Jingyi and Liu, Lingjie and Xu, Lan},
  journal={arXiv preprint arXiv:2401.16465},
  year={2024}
}

@article{he2024magicman,
  title={Magicman: Generative novel view synthesis of humans with 3d-aware diffusion and iterative refinement},
  author={He, Xu and Li, Xiaoyu and Kang, Di and Ye, Jiangnan and Zhang, Chaopeng and Chen, Liyang and Gao, Xiangjun and Zhang, Han and Wu, Zhiyong and Zhuang, Haolin},
  journal={arXiv preprint arXiv:2408.14211},
  year={2024}
}

@article{herholz2024mesh,
  title={A Mesh-based Simulation Framework using Automatic Code Generation},
  author={Herholz, Philipp and Stuyck, Tuur and Kavan, Ladislav},
  journal={ACM Transactions on Graphics (TOG)},
  volume={43},
  number={6},
  pages={1--17},
  year={2024},
  publisher={ACM New York, NY, USA}
}

@article{ho2020denoising,
  title={Denoising diffusion probabilistic models},
  author={Ho, Jonathan and Jain, Ajay and Abbeel, Pieter},
  journal={Advances in neural information processing systems},
  volume={33},
  pages={6840--6851},
  year={2020}
}

@article{ho2022video,
  title={Video diffusion models},
  author={Ho, Jonathan and Salimans, Tim and Gritsenko, Alexey and Chan, William and Norouzi, Mohammad and Fleet, David J},
  journal={Advances in Neural Information Processing Systems},
  volume={35},
  pages={8633--8646},
  year={2022}
}

@inproceedings{hu2019chainqueen,
  title={Chainqueen: A real-time differentiable physical simulator for soft robotics},
  author={Hu, Yuanming and Liu, Jiancheng and Spielberg, Andrew and Tenenbaum, Joshua B and Freeman, William T and Wu, Jiajun and Rus, Daniela and Matusik, Wojciech},
  booktitle={2019 International conference on robotics and automation (ICRA)},
  pages={6265--6271},
  year={2019},
  organization={IEEE}
}

@article{hu2019difftaichi,
  title={Difftaichi: Differentiable programming for physical simulation},
  author={Hu, Yuanming and Anderson, Luke and Li, Tzu-Mao and Sun, Qi and Carr, Nathan and Ragan-Kelley, Jonathan and Durand, Fr{\'e}do},
  journal={arXiv preprint arXiv:1910.00935},
  year={2019}
}

@article{huang2021plasticinelab,
  title={Plasticinelab: A soft-body manipulation benchmark with differentiable physics},
  author={Huang, Zhiao and Hu, Yuanming and Du, Tao and Zhou, Siyuan and Su, Hao and Tenenbaum, Joshua B and Gan, Chuang},
  journal={arXiv preprint arXiv:2104.03311},
  year={2021}
}

@article{huang2024differentiable,
  title={Differentiable solver for time-dependent deformation problems with contact},
  author={Huang, Zizhou and Tozoni, Davi Colli and Gjoka, Arvi and Ferguson, Zachary and Schneider, Teseo and Panozzo, Daniele and Zorin, Denis},
  journal={ACM Transactions on Graphics},
  volume={43},
  number={3},
  pages={1--30},
  year={2024},
  publisher={ACM New York, NY}
}

@article{jatavallabhula2021gradsim,
  title={gradsim: Differentiable simulation for system identification and visuomotor control},
  author={Jatavallabhula, Krishna Murthy and Macklin, Miles and Golemo, Florian and Voleti, Vikram and Petrini, Linda and Weiss, Martin and Considine, Breandan and Parent-L{\'e}vesque, J{\'e}r{\^o}me and Xie, Kevin and Erleben, Kenny and others},
  journal={arXiv preprint arXiv:2104.02646},
  year={2021}
}

@inproceedings{jiang2020bcnet,
  title={Bcnet: Learning body and cloth shape from a single image},
  author={Jiang, Boyi and Zhang, Juyong and Hong, Yang and Luo, Jinhao and Liu, Ligang and Bao, Hujun},
  booktitle={Computer Vision--ECCV 2020: 16th European Conference, Glasgow, UK, August 23--28, 2020, Proceedings, Part XX 16},
  pages={18--35},
  year={2020},
  organization={Springer}
}

@article{korosteleva2022neuraltailor,
  title={Neuraltailor: Reconstructing sewing pattern structures from 3d point clouds of garments},
  author={Korosteleva, Maria and Lee, Sung-Hee},
  journal={ACM Transactions on Graphics (TOG)},
  volume={41},
  number={4},
  pages={1--16},
  year={2022},
  publisher={ACM New York, NY, USA}
}

@article{korosteleva2023garmentcode,
  title={GarmentCode: Programming Parametric Sewing Patterns},
  author={Korosteleva, Maria and Sorkine-Hornung, Olga},
  journal={ACM Transactions on Graphics (TOG)},
  volume={42},
  number={6},
  pages={1--15},
  year={2023},
  publisher={ACM New York, NY, USA}
}

@article{li2020codimensional,
  author = {Minchen Li and Danny M. Kaufman and Chenfanfu Jiang},
    title = {Codimensional Incremental Potential Contact},
    journal = {ACM Trans. Graph. (SIGGRAPH)},
    year = {2021},
    volume = {40},
    number = {4},
    articleno = {170}
}

@article{li2020incremental,
  title={Incremental potential contact: intersection-and inversion-free, large-deformation dynamics.},
  author={Li, Minchen and Ferguson, Zachary and Schneider, Teseo and Langlois, Timothy R and Zorin, Denis and Panozzo, Daniele and Jiang, Chenfanfu and Kaufman, Danny M},
  journal={ACM Trans. Graph.},
  volume={39},
  number={4},
  pages={49},
  year={2020}
}

@article{li2022diffcloth,
  title={Diffcloth: Differentiable cloth simulation with dry frictional contact},
  author={Li, Yifei and Du, Tao and Wu, Kui and Xu, Jie and Matusik, Wojciech},
  journal={ACM Transactions on Graphics (TOG)},
  volume={42},
  number={1},
  pages={1--20},
  year={2022},
  publisher={ACM New York, NY}
}

@article{li2023difffr,
  title={DiffFR: Differentiable SPH-based fluid-rigid coupling for rigid body control},
  author={Li, Zhehao and Xu, Qingyu and Ye, Xiaohan and Ren, Bo and Liu, Ligang},
  journal={ACM Transactions on Graphics (TOG)},
  volume={42},
  number={6},
  pages={1--17},
  year={2023},
  publisher={ACM New York, NY, USA}
}

@article{li2023pac,
  title={Pac-nerf: Physics augmented continuum neural radiance fields for geometry-agnostic system identification},
  author={Li, Xuan and Qiao, Yi-Ling and Chen, Peter Yichen and Jatavallabhula, Krishna Murthy and Lin, Ming and Jiang, Chenfanfu and Gan, Chuang},
  journal={arXiv preprint arXiv:2303.05512},
  year={2023}
}

@inproceedings{li2024diffavatar,
  title={Diffavatar: Simulation-ready garment optimization with differentiable simulation},
  author={Li, Yifei and Chen, Hsiao-yu and Larionov, Egor and Sarafianos, Nikolaos and Matusik, Wojciech and Stuyck, Tuur},
  booktitle={Proceedings of the IEEE/CVF Conference on Computer Vision and Pattern Recognition},
  pages={4368--4378},
  year={2024}
}

@inproceedings{li2024garment,
  title={Garment Recovery with Shape and Deformation Priors},
  author={Li, Ren and Dumery, Corentin and Guillard, Beno{\^\i}t and Fua, Pascal},
  booktitle={Proceedings of the IEEE/CVF Conference on Computer Vision and Pattern Recognition},
  pages={1586--1595},
  year={2024}
}

@article{li2024neuralfluid,
  title={NeuralFluid: Neural Fluidic System Design and Control with Differentiable Simulation},
  author={Li, Yifei and Sun, Yuchen and Ma, Pingchuan and Sifakis, Eftychios and Du, Tao and Zhu, Bo and Matusik, Wojciech},
  journal={arXiv preprint arXiv:2405.14903},
  year={2024}
}

@article{li2024pshuman,
  title={PSHuman: Photorealistic Single-view Human Reconstruction using Cross-Scale Diffusion},
  author={Li, Peng and Zheng, Wangguandong and Liu, Yuan and Yu, Tao and Li, Yangguang and Qi, Xingqun and Li, Mengfei and Chi, Xiaowei and Xia, Siyu and Xue, Wei and others},
  journal={arXiv preprint arXiv:2409.10141},
  year={2024}
}

@article{liang2019differentiable,
  title={Differentiable cloth simulation for inverse problems},
  author={Liang, Junbang and Lin, Ming and Koltun, Vladlen},
  journal={Advances in Neural Information Processing Systems},
  volume={32},
  year={2019}
}

@article{liu2023towards,
  title={Towards garment sewing pattern reconstruction from a single image},
  author={Liu, Lijuan and Xu, Xiangyu and Lin, Zhijie and Liang, Jiabin and Yan, Shuicheng},
  journal={ACM Transactions on Graphics (TOG)},
  volume={42},
  number={6},
  pages={1--15},
  year={2023},
  publisher={ACM New York, NY, USA}
}

@article{long2023wonder3d,
  title={Wonder3d: Single image to 3d using cross-domain diffusion},
  author={Long, Xiaoxiao and Guo, Yuan-Chen and Lin, Cheng and Liu, Yuan and Dou, Zhiyang and Liu, Lingjie and Ma, Yuexin and Zhang, Song-Hai and Habermann, Marc and Theobalt, Christian and others},
  journal={arXiv preprint arXiv:2310.15008},
  year={2023}
}

@inproceedings{long2024wonder3d,
  title={Wonder3d: Single image to 3d using cross-domain diffusion},
  author={Long, Xiaoxiao and Guo, Yuan-Chen and Lin, Cheng and Liu, Yuan and Dou, Zhiyang and Liu, Lingjie and Ma, Yuexin and Zhang, Song-Hai and Habermann, Marc and Theobalt, Christian and others},
  booktitle={Proceedings of the IEEE/CVF Conference on Computer Vision and Pattern Recognition},
  pages={9970--9980},
  year={2024}
}

@article{luo2019accelerated,
  title={Accelerated complex-step finite difference for expedient deformable simulation},
  author={Luo, Ran and Xu, Weiwei and Shao, Tianjia and Xu, Hongyi and Yang, Yin},
  journal={ACM Transactions on Graphics (TOG)},
  volume={38},
  number={6},
  pages={1--16},
  year={2019},
  publisher={ACM New York, NY, USA}
}

@article{luo2024garverselod,
  title={GarVerseLOD: High-Fidelity 3D Garment Reconstruction from a Single In-the-Wild Image using a Dataset with Levels of Details},
  author={Luo, Zhongjin and Liu, Haolin and Li, Chenghong and Du, Wanghao and Jin, Zirong and Sun, Wanhu and Nie, Yinyu and Chen, Weikai and Han, Xiaoguang},
  journal={ACM Transactions on Graphics (TOG)},
  volume={43},
  number={6},
  pages={1--12},
  year={2024},
  publisher={ACM New York, NY, USA}
}

@inproceedings{macklin2016xpbd,
  title={XPBD: position-based simulation of compliant constrained dynamics},
  author={Macklin, Miles and M{\"u}ller, Matthias and Chentanez, Nuttapong},
  booktitle={Proceedings of the 9th International Conference on Motion in Games},
  pages={49--54},
  year={2016}
}

@inproceedings{macklin2022warp,
  title={Warp: A high-performance python framework for gpu simulation and graphics},
  author={Macklin, Miles},
  booktitle={NVIDIA GPU Technology Conference (GTC)},
  year={2022}
}

@article{margossian2019review,
  title={A review of automatic differentiation and its efficient implementation},
  author={Margossian, Charles C},
  journal={Wiley interdisciplinary reviews: data mining and knowledge discovery},
  volume={9},
  number={4},
  pages={e1305},
  year={2019},
  publisher={Wiley Online Library}
}

@article{mcnamara2004fluid,
  title={Fluid control using the adjoint method},
  author={McNamara, Antoine and Treuille, Adrien and Popovi{\'c}, Zoran and Stam, Jos},
  journal={ACM Transactions On Graphics (TOG)},
  volume={23},
  number={3},
  pages={449--456},
  year={2004},
  publisher={ACM New York, NY, USA}
}

@inproceedings{moon20223d,
  title={3d clothed human reconstruction in the wild},
  author={Moon, Gyeongsik and Nam, Hyeongjin and Shiratori, Takaaki and Lee, Kyoung Mu},
  booktitle={European conference on computer vision},
  pages={184--200},
  year={2022},
  organization={Springer}
}

@article{muller2007position,
  title={Position based dynamics},
  author={M{\"u}ller, Matthias and Heidelberger, Bruno and Hennix, Marcus and Ratcliff, John},
  journal={Journal of Visual Communication and Image Representation},
  volume={18},
  number={2},
  pages={109--118},
  year={2007},
  publisher={Elsevier}
}

@book{naumann2011art,
  title={The art of differentiating computer programs: an introduction to algorithmic differentiation},
  author={Naumann, Uwe},
  year={2011},
  publisher={SIAM}
}

@article{nichol2021glide,
  title={Glide: Towards photorealistic image generation and editing with text-guided diffusion models},
  author={Nichol, Alex and Dhariwal, Prafulla and Ramesh, Aditya and Shyam, Pranav and Mishkin, Pamela and McGrew, Bob and Sutskever, Ilya and Chen, Mark},
  journal={arXiv preprint arXiv:2112.10741},
  year={2021}
}

@article{numerow2024differentiable,
  title={Differentiable voronoi diagrams for simulation of cell-based mechanical systems},
  author={Numerow, Logan and Li, Yue and Coros, Stelian and Thomaszewski, Bernhard},
  journal={ACM Transactions on Graphics (TOG)},
  volume={43},
  number={4},
  pages={1--11},
  year={2024},
  publisher={ACM New York, NY, USA}
}

@article{panetta2021computational,
  title={Computational inverse design of surface-based inflatables},
  author={Panetta, Julian and Isvoranu, Florin and Chen, Tian and Si{\'e}fert, Emmanuel and Roman, Beno{\^\i}t and Pauly, Mark},
  journal={ACM Transactions on Graphics (TOG)},
  volume={40},
  number={4},
  pages={1--14},
  year={2021},
  publisher={ACM New York, NY, USA}
}

@inproceedings{qiao2021efficient,
  title={Efficient differentiable simulation of articulated bodies},
  author={Qiao, Yi-Ling and Liang, Junbang and Koltun, Vladlen and Lin, Ming C},
  booktitle={International Conference on Machine Learning},
  pages={8661--8671},
  year={2021},
  organization={PMLR}
}

@book{renardy2006introduction,
  title={An introduction to partial differential equations},
  author={Renardy, Michael and Rogers, Robert C},
  volume={13},
  year={2006},
  publisher={Springer Science \& Business Media}
}

@inproceedings{ruiz2023dreambooth,
  title={Dreambooth: Fine tuning text-to-image diffusion models for subject-driven generation},
  author={Ruiz, Nataniel and Li, Yuanzhen and Jampani, Varun and Pritch, Yael and Rubinstein, Michael and Aberman, Kfir},
  booktitle={Proceedings of the IEEE/CVF Conference on Computer Vision and Pattern Recognition},
  pages={22500--22510},
  year={2023}
}

@inproceedings{saharia2022palette,
  title={Palette: Image-to-image diffusion models},
  author={Saharia, Chitwan and Chan, William and Chang, Huiwen and Lee, Chris and Ho, Jonathan and Salimans, Tim and Fleet, David and Norouzi, Mohammad},
  booktitle={ACM SIGGRAPH 2022 conference proceedings},
  pages={1--10},
  year={2022}
}

@inproceedings{schenck2018spnets,
  title={Spnets: Differentiable fluid dynamics for deep neural networks},
  author={Schenck, Connor and Fox, Dieter},
  booktitle={Conference on Robot Learning},
  pages={317--335},
  year={2018},
  organization={PMLR}
}

@article{shen2021high,
author = {Shen, Siyuan and Yang, Yin and Shao, Tianjia and Wang, He and Jiang, Chenfanfu and Lan, Lei and Zhou, Kun},
title = {High-Order Differentiable Autoencoder for Nonlinear Model Reduction},
year = {2021},
issue_date = {August 2021},
publisher = {Association for Computing Machinery},
address = {New York, NY, USA},
volume = {40},
number = {4},
issn = {0730-0301},
url = {https://doi.org/10.1145/3450626.3459754},
doi = {10.1145/3450626.3459754},
journal = {ACM Trans. Graph.},
month = {jul},
articleno = {68},
numpages = {15},
keywords = {model reduction, differentiation, deformable model, autoencoder, GPU}
}

@article{shi2023mvdream,
  title={Mvdream: Multi-view diffusion for 3d generation},
  author={Shi, Yichun and Wang, Peng and Ye, Jianglong and Long, Mai and Li, Kejie and Yang, Xiao},
  journal={arXiv preprint arXiv:2308.16512},
  year={2023}
}

@article{shi2023zero123++,
  title={Zero123++: a single image to consistent multi-view diffusion base model},
  author={Shi, Ruoxi and Chen, Hansheng and Zhang, Zhuoyang and Liu, Minghua and Xu, Chao and Wei, Xinyue and Chen, Linghao and Zeng, Chong and Su, Hao},
  journal={arXiv preprint arXiv:2310.15110},
  year={2023}
}

@article{si2024difftactile,
  title={DIFFTACTILE: A Physics-based Differentiable Tactile Simulator for Contact-rich Robotic Manipulation},
  author={Si, Zilin and Zhang, Gu and Ben, Qingwei and Romero, Branden and Xian, Zhou and Liu, Chao and Gan, Chuang},
  journal={arXiv preprint arXiv:2403.08716},
  year={2024}
}

@inproceedings{strecke2021diffsdfsim,
  title={DiffSDFSim: Differentiable rigid-body dynamics with implicit shapes},
  author={Strecke, Michael and Stueckler, Joerg},
  booktitle={2021 international conference on 3D Vision (3DV)},
  pages={96--105},
  year={2021},
  organization={IEEE}
}

@article{stuyck2023diffxpbd,
  title={Diffxpbd: Differentiable position-based simulation of compliant constraint dynamics},
  author={Stuyck, Tuur and Chen, Hsiao-yu},
  journal={Proceedings of the ACM on Computer Graphics and Interactive Techniques},
  volume={6},
  number={3},
  pages={1--14},
  year={2023},
  publisher={ACM New York, NY, USA}
}

@article{tang2023dreamgaussian,
  title={Dreamgaussian: Generative gaussian splatting for efficient 3d content creation},
  author={Tang, Jiaxiang and Ren, Jiawei and Zhou, Hang and Liu, Ziwei and Zeng, Gang},
  journal={arXiv preprint arXiv:2309.16653},
  year={2023}
}

@inproceedings{tang2025mvdiffusion++,
  title={Mvdiffusion++: A dense high-resolution multi-view diffusion model for single or sparse-view 3d object reconstruction},
  author={Tang, Shitao and Chen, Jiacheng and Wang, Dilin and Tang, Chengzhou and Zhang, Fuyang and Fan, Yuchen and Chandra, Vikas and Furukawa, Yasutaka and Ranjan, Rakesh},
  booktitle={European Conference on Computer Vision},
  pages={175--191},
  year={2025},
  organization={Springer}
}

@article{wang2023imagedream,
  title={Imagedream: Image-prompt multi-view diffusion for 3d generation},
  author={Wang, Peng and Shi, Yichun},
  journal={arXiv preprint arXiv:2312.02201},
  year={2023}
}

@inproceedings{xiu2022icon,
  title={Icon: Implicit clothed humans obtained from normals},
  author={Xiu, Yuliang and Yang, Jinlong and Tzionas, Dimitrios and Black, Michael J},
  booktitle={2022 IEEE/CVF Conference on Computer Vision and Pattern Recognition (CVPR)},
  pages={13286--13296},
  year={2022},
  organization={IEEE}
}

@inproceedings{xiu2023econ,
  title={Econ: Explicit clothed humans optimized via normal integration},
  author={Xiu, Yuliang and Yang, Jinlong and Cao, Xu and Tzionas, Dimitrios and Black, Michael J},
  booktitle={Proceedings of the IEEE/CVF conference on computer vision and pattern recognition},
  pages={512--523},
  year={2023}
}

@article{xu2021end,
  title={An end-to-end differentiable framework for contact-aware robot design},
  author={Xu, Jie and Chen, Tao and Zlokapa, Lara and Foshey, Michael and Matusik, Wojciech and Sueda, Shinjiro and Agrawal, Pulkit},
  journal={arXiv preprint arXiv:2107.07501},
  year={2021}
}

@article{xu2023dmv3d,
  title={Dmv3d: Denoising multi-view diffusion using 3d large reconstruction model},
  author={Xu, Yinghao and Tan, Hao and Luan, Fujun and Bi, Sai and Wang, Peng and Li, Jiahao and Shi, Zifan and Sunkavalli, Kalyan and Wetzstein, Gordon and Xu, Zexiang and others},
  journal={arXiv preprint arXiv:2311.09217},
  year={2023}
}

@inproceedings{xu2023efficient,
  title={Efficient tactile simulation with differentiability for robotic manipulation},
  author={Xu, Jie and Kim, Sangwoon and Chen, Tao and Garcia, Alberto Rodriguez and Agrawal, Pulkit and Matusik, Wojciech and Sueda, Shinjiro},
  booktitle={Conference on Robot Learning},
  pages={1488--1498},
  year={2023},
  organization={PMLR}
}

@inproceedings{yang2024consistnet,
  title={Consistnet: Enforcing 3d consistency for multi-view images diffusion},
  author={Yang, Jiayu and Cheng, Ziang and Duan, Yunfei and Ji, Pan and Li, Hongdong},
  booktitle={Proceedings of the IEEE/CVF Conference on Computer Vision and Pattern Recognition},
  pages={7079--7088},
  year={2024}
}

@article{yu2023surf,
  title={Surf-D: High-Quality Surface Generation for Arbitrary Topologies using Diffusion Models},
  author={Yu, Zhengming and Dou, Zhiyang and Long, Xiaoxiao and Lin, Cheng and Li, Zekun and Liu, Yuan and M{\"u}ller, Norman and Komura, Taku and Habermann, Marc and Theobalt, Christian and others},
  journal={arXiv preprint arXiv:2311.17050},
  year={2023}
}

@inproceedings{zhang2023adding,
  title={Adding conditional control to text-to-image diffusion models},
  author={Zhang, Lvmin and Rao, Anyi and Agrawala, Maneesh},
  booktitle={Proceedings of the IEEE/CVF International Conference on Computer Vision},
  pages={3836--3847},
  year={2023}
}

@inproceedings{zhao2021learning,
  title={Learning anchored unsigned distance functions with gradient direction alignment for single-view garment reconstruction},
  author={Zhao, Fang and Wang, Wenhao and Liao, Shengcai and Shao, Ling},
  booktitle={Proceedings of the IEEE/CVF International Conference on Computer Vision},
  pages={12674--12683},
  year={2021}
}

@inproceedings{zheng2025physavatar,
  title={Physavatar: Learning the physics of dressed 3d avatars from visual observations},
  author={Zheng, Yang and Zhao, Qingqing and Yang, Guandao and Yifan, Wang and Xiang, Donglai and Dubost, Florian and Lagun, Dmitry and Beeler, Thabo and Tombari, Federico and Guibas, Leonidas and others},
  booktitle={European Conference on Computer Vision},
  pages={262--284},
  year={2025},
  organization={Springer}
}

@inproceedings{zhu2020deep,
  title={Deep fashion3d: A dataset and benchmark for 3d garment reconstruction from single images},
  author={Zhu, Heming and Cao, Yu and Jin, Hang and Chen, Weikai and Du, Dong and Wang, Zhangye and Cui, Shuguang and Han, Xiaoguang},
  booktitle={Computer Vision--ECCV 2020: 16th European Conference, Glasgow, UK, August 23--28, 2020, Proceedings, Part I 16},
  pages={512--530},
  year={2020},
  organization={Springer}
}

