
% Journals

% First the Full Name is given, then the abbreviation used in the AMS Math
% Reviews, with an indication if it could not be found there.
% Note the 2nd overwrites the 1st, so swap them if you want the full name.

 %{AMS}
 @String{AMSTrans = "American Mathematical Society Translations" }
 @String{AMSTrans = "Amer. Math. Soc. Transl." }
 @String{BullAMS = "Bulletin of the American Mathematical Society" }
 @String{BullAMS = "Bull. Amer. Math. Soc." }
 @String{ProcAMS = "Proceedings of the American Mathematical Society" }
 @String{ProcAMS = "Proc. Amer. Math. Soc." }
 @String{TransAMS = "Transactions of the American Mathematical Society" }
 @String{TransAMS = "Trans. Amer. Math. Soc." }

 %ACM
 @String{CACM = "Communications of the {ACM}" }
 @String{CACM = "Commun. {ACM}" }
 @String{CompServ = "Comput. Surveys" }
 @String{JACM = "J. ACM" }
 @String{ACMMathSoft = "{ACM} Transactions on Mathematical Software" }
 @String{ACMMathSoft = "{ACM} Trans. Math. Software" }
 @String{SIGNUM = "{ACM} {SIGNUM} Newsletter" }
 @String{SIGNUM = "{ACM} {SIGNUM} Newslett." }

 @String{AmerSocio = "American Journal of Sociology" }
 @String{AmerStatAssoc = "Journal of the American Statistical Association" }
 @String{AmerStatAssoc = "J. Amer. Statist. Assoc." }
 @String{ApplMathComp = "Applied Mathematics and Computation" }
 @String{ApplMathComp = "Appl. Math. Comput." }
 @String{AmerMathMonthly = "American Mathematical Monthly" }
 @String{AmerMathMonthly = "Amer. Math. Monthly" }
 @String{BIT = "{BIT}" }
 @String{BritStatPsych = "British Journal of Mathematical and Statistical
          Psychology" }
 @String{BritStatPsych = "Brit. J. Math. Statist. Psych." }
 @String{CanMathBull = "Canadian Mathematical Bulletin" }
 @String{CanMathBull = "Canad. Math. Bull." }
 @String{CompApplMath = "Journal of Computational and Applied Mathematics" }
 @String{CompApplMath = "J. Comput. Appl. Math." }
 @String{CompPhys = "Journal of Computational Physics" }
 @String{CompPhys = "J. Comput. Phys." }
 @String{CompStruct = "Computers and Structures" }
 @String{CompStruct = "Comput. \& Structures" }
 @String{CompJour = "The Computer Journal" }
 @String{CompJour = "Comput. J." }
 @String{CompSysSci = "Journal of Computer and System Sciences" }
 @String{CompSysSci = "J. Comput. System Sci." }
 @String{Computing = "Computing" }
 @String{ContempMath = "Contemporary Mathematics" }
 @String{ContempMath = "Contemp. Math." }
 @String{Crelle = "Crelle's Journal" }
 @String{GiornaleMath = "Giornale di Mathematiche" }
 @String{GiornaleMath = "Giorn. Mat." } % didn't find in AMS MR., ibid.

 %IEEE
 @String{Computer = "{IEEE} Computer" }
 @String{IEEETransComp = "{IEEE} Transactions on Computers" }
 @String{IEEETransComp = "{IEEE} Trans. Comput." }
 @String{IEEETransAC = "{IEEE} Transactions on Automatic Control" }
 @String{IEEETransAC = "{IEEE} Trans. Automat. Control" }
 @String{IEEESpec = "{IEEE} Spectrum" } % didn't find in AMS MR
 @String{ProcIEEE = "Proceedings of the {IEEE}" }
 @String{ProcIEEE = "Proc. {IEEE}" } % didn't find in AMS MR
 @String{IEEETransAeroElec = "{IEEE} Transactions on Aerospace and Electronic
     Systems" }
 @String{IEEETransAeroElec = "{IEEE} Trans. Aerospace Electron. Systems" }

 @String{IMANumerAna = "{IMA} Journal of Numerical Analysis" }
 @String{IMANumerAna = "{IMA} J. Numer. Anal." }
 @String{InfProcLet = "Information Processing Letters" }
 @String{InfProcLet = "Inform. Process. Lett." }
 @String{InstMathApp = "Journal of the Institute of Mathematics and
     its Applications" }
 @String{InstMathApp = "J. Inst. Math. Appl." }
 @String{IntControl = "International Journal of Control" }
 @String{IntControl = "Internat. J. Control" }
 @String{IntNumerEng = "International Journal for Numerical Methods in
     Engineering" }
 @String{IntNumerEng = "Internat. J. Numer. Methods Engrg." }
 @String{IntSuper = "International Journal of Supercomputing Applications" }
 @String{IntSuper = "Internat. J. Supercomputing Applic." } % didn't find
%% in AMS MR
 @String{Kibernetika = "Kibernetika" }
 @String{JResNatBurStand = "Journal of Research of the National Bureau
     of Standards" }
 @String{JResNatBurStand = "J. Res. Nat. Bur. Standards" }
 @String{LinAlgApp = "Linear Algebra and its Applications" }
 @String{LinAlgApp = "Linear Algebra Appl." }
 @String{MathAnaAppl = "Journal of Mathematical Analysis and Applications" }
 @String{MathAnaAppl = "J. Math. Anal. Appl." }
 @String{MathAnnalen = "Mathematische Annalen" }
 @String{MathAnnalen = "Math. Ann." }
 @String{MathPhys = "Journal of Mathematical Physics" }
 @String{MathPhys = "J. Math. Phys." }
 @String{MathComp = "Mathematics of Computation" }
 @String{MathComp = "Math. Comp." }
 @String{MathScand = "Mathematica Scandinavica" }
 @String{MathScand = "Math. Scand." }
 @String{TablesAidsComp = "Mathematical Tables and Other Aids to Computation" }
 @String{TablesAidsComp = "Math. Tables Aids Comput." }
 @String{NumerMath = "Numerische Mathematik" }
 @String{NumerMath = "Numer. Math." }
 @String{PacificMath = "Pacific Journal of Mathematics" }
 @String{PacificMath = "Pacific J. Math." }
 @String{ParDistComp = "Journal of Parallel and Distributed Computing" }
 @String{ParDistComp = "J. Parallel and Distrib. Comput." } % didn't find
%% in AMS MR
 @String{ParComputing = "Parallel Computing" }
 @String{ParComputing = "Parallel Comput." }
 @String{PhilMag = "Philosophical Magazine" }
 @String{PhilMag = "Philos. Mag." }
 @String{ProcNAS = "Proceedings of the National Academy of Sciences
                    of the USA" }
 @String{ProcNAS = "Proc. Nat. Acad. Sci. U. S. A." }
 @String{Psychometrika = "Psychometrika" }
 @String{QuartMath = "Quarterly Journal of Mathematics, Oxford, Series (2)" }
 @String{QuartMath = "Quart. J. Math. Oxford Ser. (2)" }
 @String{QuartApplMath = "Quarterly of Applied Mathematics" }
 @String{QuartApplMath = "Quart. Appl. Math." }
 @String{RevueInstStat = "Review of the International Statisical Institute" }
 @String{RevueInstStat = "Rev. Inst. Internat. Statist." }

 %SIAM
 @String{JSIAM = "Journal of the Society for Industrial and Applied
     Mathematics" }
 @String{JSIAM = "J. Soc. Indust. Appl. Math." }
 @String{JSIAMB = "Journal of the Society for Industrial and Applied
     Mathematics, Series B, Numerical Analysis" }
 @String{JSIAMB = "J. Soc. Indust. Appl. Math. Ser. B Numer. Anal." }
 @String{SIAMAlgMeth = "{SIAM} Journal on Algebraic and Discrete Methods" }
 @String{SIAMAlgMeth = "{SIAM} J. Algebraic Discrete Methods" }
 @String{SIAMAppMath = "{SIAM} Journal on Applied Mathematics" }
 @String{SIAMAppMath = "{SIAM} J. Appl. Math." }
 @String{SIAMComp = "{SIAM} Journal on Computing" }
 @String{SIAMComp = "{SIAM} J. Comput." }
 @String{SIAMMatrix = "{SIAM} Journal on Matrix Analysis and Applications" }
 @String{SIAMMatrix = "{SIAM} J. Matrix Anal. Appl." }
 @String{SIAMNumAnal = "{SIAM} Journal on Numerical Analysis" }
 @String{SIAMNumAnal = "{SIAM} J. Numer. Anal." }
 @String{SIAMReview = "{SIAM} Review" }
 @String{SIAMReview = "{SIAM} Rev." }
 @String{SIAMSciStat = "{SIAM} Journal on Scientific and Statistical
     Computing" }
 @String{SIAMSciStat = "{SIAM} J. Sci. Statist. Comput." }

 @String{SoftPracExp = "Software Practice and Experience" }
 @String{SoftPracExp = "Software Prac. Experience" } % didn't find in AMS MR
 @String{StatScience = "Statistical Science" }
 @String{StatScience = "Statist. Sci." }
 @String{Techno = "Technometrics" }
 @String{USSRCompMathPhys = "{USSR} Computational Mathematics and Mathematical
     Physics" }
 @String{USSRCompMathPhys = "{U. S. S. R.} Comput. Math. and Math. Phys." }
 @String{VLSICompSys = "Journal of {VLSI} and Computer Systems" }
 @String{VLSICompSys = "J. {VLSI} Comput. Syst." }
 @String{ZAngewMathMech = "Zeitschrift fur Angewandte Mathematik und
     Mechanik" }
 @String{ZAngewMathMech = "Z. Angew. Math. Mech." }
 @String{ZAngewMathPhys = "Zeitschrift fur Angewandte Mathematik und Physik" }
 @String{ZAngewMathPhys = "Z. Angew. Math. Phys." }

% Publishers % ================================================= |

 @String{Academic = "Academic Press" }
 @String{ACMPress = "{ACM} Press" }
 @String{AdamHilger = "Adam Hilger" }
 @String{AddisonWesley = "Addison-Wesley" }
 @String{AllynBacon = "Allyn and Bacon" }
 @String{AMS = "American Mathematical Society" }
 @String{Birkhauser = "Birkha{\"u}ser" }
 @String{CambridgePress = "Cambridge University Press" }
 @String{Chelsea = "Chelsea" }
 @String{ClaredonPress = "Claredon Press" }
 @String{DoverPub = "Dover Publications" }
 @String{Eyolles = "Eyolles" }
 @String{HoltRinehartWinston = "Holt, Rinehart and Winston" }
 @String{Interscience = "Interscience" }
 @String{JohnsHopkinsPress = "The Johns Hopkins University Press" }
 @String{JohnWileySons = "John Wiley and Sons" }
 @String{Macmillan = "Macmillan" }
 @String{MathWorks = "The Math Works Inc." }
 @String{McGrawHill = "McGraw-Hill" }
 @String{NatBurStd = "National Bureau of Standards" }
 @String{NorthHolland = "North-Holland" }
 @String{OxfordPress = "Oxford University Press" }  %address Oxford or London?
 @String{PergamonPress = "Pergamon Press" }
 @String{PlenumPress = "Plenum Press" }
 @String{PrenticeHall = "Prentice-Hall" }
 @String{SIAMPub = "{SIAM} Publications" }
 @String{Springer = "Springer-Verlag" }
 @String{TexasPress = "University of Texas Press" }
 @String{VanNostrand = "Van Nostrand" }
 @String{WHFreeman = "W. H. Freeman and Co." }

%Entries

@inproceedings{liu2008local,
  title={A local/global approach to mesh parameterization},
  author={Liu, Ligang and Zhang, Lei and Xu, Yin and Gotsman, Craig and Gortler, Steven J},
  booktitle={Computer Graphics Forum},
  volume={27},
  number={5},
  pages={1495--1504},
  year={2008},
  organization={Wiley Online Library}
}

@incollection{jiang2016material,
  title={The material point method for simulating continuum materials},
  author={Jiang, Chenfanfu and Schroeder, Craig and Teran, Joseph and Stomakhin, Alexey and Selle, Andrew},
  booktitle={Acm siggraph 2016 courses},
  pages={1--52},
  year={2016}
}

@inproceedings{bergou2006quadratic,
  title={A quadratic bending model for inextensible surfaces},
  author={Bergou, Miklos and Wardetzky, Max and Harmon, David and Zorin, Denis and Grinspun, Eitan},
  booktitle={Symposium on Geometry Processing},
  pages={227--230},
  year={2006}
}

@article{wang2015chebyshev,
  title={A chebyshev semi-iterative approach for accelerating projective and position-based dynamics},
  author={Wang, Huamin},
  journal={ACM Transactions on Graphics (TOG)},
  volume={34},
  number={6},
  pages={1--9},
  year={2015},
  publisher={ACM New York, NY, USA}
}

@article{xie2023contact,
  title={A Contact Proxy Splitting Method for Lagrangian Solid-Fluid Coupling},
  author={Xie, Tianyi and Li, Minchen and Yang, Yin and Jiang, Chenfanfu},
   journal={ACM Transactions on Graphics (TOG)},
  year={2023}
}

@article{lan2023bdipc,
  title={Second-order Stencil Descent for Interior-point Hyperelasticity},
  author={Lei Lan and Minchen Li and Chenfanfu Jiang and Huamin Wang and Yin Yang},
   journal={ACM Transactions on Graphics (TOG)},
  year={2023}
}

@article{li2020incremental,
  title={Incremental potential contact: intersection-and inversion-free, large-deformation dynamics.},
  author={Li, Minchen and Ferguson, Zachary and Schneider, Teseo and Langlois, Timothy R and Zorin, Denis and Panozzo, Daniele and Jiang, Chenfanfu and Kaufman, Danny M},
  journal={ACM Trans. Graph.},
  volume={39},
  number={4},
  pages={49},
  year={2020}
}

@article{li2020codimensional,
  author = {Minchen Li and Danny M. Kaufman and Chenfanfu Jiang},
    title = {Codimensional Incremental Potential Contact},
    journal = {ACM Trans. Graph. (SIGGRAPH)},
    year = {2021},
    volume = {40},
    number = {4},
    articleno = {170}
}

@article{tang2018cloth,
  title={I-Cloth: Incremental collision handling for GPU-based interactive cloth simulation},
  author={Tang, Min and Wang, Tongtong and Liu, Zhongyuan and Tong, Ruofeng and Manocha, Dinesh},
  journal={ACM Transactions on Graphics (TOG)},
  volume={37},
  number={6},
  pages={1--10},
  year={2018},
  publisher={ACM New York, NY, USA}
}

@article{wu2020safe,
  title={A safe and fast repulsion method for GPU-based cloth self collisions},
  author={Wu, Longhua and Wu, Botao and Yang, Yin and Wang, Huamin},
  journal={ACM Transactions on Graphics (TOG)},
  volume={40},
  number={1},
  pages={1--18},
  year={2020},
  publisher={ACM New York, NY, USA}
}

@inproceedings{baraff1998large,
  title={Large steps in cloth simulation},
  author={Baraff, David and Witkin, Andrew},
  booktitle={Proceedings of the 25th annual conference on Computer graphics and interactive techniques},
  pages={43--54},
  year={1998}
}

@article{lan2022penetration,
  title={Penetration-free projective dynamics on the GPU},
  author={Lan, Lei and Ma, Guanqun and Yang, Yin and Zheng, Changxi and Li, Minchen and Jiang, Chenfanfu},
  journal={ACM Transactions on Graphics (TOG)},
  volume={41},
  number={4},
  pages={1--16},
  year={2022},
  publisher={ACM New York, NY, USA}
}

@article{fratarcangeli2016vivace,
  title={Vivace: A practical gauss-seidel method for stable soft body dynamics},
  author={Fratarcangeli, Marco and Tibaldo, Valentina and Pellacini, Fabio},
  journal={ACM Transactions on Graphics (TOG)},
  volume={35},
  number={6},
  pages={1--9},
  year={2016},
  publisher={ACM New York, NY, USA}
}

@article{bouaziz2014projective,
  title={Projective dynamics: Fusing constraint projections for fast simulation},
  author={Bouaziz, Sofien and Martin, Sebastian and Liu, Tiantian and Kavan, Ladislav and Pauly, Mark},
  journal={ACM transactions on graphics (TOG)},
  volume={33},
  number={4},
  pages={1--11},
  year={2014},
  publisher={ACM New York, NY, USA}
}

@inproceedings{bridson2002robust,
  title={Robust treatment of collisions, contact and friction for cloth animation},
  author={Bridson, Robert and Fedkiw, Ronald and Anderson, John},
  booktitle={Proceedings of the 29th annual conference on Computer graphics and interactive techniques},
  pages={594--603},
  year={2002}
}

@article{wolfe1969convergence,
  title={Convergence conditions for ascent methods},
  author={Wolfe, Philip},
  journal={SIAM review},
  volume={11},
  number={2},
  pages={226--235},
  year={1969},
  publisher={SIAM}
}

@article{wolfe1971convergence,
  title={Convergence conditions for ascent methods. II: Some corrections},
  author={Wolfe, Philip},
  journal={SIAM review},
  volume={13},
  number={2},
  pages={185--188},
  year={1971},
  publisher={SIAM}
}

@techreport{wathen2008chebyshev,
  title={Chebyshev Semi- iteration in Preconditioning},
  author={Wathen, Andy},
  year={2008}
}

@book{nocedal1999numerical,
  title={Numerical optimization},
  author={Nocedal, Jorge and Wright, Stephen J},
  year={1999},
  publisher={Springer}
}

@article{wang2016descent,
  title={Descent methods for elastic body simulation on the GPU},
  author={Wang, Huamin and Yang, Yin},
  journal={ACM Transactions on Graphics (TOG)},
  volume={35},
  number={6},
  pages={1--10},
  year={2016},
  publisher={ACM New York, NY, USA}
}

@inproceedings{grinspun2003discrete,
  title={Discrete shells},
  author={Grinspun, Eitan and Hirani, Anil N and Desbrun, Mathieu and Schr{\"o}der, Peter},
  booktitle={Proceedings of the 2003 ACM SIGGRAPH/Eurographics symposium on Computer animation},
  pages={62--67},
  year={2003},
  organization={Citeseer}
}

@inproceedings{gingold2004discrete,
  title={A discrete model for inelastic deformation of thin shells},
  author={Gingold, Yotam and Secord, Adrian and Han, Jefferson Y and Grinspun, Eitan and Zorin, Denis},
  booktitle={ACM SIGGRAPH/Eurographics symposium on computer animation},
  year={2004},
  organization={Citeseer}
}

@article{wardetzky2007discrete,
  title={Discrete quadratic curvature energies},
  author={Wardetzky, Max and Bergou, Mikl{\'o}s and Harmon, David and Zorin, Denis and Grinspun, Eitan},
  journal={Computer Aided Geometric Design},
  volume={24},
  number={8-9},
  pages={499--518},
  year={2007},
  publisher={Elsevier}
}

@incollection{bridson2005simulation,
  title={Simulation of clothing with folds and wrinkles},
  author={Bridson, Robert and Marino, Sebastian and Fedkiw, Ronald},
  booktitle={ACM SIGGRAPH 2005 Courses},
  pages={3--es},
  year={2005}
}

@inproceedings{kim2020finite,
  title={A Finite Element Formulation of Baraff-Witkin Cloth},
  author={Kim, Theodore},
  booktitle={Computer Graphics Forum},
  volume={39},
  number={8},
  pages={171--179},
  year={2020},
  organization={Wiley Online Library}
}

@article{wang2011data,
  title={Data-driven elastic models for cloth: modeling and measurement},
  author={Wang, Huamin and O'Brien, James F and Ramamoorthi, Ravi},
  journal={ACM transactions on graphics (TOG)},
  volume={30},
  number={4},
  pages={1--12},
  year={2011},
  publisher={ACM New York, NY, USA}
}

@article{feng2022learning,
  title={Learning-Based Bending Stiffness Parameter Estimation by a Drape Tester},
  author={Feng, Xudong and Huang, Wenchao and Xu, Weiwei and Wang, Huamin},
  journal={ACM Transactions on Graphics (TOG)},
  volume={41},
  number={6},
  pages={1--16},
  year={2022},
  publisher={ACM New York, NY, USA}
}

@inproceedings{breen1994predicting,
  title={Predicting the drape of woven cloth using interacting particles},
  author={Breen, David E and House, Donald H and Wozny, Michael J},
  booktitle={Proceedings of the 21st annual conference on Computer graphics and interactive techniques},
  pages={365--372},
  year={1994}
}

@article{liu2013fast,
  title={Fast simulation of mass-spring systems},
  author={Liu, Tiantian and Bargteil, Adam W and O'Brien, James F and Kavan, Ladislav},
  journal={ACM Transactions on Graphics (TOG)},
  volume={32},
  number={6},
  pages={1--7},
  year={2013},
  publisher={ACM New York, NY, USA}
}

@inproceedings{provot1995deformation,
  title={Deformation constraints in a mass-spring model to describe rigid cloth behaviour},
  author={Provot, Xavier and others},
  booktitle={Graphics interface},
  pages={147--147},
  year={1995},
  organization={Canadian Information Processing Society}
}

@incollection{goldenthal2007efficient,
  title={Efficient simulation of inextensible cloth},
  author={Goldenthal, Rony and Harmon, David and Fattal, Raanan and Bercovier, Michel and Grinspun, Eitan},
  booktitle={ACM SIGGRAPH 2007 papers},
  pages={49--es},
  year={2007}
}

@article{wang2010multi,
  title={Multi-resolution isotropic strain limiting},
  author={Wang, Huamin and O'Brien, James and Ramamoorthi, Ravi},
  journal={ACM Transactions on Graphics (TOG)},
  volume={29},
  number={6},
  pages={1--10},
  year={2010},
  publisher={ACM New York, NY, USA}
}

@article{volino2009simple,
  title={A simple approach to nonlinear tensile stiffness for accurate cloth simulation},
  author={Volino, Pascal and Magnenat-Thalmann, Nadia and Faure, Francois},
  journal={ACM Transactions on Graphics},
  volume={28},
  number={4},
  pages={Article--No},
  year={2009}
}

@inproceedings{miguel2012data,
  title={Data-driven estimation of cloth simulation models},
  author={Miguel, Eder and Bradley, Derek and Thomaszewski, Bernhard and Bickel, Bernd and Matusik, Wojciech and Otaduy, Miguel A and Marschner, Steve},
  booktitle={Computer Graphics Forum},
  volume={31},
  number={2pt2},
  pages={519--528},
  year={2012},
  organization={Wiley Online Library}
}

@article{miguel2013modeling,
  title={Modeling and estimation of internal friction in cloth},
  author={Miguel, Eder and Tamstorf, Rasmus and Bradley, Derek and Schvartzman, Sara C and Thomaszewski, Bernhard and Bickel, Bernd and Matusik, Wojciech and Marschner, Steve and Otaduy, Miguel A},
  journal={ACM Transactions on Graphics (TOG)},
  volume={32},
  number={6},
  pages={1--10},
  year={2013},
  publisher={ACM New York, NY, USA}
}

@article{cirio2014yarn,
  title={Yarn-level simulation of woven cloth},
  author={Cirio, Gabriel and Lopez-Moreno, Jorge and Miraut, David and Otaduy, Miguel A},
  journal={ACM Transactions on Graphics (TOG)},
  volume={33},
  number={6},
  pages={1--11},
  year={2014},
  publisher={ACM New York, NY, USA}
}

@incollection{kaldor2008simulating,
  title={Simulating knitted cloth at the yarn level},
  author={Kaldor, Jonathan M and James, Doug L and Marschner, Steve},
  booktitle={ACM SIGGRAPH 2008 papers},
  pages={1--9},
  year={2008}
}

@inproceedings{cirio2015efficient,
  title={Efficient simulation of knitted cloth using persistent contacts},
  author={Cirio, Gabriel and Lopez-Moreno, Jorge and Otaduy, Miguel A},
  booktitle={Proceedings of the 14th ACM SIGGRAPH/Eurographics Symposium on Computer Animation},
  pages={55--61},
  year={2015}
}

@article{sperl2020homogenized,
  title={Homogenized yarn-level cloth},
  author={Sperl, Georg and Narain, Rahul and Wojtan, Chris},
  journal={ACM Transactions on Graphics (TOG)},
  volume={39},
  number={4},
  pages={48--1},
  year={2020},
  publisher={ACM New York, NY, USA}
}

@misc{wang2022fast,
  title={Fast GPU-Based Two-Way Continuous Collision Handling},
  author={Wang, Tianyu and Chen, Jiong and Li, Dongping and Liu, Xiaowei and Wang, Huamin and Zhou, Kun},
  journal={ACM Transactions on Graphics},
  volume={42},
  number={5},
  pages={1--15},
  year={2023},
  publisher={ACM New York, NY}
}

@incollection{andrews2022contact,
  title={Contact and friction simulation for computer graphics},
  author={Andrews, Sheldon and Erleben, Kenny and Ferguson, Zachary},
  booktitle={ACM SIGGRAPH 2022 Courses},
  pages={1--172},
  year={2022}
}

@book{johnson1987contact,
  title={Contact mechanics},
  author={Johnson, Kenneth Langstreth and Johnson, Kenneth Langstreth},
  year={1987},
  publisher={Cambridge university press}
}


@inproceedings{baraff1994fast,
  title={Fast contact force computation for nonpenetrating rigid bodies},
  author={Baraff, David},
  booktitle={Proceedings of the 21st annual conference on Computer graphics and interactive techniques},
  pages={23--34},
  year={1994}
}

@inproceedings{macklin2020primal,
  title={Primal/dual descent methods for dynamics},
  author={Macklin, Miles and Erleben, Kenny and M{\"u}ller, Matthias and Chentanez, Nuttapong and Jeschke, Stefan and Kim, Tae-Yong},
  booktitle={Computer Graphics Forum},
  volume={39},
  number={8},
  pages={89--100},
  year={2020},
  organization={Wiley Online Library}
}

@inproceedings{redon2002fast,
  title={Fast continuous collision detection between rigid bodies},
  author={Redon, St{\'e}phane and Kheddar, Abderrahmane and Coquillart, Sabine},
  booktitle={Computer graphics forum},
  volume={21},
  number={3},
  pages={279--287},
  year={2002},
  organization={Wiley Online Library}
}

@inproceedings{zheng2024mvd,
  title={MVD\^{} 2: Efficient Multiview 3D Reconstruction for Multiview Diffusion},
  author={Zheng, Xin-Yang and Pan, Hao and Guo, Yu-Xiao and Tong, Xin and Liu, Yang},
  booktitle={ACM SIGGRAPH 2024 Conference Papers},
  pages={1--11},
  year={2024}
}

@article{chen2022unified,
  title={A unified newton barrier method for multibody dynamics},
  author={Chen, Yunuo and Li, Minchen and Lan, Lei and Su, Hao and Yang, Yin and Jiang, Chenfanfu},
  journal={ACM Transactions on Graphics (TOG)},
  volume={41},
  number={4},
  pages={1--14},
  year={2022},
  publisher={ACM New York, NY, USA}
}

@inproceedings{liao2024tada,
  title={Gavatar: Animatable 3d gaussian avatars with implicit mesh learning},
  author={Yuan, Ye and Li, Xueting and Huang, Yangyi and De Mello, Shalini and Nagano, Koki and Kautz, Jan and Iqbal, Umar},
  booktitle={Proceedings of the IEEE/CVF Conference on Computer Vision and Pattern Recognition},
  pages={896--905},
  year={2024}
}

@article{li2024pshuman,
  title={PSHuman: Photorealistic Single-view Human Reconstruction using Cross-Scale Diffusion},
  author={Li, Peng and Zheng, Wangguandong and Liu, Yuan and Yu, Tao and Li, Yangguang and Qi, Xingqun and Li, Mengfei and Chi, Xiaowei and Xia, Siyu and Xue, Wei and others},
  journal={arXiv preprint arXiv:2409.10141},
  year={2024}
}

@inproceedings{liao2024tada,
  title={Tada! text to animatable digital avatars},
  author={Liao, Tingting and Yi, Hongwei and Xiu, Yuliang and Tang, Jiaxiang and Huang, Yangyi and Thies, Justus and Black, Michael J},
  booktitle={2024 International Conference on 3D Vision (3DV)},
  pages={1508--1519},
  year={2024},
  organization={IEEE}
}


@inproceedings{tang2025mvdiffusion++,
  title={Mvdiffusion++: A dense high-resolution multi-view diffusion model for single or sparse-view 3d object reconstruction},
  author={Tang, Shitao and Chen, Jiacheng and Wang, Dilin and Tang, Chengzhou and Zhang, Fuyang and Fan, Yuchen and Chandra, Vikas and Furukawa, Yasutaka and Ranjan, Rakesh},
  booktitle={European Conference on Computer Vision},
  pages={175--191},
  year={2025},
  organization={Springer}
}

@article{xu2023dmv3d,
  title={Dmv3d: Denoising multi-view diffusion using 3d large reconstruction model},
  author={Xu, Yinghao and Tan, Hao and Luan, Fujun and Bi, Sai and Wang, Peng and Li, Jiahao and Shi, Zifan and Sunkavalli, Kalyan and Wetzstein, Gordon and Xu, Zexiang and others},
  journal={arXiv preprint arXiv:2311.09217},
  year={2023}
}

@article{ferguson2021intersection,
  title={Intersection-free rigid body dynamics},
  author={Ferguson, Zachary and Li, Minchen and Schneider, Teseo and Gil-Ureta, Francisca and Langlois, Timothy and Jiang, Chenfanfu and Zorin, Denis and Kaufman, Danny M and Panozzo, Daniele},
  journal={ACM Transactions on Graphics},
  volume={40},
  number={4},
  year={2021}
}

@article{lan2022affine,
    author = {Lan, Lei and Kaufman, Danny M. and Li, Minchen and Jiang, Chenfanfu and Yang, Yin},
    title = {Affine Body Dynamics: Fast, Stable and Intersection-Free Simulation of Stiff Materials},
    year = {2022},
    issue_date = {July 2022},
    publisher = {Association for Computing Machinery},
    address = {New York, NY, USA},
    volume = {41},
    number = {4},
    issn = {0730-0301},
    url = {https://doi.org/10.1145/3528223.3530064},
    doi = {10.1145/3528223.3530064},
    journal = {ACM Trans. Graph.},
    month = {jul},
    articleno = {67},
    numpages = {14},
    keywords = {reduced model, rigid body dynamics, barrier function, CCD}
}

@article{lan2021medial,
  title={Medial IPC: accelerated incremental potential contact with medial elastics},
  author={Lan, Lei and Yang, Yin and Kaufman, Danny and Yao, Junfeng and Li, Minchen and Jiang, Chenfanfu},
  journal={ACM Transactions on Graphics},
  volume={40},
  number={4},
  year={2021}
}

@InProceedings{pentland1989good,
  Title                    = {Good vibrations: Modal dynamics for graphics and animation},
  Author                   = {Pentland, Alex and Williams, John},
  Booktitle = {SIGGRAPH Comput. Graph.},
  Publisher                = {ACM},
  Year                     = {1989},
  Number                   = {3},
  Volume                   = {23}
}
@InProceedings{hauser2003interactive,
  Title                    = {Interactive Deformation Using Modal Analysis with Constraints.},
  Author                   = {Hauser, Kris K and Shen, Chen and O'Brien, James F},
  Booktitle                = {Graphics Interface},
  Year                     = {2003},
  Pages                    = {16--17},
  Volume                   = {3}
}
@InProceedings{kim2009skipping,
  Title                    = {Skipping steps in deformable simulation with online model reduction},
  Author                   = {Kim, Theodore and James, Doug L},
  Booktitle                = {ACM Trans. Graph. (TOG)},
  Year                     = {2009},
  Number                   = {5},
  Organization             = {ACM},
  Pages                    = {123},
  Volume                   = {28}
}
@Article{gilles2011frame,
  Title                    = {Frame-based elastic models},
  Author                   = {Gilles, Benjamin and Bousquet, Guillaume and Faure, Francois and Pai, Dinesh K},
  Journal                  = {ACM Trans. Graph. (TOG)},
  Year                     = {2011},
  Number                   = {2},
  Pages                    = {15},
  Volume                   = {30},

  Publisher                = {ACM}
}
@article{barbivc2011real,
  title={Real-time large-deformation substructuring},
  author={Barbi{\v{c}}, Jernej and Zhao, Yili},
  journal={ACM transactions on graphics (TOG)},
  volume={30},
  number={4},
  pages={1--8},
  year={2011},
  publisher={ACM New York, NY, USA}
}
@article{lee2020model,
  title     = {Model reduction of dynamical systems on nonlinear manifolds using deep convolutional autoencoders},
  author    = {Lee, Kookjin and Carlberg, Kevin T},
  journal   = {Journal of Computational Physics},
  volume    = {404},
  pages     = {108973},
  year      = {2020},
  publisher = {Elsevier}
}
@article{lusch2018deep,
  Author = {Lusch, Bethany and Kutz, J Nathan and Brunton, Steven L},
  Date-Added = {2019-05-21 23:27:22 -0700},
  Date-Modified = {2019-05-21 23:27:22 -0700},
  Journal = {Nature communications},
  Number = {1},
  Pages = {4950},
  Publisher = {Nature Publishing Group},
  Title = {Deep learning for universal linear embeddings of nonlinear dynamics},
  Volume = {9},
  Year = {2018}
}
@inproceedings{wiewel2019latent,
  title={Latent space physics: Towards learning the temporal evolution of fluid flow},
  author={Wiewel, Steffen and Becher, Moritz and Thuerey, Nils},
  booktitle={Computer graphics forum},
  volume={38},
  number={2},
  pages={71--82},
  year={2019},
  organization={Wiley Online Library}
}
@article{shen2021high,
author = {Shen, Siyuan and Yang, Yin and Shao, Tianjia and Wang, He and Jiang, Chenfanfu and Lan, Lei and Zhou, Kun},
title = {High-Order Differentiable Autoencoder for Nonlinear Model Reduction},
year = {2021},
issue_date = {August 2021},
publisher = {Association for Computing Machinery},
address = {New York, NY, USA},
volume = {40},
number = {4},
issn = {0730-0301},
url = {https://doi.org/10.1145/3450626.3459754},
doi = {10.1145/3450626.3459754},
journal = {ACM Trans. Graph.},
month = {jul},
articleno = {68},
numpages = {15},
keywords = {model reduction, differentiation, deformable model, autoencoder, GPU}
}
@inproceedings{fulton2019latent,
  title={Latent-space Dynamics for Reduced Deformable Simulation},
  author={Fulton, Lawson and Modi, Vismay and Duvenaud, David and Levin, David IW and Jacobson, Alec},
  booktitle={Computer graphics forum},
  volume={38},
  number={2},
  pages={379--391},
  year={2019},
  organization={Wiley Online Library}
}
@article{xu2015interactive,
  title={Interactive material design using model reduction},
  author={Xu, Hongyi and Li, Yijing and Chen, Yong and Barbi{\v{c}}, Jernej},
  journal={ACM Transactions on Graphics (TOG)},
  volume={34},
  number={2},
  pages={1--14},
  year={2015},
  publisher={ACM New York, NY, USA}
}
@article{kim2013subspace,
  title={Subspace fluid re-simulation},
  author={Kim, Theodore and Delaney, John},
  journal={ACM Transactions on Graphics (TOG)},
  volume={32},
  number={4},
  pages={1--9},
  year={2013},
  publisher={ACM New York, NY, USA}
}
@article{treuille2006model,
  title={Model reduction for real-time fluids},
  author={Treuille, Adrien and Lewis, Andrew and Popovi{\'c}, Zoran},
  journal={ACM Transactions on Graphics (TOG)},
  volume={25},
  number={3},
  pages={826--834},
  year={2006},
  publisher={ACM New York, NY, USA}
}
@article{an2008optimizing,
  title={Optimizing cubature for efficient integration of subspace deformations},
  author={An, Steven S and Kim, Theodore and James, Doug L},
  journal={ACM transactions on graphics (TOG)},
  volume={27},
  number={5},
  pages={1--10},
  year={2008},
  publisher={ACM New York, NY, USA}
}
@book{holmes2012turbulence,
  title={Turbulence, coherent structures, dynamical systems and symmetry},
  author={Holmes, Philip and Lumley, John L and Berkooz, Gahl and Rowley, Clarence W},
  year={2012},
  publisher={Cambridge university press}
}
@article{berkooz1993proper,
  title={The proper orthogonal decomposition in the analysis of turbulent flows},
  author={Berkooz, Gal and Holmes, Philip and Lumley, John L},
  journal={Annual review of fluid mechanics},
  volume={25},
  number={1},
  pages={539--575},
  year={1993},
  publisher={Annual Reviews 4139 El Camino Way, PO Box 10139, Palo Alto, CA 94303-0139, USA}
}
@inproceedings{sifakis2012fem,
author = {Sifakis, Eftychios and Barbic, Jernej},
title = {FEM Simulation of 3D Deformable Solids: A Practitioner's Guide to Theory, Discretization and Model Reduction},
year = {2012},
isbn = {9781450316781},
publisher = {Association for Computing Machinery},
address = {New York, NY, USA},
url = {https://doi.org/10.1145/2343483.2343501},
doi = {10.1145/2343483.2343501},
booktitle = {ACM SIGGRAPH 2012 Courses},
articleno = {20},
numpages = {50},
location = {Los Angeles, California},
series = {SIGGRAPH '12}
}
@InProceedings{martin2010unified,
  Title                    = {Unified simulation of elastic rods, shells, and solids},
  Author                   = {Martin, Sebastian and Kaufmann, Peter and Botsch, Mario and Grinspun, Eitan and Gross, Markus},
  Booktitle                = {ACM Trans. Graph. (TOG)},
  Year                     = {2010},
  Number                   = {4},
  Organization             = {ACM},
  Pages                    = {39},
  Volume                   = {29}
}
@InProceedings{faure2011sparse,
  Title                    = {Sparse meshless models of complex deformable solids},
  Author                   = {Faure, Fran{\c{c}}ois and Gilles, Benjamin and Bousquet, Guillaume and Pai, Dinesh K},
  Booktitle                = {ACM Trans. Graph. (TOG)},
  Year                     = {2011},
  Number                   = {4},
  Organization             = {ACM},
  Pages                    = {73},
  Volume                   = {30}
}
@InProceedings{capell2002interactive,
  Title                    = {Interactive skeleton-driven dynamic deformations},
  Author                   = {Capell, Steve and Green, Seth and Curless, Brian and Duchamp, Tom and Popovi{\'c}, Zoran},
  Booktitle                = {ACM Trans. Graph. (TOG)},
  Year                     = {2002},
  Number                   = {3},
  Organization             = {ACM},
  Pages                    = {586--593},
  Volume                   = {21}
}
@Article{yang2015expediting,
  Title                    = {Expediting precomputation for reduced deformable simulation},
  Author                   = {Yang, Yin and Li, Dingzeyu and Xu, Weiwei and Tian, Yuan and Zheng, Changxi},
  Journal                  = {ACM Trans. Graph. (TOG)},
  Year                     = {2015},
  Number                   = {6},
  Volume                   = {34}
}
@InProceedings{barbivc2005real,
  Title                    = {Real-time subspace integration for St. Venant-Kirchhoff deformable models},
  Author                   = {Barbi\v{c}, Jernej and James, Doug L},
  Booktitle                = {ACM Trans. Graph. (TOG)},
  Year                     = {2005},
  Number                   = {3},
  Organization             = {ACM},
  Pages                    = {982--990},
  Volume                   = {24}
}
@Article{choi2005modal,
  Title                    = {Modal warping: Real-time simulation of large rotational deformation and manipulation},
  Author                   = {Choi, Min Gyu and Ko, Hyeong-Seok},
  Journal                  = {IEEE Trans. on Visualization and Computer Graphics},
  Year                     = {2005},
  Number                   = {1},
  Pages                    = {91--101},
  Volume                   = {11},

  Publisher                = {IEEE}
}
@article{xu2014implicit,
  title={Implicit multibody penalty-baseddistributed contact},
  author={Xu, Hongyi and Zhao, Yili and Barbi{\v{c}}, Jernej},
  journal={IEEE transactions on visualization and computer graphics},
  volume={20},
  number={9},
  pages={1266--1279},
  year={2014},
  publisher={IEEE}
}

@article{tang2012continuous,
  title={Continuous penalty forces},
  author={Tang, Min and Manocha, Dinesh and Otaduy, Miguel A and Tong, Ruofeng},
  journal={ACM Transactions on Graphics (TOG)},
  volume={31},
  number={4},
  pages={1--9},
  year={2012},
  publisher={ACM New York, NY, USA}
}

@article{takahashi2021frictionalmonolith,
  title={FrictionalMonolith: a monolithic optimization-based approach for granular flow with contact-aware rigid-body coupling},
  author={Takahashi, Tetsuya and Batty, Christopher},
  journal={ACM Transactions on Graphics (TOG)},
  volume={40},
  number={6},
  pages={1--20},
  year={2021},
  publisher={ACM New York, NY, USA}
}

@article{tonge2012mass,
  title={Mass splitting for jitter-free parallel rigid body simulation},
  author={Tonge, Richard and Benevolenski, Feodor and Voroshilov, Andrey},
  journal={ACM Transactions on Graphics (TOG)},
  volume={31},
  number={4},
  pages={1--8},
  year={2012},
  publisher={ACM New York, NY, USA}
}

@article{mazhar2015using,
  title={Using Nesterov's method to accelerate multibody dynamics with friction and contact},
  author={Mazhar, Hammad and Heyn, Toby and Negrut, Dan and Tasora, Alessandro},
  journal={ACM Transactions on Graphics (TOG)},
  volume={34},
  number={3},
  pages={1--14},
  year={2015},
  publisher={ACM New York, NY, USA}
}

@incollection{kaufman2008staggered,
  title={Staggered projections for frictional contact in multibody systems},
  author={Kaufman, Danny M and Sueda, Shinjiro and James, Doug L and Pai, Dinesh K},
  booktitle={ACM SIGGRAPH Asia 2008 papers},
  pages={1--11},
  year={2008}
}

@inproceedings{thomaszewski2009continuum,
  title={Continuum-based strain limiting},
  author={Thomaszewski, Bernhard and Pabst, Simon and Strasser, Wolfgang},
  booktitle={Computer Graphics Forum},
  volume={28},
  number={2},
  pages={569--576},
  year={2009},
  organization={Wiley Online Library}
}

@inproceedings{volino1995versatile,
  title={Versatile and efficient techniques for simulating cloth and other deformable objects},
  author={Volino, Pascal and Courchesne, Martin and Magnenat Thalmann, Nadia},
  booktitle={Proceedings of the 22nd annual conference on Computer graphics and interactive techniques},
  pages={137--144},
  year={1995}
}

@incollection{choi2005stable,
  title={Stable but responsive cloth},
  author={Choi, Kwang-Jin and Ko, Hyeong-Seok},
  booktitle={ACM SIGGRAPH 2005 Courses},
  pages={1--es},
  year={2005}
}

@inproceedings{10.1145/3245700,
author = {Choi, Kwang-Jin and Ko, Hyeong-Seok},
title = {Session Details: Advanced Topics on Clothing Simulation and Animation},
year = {2005},
isbn = {9781450378338},
publisher = {Association for Computing Machinery},
address = {New York, NY, USA},
url = {https://doi.org/10.1145/3245700},
doi = {10.1145/3245700},
booktitle = {ACM SIGGRAPH 2005 Courses},
location = {Los Angeles, California},
series = {SIGGRAPH '05}
}

@inproceedings{macklin2019small,
  title={Small steps in physics simulation},
  author={Macklin, Miles and Storey, Kier and Lu, Michelle and Terdiman, Pierre and Chentanez, Nuttapong and Jeschke, Stefan and M{\"u}ller, Matthias},
  booktitle={Proceedings of the 18th Annual ACM SIGGRAPH/Eurographics Symposium on Computer Animation},
  pages={1--7},
  year={2019}
}

@article{brandt2018hyper,
  title={Hyper-reduced projective dynamics},
  author={Brandt, Christopher and Eisemann, Elmar and Hildebrandt, Klaus},
  journal={ACM Transactions on Graphics (TOG)},
  volume={37},
  number={4},
  pages={1--13},
  year={2018},
  publisher={ACM New York, NY, USA}
}

@article{liu2017quasi,
  title={Quasi-newton methods for real-time simulation of hyperelastic materials},
  author={Liu, Tiantian and Bouaziz, Sofien and Kavan, Ladislav},
  journal={Acm Transactions on Graphics (TOG)},
  volume={36},
  number={3},
  pages={1--16},
  year={2017},
  publisher={ACM New York, NY, USA}
}

@article{ly2020projective,
  title={Projective dynamics with dry frictional contact},
  author={Ly, Micka{\"e}l and Jouve, Jean and Boissieux, Laurence and Bertails-Descoubes, Florence},
  journal={ACM Transactions on Graphics (TOG)},
  volume={39},
  number={4},
  pages={57--1},
  year={2020},
  publisher={ACM New York, NY, USA}
}

@article{huang2024differentiable,
  title={Differentiable solver for time-dependent deformation problems with contact},
  author={Huang, Zizhou and Tozoni, Davi Colli and Gjoka, Arvi and Ferguson, Zachary and Schneider, Teseo and Panozzo, Daniele and Zorin, Denis},
  journal={ACM Transactions on Graphics},
  volume={43},
  number={3},
  pages={1--30},
  year={2024},
  publisher={ACM New York, NY}
}

@article{dhariwal2021diffusion,
  title={Diffusion models beat gans on image synthesis},
  author={Dhariwal, Prafulla and Nichol, Alexander},
  journal={Advances in neural information processing systems},
  volume={34},
  pages={8780--8794},
  year={2021}
}


@inproceedings{chen2024videocrafter2,
  title={Videocrafter2: Overcoming data limitations for high-quality video diffusion models},
  author={Chen, Haoxin and Zhang, Yong and Cun, Xiaodong and Xia, Menghan and Wang, Xintao and Weng, Chao and Shan, Ying},
  booktitle={Proceedings of the IEEE/CVF Conference on Computer Vision and Pattern Recognition},
  pages={7310--7320},
  year={2024}
}

@inproceedings{saharia2022palette,
  title={Palette: Image-to-image diffusion models},
  author={Saharia, Chitwan and Chan, William and Chang, Huiwen and Lee, Chris and Ho, Jonathan and Salimans, Tim and Fleet, David and Norouzi, Mohammad},
  booktitle={ACM SIGGRAPH 2022 conference proceedings},
  pages={1--10},
  year={2022}
}

@inproceedings{ruiz2023dreambooth,
  title={Dreambooth: Fine tuning text-to-image diffusion models for subject-driven generation},
  author={Ruiz, Nataniel and Li, Yuanzhen and Jampani, Varun and Pritch, Yael and Rubinstein, Michael and Aberman, Kfir},
  booktitle={Proceedings of the IEEE/CVF Conference on Computer Vision and Pattern Recognition},
  pages={22500--22510},
  year={2023}
}


@article{ho2020denoising,
  title={Denoising diffusion probabilistic models},
  author={Ho, Jonathan and Jain, Ajay and Abbeel, Pieter},
  journal={Advances in neural information processing systems},
  volume={33},
  pages={6840--6851},
  year={2020}
}

@inproceedings{zhang2023adding,
  title={Adding conditional control to text-to-image diffusion models},
  author={Zhang, Lvmin and Rao, Anyi and Agrawala, Maneesh},
  booktitle={Proceedings of the IEEE/CVF International Conference on Computer Vision},
  pages={3836--3847},
  year={2023}
}


@article{nichol2021glide,
  title={Glide: Towards photorealistic image generation and editing with text-guided diffusion models},
  author={Nichol, Alex and Dhariwal, Prafulla and Ramesh, Aditya and Shyam, Pranav and Mishkin, Pamela and McGrew, Bob and Sutskever, Ilya and Chen, Mark},
  journal={arXiv preprint arXiv:2112.10741},
  year={2021}
}


@inproceedings{chen2024panelformer,
  title={Panelformer: Sewing Pattern Reconstruction from 2D Garment Images},
  author={Chen, Cheng-Hsiu and Su, Jheng-Wei and Hu, Min-Chun and Yao, Chih-Yuan and Chu, Hung-Kuo},
  booktitle={Proceedings of the IEEE/CVF Winter Conference on Applications of Computer Vision},
  pages={454--463},
  year={2024}
}

@inproceedings{zhu2020deep,
  title={Deep fashion3d: A dataset and benchmark for 3d garment reconstruction from single images},
  author={Zhu, Heming and Cao, Yu and Jin, Hang and Chen, Weikai and Du, Dong and Wang, Zhangye and Cui, Shuguang and Han, Xiaoguang},
  booktitle={Computer Vision--ECCV 2020: 16th European Conference, Glasgow, UK, August 23--28, 2020, Proceedings, Part I 16},
  pages={512--530},
  year={2020},
  organization={Springer}
}

@article{li2021lagrangian,
  title={Lagrangian--Eulerian multidensity topology optimization with the material point method},
  author={Li, Yue and Li, Xuan and Li, Minchen and Zhu, Yixin and Zhu, Bo and Jiang, Chenfanfu},
  journal={International Journal for Numerical Methods in Engineering},
  volume={122},
  number={14},
  pages={3400--3424},
  year={2021},
  publisher={Wiley Online Library}
}


@article{he2024magicman,
  title={Magicman: Generative novel view synthesis of humans with 3d-aware diffusion and iterative refinement},
  author={He, Xu and Li, Xiaoyu and Kang, Di and Ye, Jiangnan and Zhang, Chaopeng and Chen, Liyang and Gao, Xiangjun and Zhang, Han and Wu, Zhiyong and Zhuang, Haolin},
  journal={arXiv preprint arXiv:2408.14211},
  year={2024}
}

@article{liu2023towards,
  title={Towards garment sewing pattern reconstruction from a single image},
  author={Liu, Lijuan and Xu, Xiangyu and Lin, Zhijie and Liang, Jiabin and Yan, Shuicheng},
  journal={ACM Transactions on Graphics (TOG)},
  volume={42},
  number={6},
  pages={1--15},
  year={2023},
  publisher={ACM New York, NY, USA}
}

@article{shewchuk2008two,
  title={A two-dimensional quality mesh generator and Delaunay triangulator},
  author={Shewchuk, Jonathan Richard},
  journal={Computer Science Division University of California at Berkeley, Berkeley, California, http://www. cs. cmu. edu/quake/triangle. html},
  pages={94720--1776},
  year={2008}
}

@article{joshi2007harmonic,
  title={Harmonic coordinates for character articulation},
  author={Joshi, Pushkar and Meyer, Mark and DeRose, Tony and Green, Brian and Sanocki, Tom},
  journal={ACM transactions on graphics (TOG)},
  volume={26},
  number={3},
  pages={71--es},
  year={2007},
  publisher={ACM New York, NY, USA}
}

@inproceedings{pavlakos2019expressive,
  title={Expressive body capture: 3d hands, face, and body from a single image},
  author={Pavlakos, Georgios and Choutas, Vasileios and Ghorbani, Nima and Bolkart, Timo and Osman, Ahmed AA and Tzionas, Dimitrios and Black, Michael J},
  booktitle={Proceedings of the IEEE/CVF conference on computer vision and pattern recognition},
  pages={10975--10985},
  year={2019}
}

@inproceedings{lin2023one,
  title={One-stage 3d whole-body mesh recovery with component aware transformer},
  author={Lin, Jing and Zeng, Ailing and Wang, Haoqian and Zhang, Lei and Li, Yu},
  booktitle={Proceedings of the IEEE/CVF Conference on Computer Vision and Pattern Recognition},
  pages={21159--21168},
  year={2023}
}

@inproceedings{yang2023effective,
  title={Effective whole-body pose estimation with two-stages distillation},
  author={Yang, Zhendong and Zeng, Ailing and Yuan, Chun and Li, Yu},
  booktitle={Proceedings of the IEEE/CVF International Conference on Computer Vision},
  pages={4210--4220},
  year={2023}
}

@article{Laine2020diffrast,
  title   = {Modular Primitives for High-Performance Differentiable Rendering},
  author  = {Samuli Laine and Janne Hellsten and Tero Karras and Yeongho Seol and Jaakko Lehtinen and Timo Aila},
  journal = {ACM Transactions on Graphics},
  year    = {2020},
  volume  = {39},
  number  = {6}
}

@article{xie2021segformer,
  title={SegFormer: Simple and efficient design for semantic segmentation with transformers},
  author={Xie, Enze and Wang, Wenhai and Yu, Zhiding and Anandkumar, Anima and Alvarez, Jose M and Luo, Ping},
  journal={Advances in neural information processing systems},
  volume={34},
  pages={12077--12090},
  year={2021}
}

@inproceedings{li2024diffavatar,
  title={Diffavatar: Simulation-ready garment optimization with differentiable simulation},
  author={Li, Yifei and Chen, Hsiao-yu and Larionov, Egor and Sarafianos, Nikolaos and Matusik, Wojciech and Stuyck, Tuur},
  booktitle={Proceedings of the IEEE/CVF Conference on Computer Vision and Pattern Recognition},
  pages={4368--4378},
  year={2024}
}

@inproceedings{ning2024picture,
  title={PICTURE: PhotorealistIC virtual Try-on from UnconstRained dEsigns},
  author={Ning, Shuliang and Wang, Duomin and Qin, Yipeng and Jin, Zirong and Wang, Baoyuan and Han, Xiaoguang},
  booktitle={Proceedings of the IEEE/CVF Conference on Computer Vision and Pattern Recognition},
  pages={6976--6985},
  year={2024}
}

@article{wang2024mv,
  title={MV-VTON: Multi-View Virtual Try-On with Diffusion Models},
  author={Wang, Haoyu and Zhang, Zhilu and Di, Donglin and Zhang, Shiliang and Zuo, Wangmeng},
  journal={arXiv preprint arXiv:2404.17364},
  year={2024}
}

@article{choi2024improving,
  title={Improving diffusion models for virtual try-on},
  author={Choi, Yisol and Kwak, Sangkyung and Lee, Kyungmin and Choi, Hyungwon and Shin, Jinwoo},
  journal={arXiv preprint arXiv:2403.05139},
  year={2024}
}

@article{fang2024vivid,
  title={ViViD: Video Virtual Try-on using Diffusion Models},
  author={Fang, Zixun and Zhai, Wei and Su, Aimin and Song, Hongliang and Zhu, Kai and Wang, Mao and Chen, Yu and Liu, Zhiheng and Cao, Yang and Zha, Zheng-Jun},
  journal={arXiv preprint arXiv:2405.11794},
  year={2024}
}

@inproceedings{karras2024fashion,
  title={Fashion-vdm: Video diffusion model for virtual try-on},
  author={Karras, Johanna and Li, Yingwei and Liu, Nan and Zhu, Luyang and Yoo, Innfarn and Lugmayr, Andreas and Lee, Chris and Kemelmacher-Shlizerman, Ira},
  booktitle={SIGGRAPH Asia 2024 Conference Papers},
  pages={1--11},
  year={2024}
}

@inproceedings{zhang2024fabricdiffusion,
  title={FabricDiffusion: High-Fidelity Texture Transfer for 3D Garments Generation from In-The-Wild Images},
  author={Zhang, Cheng and Wang, Yuanhao and Vicente, Francisco and Wu, Chenglei and Yang, Jinlong and Beeler, Thabo and De la Torre, Fernando},
  booktitle={SIGGRAPH Asia 2024 Conference Papers},
  pages={1--12},
  year={2024}
}

@misc{flux2023,
    author={Black Forest Labs},
    title={FLUX},
    year={2023},
    howpublished={\url{https://github.com/black-forest-labs/flux}},
}

@article{achiam2023gpt,
  title={Gpt-4 technical report},
  author={Achiam, Josh and Adler, Steven and Agarwal, Sandhini and Ahmad, Lama and Akkaya, Ilge and Aleman, Florencia Leoni and Almeida, Diogo and Altenschmidt, Janko and Altman, Sam and Anadkat, Shyamal and others},
  journal={arXiv preprint arXiv:2303.08774},
  year={2023}
}

@inproceedings{antic2024close,
  title={CloSe: A 3D Clothing Segmentation Dataset and Model},
  author={Anti{\'c}, Dimitrije and Tiwari, Garvita and Ozcomlekci, Batuhan and Marin, Riccardo and Pons-Moll, Gerard},
  booktitle={2024 International Conference on 3D Vision (3DV)},
  pages={591--601},
  year={2024},
  organization={IEEE}
}

@inproceedings{wang20244d,
  title={4D-DRESS: A 4D Dataset of Real-World Human Clothing With Semantic Annotations},
  author={Wang, Wenbo and Ho, Hsuan-I and Guo, Chen and Rong, Boxiang and Grigorev, Artur and Song, Jie and Zarate, Juan Jose and Hilliges, Otmar},
  booktitle={Proceedings of the IEEE/CVF Conference on Computer Vision and Pattern Recognition},
  pages={550--560},
  year={2024}
}

@inproceedings{jiang2020bcnet,
  title={Bcnet: Learning body and cloth shape from a single image},
  author={Jiang, Boyi and Zhang, Juyong and Hong, Yang and Luo, Jinhao and Liu, Ligang and Bao, Hujun},
  booktitle={Computer Vision--ECCV 2020: 16th European Conference, Glasgow, UK, August 23--28, 2020, Proceedings, Part XX 16},
  pages={18--35},
  year={2020},
  organization={Springer}
}

@article{chen2024v3d,
  title={V3d: Video diffusion models are effective 3d generators},
  author={Chen, Zilong and Wang, Yikai and Wang, Feng and Wang, Zhengyi and Liu, Huaping},
  journal={arXiv preprint arXiv:2403.06738},
  year={2024}
}

@inproceedings{moon20223d,
  title={3d clothed human reconstruction in the wild},
  author={Moon, Gyeongsik and Nam, Hyeongjin and Shiratori, Takaaki and Lee, Kyoung Mu},
  booktitle={European conference on computer vision},
  pages={184--200},
  year={2022},
  organization={Springer}
}

@inproceedings{liu2023zero,
  title={Zero-1-to-3: Zero-shot one image to 3d object},
  author={Liu, Ruoshi and Wu, Rundi and Van Hoorick, Basile and Tokmakov, Pavel and Zakharov, Sergey and Vondrick, Carl},
  booktitle={Proceedings of the IEEE/CVF international conference on computer vision},
  pages={9298--9309},
  year={2023}
}

@article{fuller2020digital,
  title={Digital twin: Enabling technologies, challenges and open research},
  author={Fuller, Aidan and Fan, Zhong and Day, Charles and Barlow, Chris},
  journal={IEEE access},
  volume={8},
  pages={108952--108971},
  year={2020},
  publisher={IEEE}
}

@inproceedings{li2024garment,
  title={Garment Recovery with Shape and Deformation Priors},
  author={Li, Ren and Dumery, Corentin and Guillard, Beno{\^\i}t and Fua, Pascal},
  booktitle={Proceedings of the IEEE/CVF Conference on Computer Vision and Pattern Recognition},
  pages={1586--1595},
  year={2024}
}

@article{luo2024garverselod,
  title={GarVerseLOD: High-Fidelity 3D Garment Reconstruction from a Single In-the-Wild Image using a Dataset with Levels of Details},
  author={Luo, Zhongjin and Liu, Haolin and Li, Chenghong and Du, Wanghao and Jin, Zirong and Sun, Wanhu and Nie, Yinyu and Chen, Weikai and Han, Xiaoguang},
  journal={ACM Transactions on Graphics (TOG)},
  volume={43},
  number={6},
  pages={1--12},
  year={2024},
  publisher={ACM New York, NY, USA}
}

@inproceedings{xiu2023econ,
  title={Econ: Explicit clothed humans optimized via normal integration},
  author={Xiu, Yuliang and Yang, Jinlong and Cao, Xu and Tzionas, Dimitrios and Black, Michael J},
  booktitle={Proceedings of the IEEE/CVF conference on computer vision and pattern recognition},
  pages={512--523},
  year={2023}
}

@inproceedings{xiu2022icon,
  title={Icon: Implicit clothed humans obtained from normals},
  author={Xiu, Yuliang and Yang, Jinlong and Tzionas, Dimitrios and Black, Michael J},
  booktitle={2022 IEEE/CVF Conference on Computer Vision and Pattern Recognition (CVPR)},
  pages={13286--13296},
  year={2022},
  organization={IEEE}
}
@inproceedings{zhao2021learning,
  title={Learning anchored unsigned distance functions with gradient direction alignment for single-view garment reconstruction},
  author={Zhao, Fang and Wang, Wenhao and Liao, Shengcai and Shao, Ling},
  booktitle={Proceedings of the IEEE/CVF International Conference on Computer Vision},
  pages={12674--12683},
  year={2021}
}

@article{he2024dresscode,
  title={DressCode: Autoregressively Sewing and Generating Garments from Text Guidance},
  author={He, Kai and Yao, Kaixin and Zhang, Qixuan and Yu, Jingyi and Liu, Lingjie and Xu, Lan},
  journal={arXiv preprint arXiv:2401.16465},
  year={2024}
}

@article{sarafianos2024garment3dgen,
  title={Garment3DGen: 3D Garment Stylization and Texture Generation},
  author={Sarafianos, Nikolaos and Stuyck, Tuur and Xiang, Xiaoyu and Li, Yilei and Popovic, Jovan and Ranjan, Rakesh},
  journal={arXiv preprint arXiv:2403.18816},
  year={2024}
}


@inproceedings{xiang2023drivable,
  title={Drivable avatar clothing: Faithful full-body telepresence with dynamic clothing driven by sparse rgb-d input},
  author={Xiang, Donglai and Prada, Fabian and Cao, Zhe and Guo, Kaiwen and Wu, Chenglei and Hodgins, Jessica and Bagautdinov, Timur},
  booktitle={SIGGRAPH Asia 2023 Conference Papers},
  pages={1--11},
  year={2023}
}

@article{liang2019differentiable,
  title={Differentiable cloth simulation for inverse problems},
  author={Liang, Junbang and Lin, Ming and Koltun, Vladlen},
  journal={Advances in Neural Information Processing Systems},
  volume={32},
  year={2019}
}

@article{jatavallabhula2021gradsim,
  title={gradsim: Differentiable simulation for system identification and visuomotor control},
  author={Jatavallabhula, Krishna Murthy and Macklin, Miles and Golemo, Florian and Voleti, Vikram and Petrini, Linda and Weiss, Martin and Considine, Breandan and Parent-L{\'e}vesque, J{\'e}r{\^o}me and Xie, Kevin and Erleben, Kenny and others},
  journal={arXiv preprint arXiv:2104.02646},
  year={2021}
}

@article{du2021diffpd,
  title={Diffpd: Differentiable projective dynamics},
  author={Du, Tao and Wu, Kui and Ma, Pingchuan and Wah, Sebastien and Spielberg, Andrew and Rus, Daniela and Matusik, Wojciech},
  journal={ACM Transactions on Graphics (TOG)},
  volume={41},
  number={2},
  pages={1--21},
  year={2021},
  publisher={ACM New York, NY}
}

@article{li2022diffcloth,
  title={Diffcloth: Differentiable cloth simulation with dry frictional contact},
  author={Li, Yifei and Du, Tao and Wu, Kui and Xu, Jie and Matusik, Wojciech},
  journal={ACM Transactions on Graphics (TOG)},
  volume={42},
  number={1},
  pages={1--20},
  year={2022},
  publisher={ACM New York, NY}
}

@article{bartle2016physics,
  title={Physics-driven pattern adjustment for direct 3D garment editing.},
  author={Bartle, Aric and Sheffer, Alla and Kim, Vladimir G and Kaufman, Danny M and Vining, Nicholas and Berthouzoz, Floraine},
  journal={ACM Trans. Graph.},
  volume={35},
  number={4},
  pages={50--1},
  year={2016}
}
@article{stuyck2023diffxpbd,
  title={Diffxpbd: Differentiable position-based simulation of compliant constraint dynamics},
  author={Stuyck, Tuur and Chen, Hsiao-yu},
  journal={Proceedings of the ACM on Computer Graphics and Interactive Techniques},
  volume={6},
  number={3},
  pages={1--14},
  year={2023},
  publisher={ACM New York, NY, USA}
}

@inproceedings{macklin2022warp,
  title={Warp: A high-performance python framework for gpu simulation and graphics},
  author={Macklin, Miles},
  booktitle={NVIDIA GPU Technology Conference (GTC)},
  year={2022}
}

@article{hu2019difftaichi,
  title={Difftaichi: Differentiable programming for physical simulation},
  author={Hu, Yuanming and Anderson, Luke and Li, Tzu-Mao and Sun, Qi and Carr, Nathan and Ragan-Kelley, Jonathan and Durand, Fr{\'e}do},
  journal={arXiv preprint arXiv:1910.00935},
  year={2019}
}

@article{chen20243d,
  title={3D-Adapter: Geometry-Consistent Multi-View Diffusion for High-Quality 3D Generation},
  author={Chen, Hansheng and Shen, Bokui and Liu, Yulin and Shi, Ruoxi and Zhou, Linqi and Lin, Connor Z and Gu, Jiayuan and Su, Hao and Wetzstein, Gordon and Guibas, Leonidas},
  journal={arXiv preprint arXiv:2410.18974},
  year={2024}
}

@inproceedings{michel2022text2mesh,
  title={Text2mesh: Text-driven neural stylization for meshes},
  author={Michel, Oscar and Bar-On, Roi and Liu, Richard and Benaim, Sagie and Hanocka, Rana},
  booktitle={Proceedings of the IEEE/CVF Conference on Computer Vision and Pattern Recognition},
  pages={13492--13502},
  year={2022}
}

@article{ho2022video,
  title={Video diffusion models},
  author={Ho, Jonathan and Salimans, Tim and Gritsenko, Alexey and Chan, William and Norouzi, Mohammad and Fleet, David J},
  journal={Advances in Neural Information Processing Systems},
  volume={35},
  pages={8633--8646},
  year={2022}
}

@article{wang2023imagedream,
  title={Imagedream: Image-prompt multi-view diffusion for 3d generation},
  author={Wang, Peng and Shi, Yichun},
  journal={arXiv preprint arXiv:2312.02201},
  year={2023}
}

@article{tang2023dreamgaussian,
  title={Dreamgaussian: Generative gaussian splatting for efficient 3d content creation},
  author={Tang, Jiaxiang and Ren, Jiawei and Zhou, Hang and Liu, Ziwei and Zeng, Gang},
  journal={arXiv preprint arXiv:2309.16653},
  year={2023}
}

@article{long2023wonder3d,
  title={Wonder3d: Single image to 3d using cross-domain diffusion},
  author={Long, Xiaoxiao and Guo, Yuan-Chen and Lin, Cheng and Liu, Yuan and Dou, Zhiyang and Liu, Lingjie and Ma, Yuexin and Zhang, Song-Hai and Habermann, Marc and Theobalt, Christian and others},
  journal={arXiv preprint arXiv:2310.15008},
  year={2023}
}

@article{yu2023surf,
  title={Surf-D: High-Quality Surface Generation for Arbitrary Topologies using Diffusion Models},
  author={Yu, Zhengming and Dou, Zhiyang and Long, Xiaoxiao and Lin, Cheng and Li, Zekun and Liu, Yuan and M{\"u}ller, Norman and Komura, Taku and Habermann, Marc and Theobalt, Christian and others},
  journal={arXiv preprint arXiv:2311.17050},
  year={2023}
}

@article{gao2024cat3d,
  title={Cat3d: Create anything in 3d with multi-view diffusion models},
  author={Gao, Ruiqi and Holynski, Aleksander and Henzler, Philipp and Brussee, Arthur and Martin-Brualla, Ricardo and Srinivasan, Pratul and Barron, Jonathan T and Poole, Ben},
  journal={arXiv preprint arXiv:2405.10314},
  year={2024}
}

@article{shi2023mvdream,
  title={Mvdream: Multi-view diffusion for 3d generation},
  author={Shi, Yichun and Wang, Peng and Ye, Jianglong and Long, Mai and Li, Kejie and Yang, Xiao},
  journal={arXiv preprint arXiv:2308.16512},
  year={2023}
}

@inproceedings{yang2024consistnet,
  title={Consistnet: Enforcing 3d consistency for multi-view images diffusion},
  author={Yang, Jiayu and Cheng, Ziang and Duan, Yunfei and Ji, Pan and Li, Hongdong},
  booktitle={Proceedings of the IEEE/CVF Conference on Computer Vision and Pattern Recognition},
  pages={7079--7088},
  year={2024}
}

@inproceedings{long2024wonder3d,
  title={Wonder3d: Single image to 3d using cross-domain diffusion},
  author={Long, Xiaoxiao and Guo, Yuan-Chen and Lin, Cheng and Liu, Yuan and Dou, Zhiyang and Liu, Lingjie and Ma, Yuexin and Zhang, Song-Hai and Habermann, Marc and Theobalt, Christian and others},
  booktitle={Proceedings of the IEEE/CVF Conference on Computer Vision and Pattern Recognition},
  pages={9970--9980},
  year={2024}
}

@article{shi2023zero123++,
  title={Zero123++: a single image to consistent multi-view diffusion base model},
  author={Shi, Ruoxi and Chen, Hansheng and Zhang, Zhuoyang and Liu, Minghua and Xu, Chao and Wei, Xinyue and Chen, Linghao and Zeng, Chong and Su, Hao},
  journal={arXiv preprint arXiv:2310.15110},
  year={2023}
}


@article{liu2023syncdreamer,
  title={Syncdreamer: Generating multiview-consistent images from a single-view image},
  author={Liu, Yuan and Lin, Cheng and Zeng, Zijiao and Long, Xiaoxiao and Liu, Lingjie and Komura, Taku and Wang, Wenping},
  journal={arXiv preprint arXiv:2309.03453},
  year={2023}
}

@article{korosteleva2022neuraltailor,
  title={Neuraltailor: Reconstructing sewing pattern structures from 3d point clouds of garments},
  author={Korosteleva, Maria and Lee, Sung-Hee},
  journal={ACM Transactions on Graphics (TOG)},
  volume={41},
  number={4},
  pages={1--16},
  year={2022},
  publisher={ACM New York, NY, USA}
}

@article{mcnamara2004fluid,
  title={Fluid control using the adjoint method},
  author={McNamara, Antoine and Treuille, Adrien and Popovi{\'c}, Zoran and Stam, Jos},
  journal={ACM Transactions On Graphics (TOG)},
  volume={23},
  number={3},
  pages={449--456},
  year={2004},
  publisher={ACM New York, NY, USA}
}

@article{korosteleva2023garmentcode,
  title={GarmentCode: Programming Parametric Sewing Patterns},
  author={Korosteleva, Maria and Sorkine-Hornung, Olga},
  journal={ACM Transactions on Graphics (TOG)},
  volume={42},
  number={6},
  pages={1--15},
  year={2023},
  publisher={ACM New York, NY, USA}
}

@article{luo2019accelerated,
  title={Accelerated complex-step finite difference for expedient deformable simulation},
  author={Luo, Ran and Xu, Weiwei and Shao, Tianjia and Xu, Hongyi and Yang, Yin},
  journal={ACM Transactions on Graphics (TOG)},
  volume={38},
  number={6},
  pages={1--16},
  year={2019},
  publisher={ACM New York, NY, USA}
}

@book{renardy2006introduction,
  title={An introduction to partial differential equations},
  author={Renardy, Michael and Rogers, Robert C},
  volume={13},
  year={2006},
  publisher={Springer Science \& Business Media}
}

@article{brezillon1981numerical,
  title={Numerical estimation of the first order derivative: approximate evaluation of an optimal step},
  author={Brezillon, Patrick and Staub, Jean-Fran{\c{c}}ois and Perault-Staub, Anne-Marie and Milhaud, G{\'e}rard},
  journal={Computers \& Mathematics with Applications},
  volume={7},
  number={4},
  pages={333--347},
  year={1981},
  publisher={Elsevier}
}

@article{li2023pac,
  title={Pac-nerf: Physics augmented continuum neural radiance fields for geometry-agnostic system identification},
  author={Li, Xuan and Qiao, Yi-Ling and Chen, Peter Yichen and Jatavallabhula, Krishna Murthy and Lin, Ming and Jiang, Chenfanfu and Gan, Chuang},
  journal={arXiv preprint arXiv:2303.05512},
  year={2023}
}

@article{li2024neuralfluid,
  title={NeuralFluid: Neural Fluidic System Design and Control with Differentiable Simulation},
  author={Li, Yifei and Sun, Yuchen and Ma, Pingchuan and Sifakis, Eftychios and Du, Tao and Zhu, Bo and Matusik, Wojciech},
  journal={arXiv preprint arXiv:2405.14903},
  year={2024}
}

@article{si2024difftactile,
  title={DIFFTACTILE: A Physics-based Differentiable Tactile Simulator for Contact-rich Robotic Manipulation},
  author={Si, Zilin and Zhang, Gu and Ben, Qingwei and Romero, Branden and Xian, Zhou and Liu, Chao and Gan, Chuang},
  journal={arXiv preprint arXiv:2403.08716},
  year={2024}
}

@inproceedings{schenck2018spnets,
  title={Spnets: Differentiable fluid dynamics for deep neural networks},
  author={Schenck, Connor and Fox, Dieter},
  booktitle={Conference on Robot Learning},
  pages={317--335},
  year={2018},
  organization={PMLR}
}

@article{li2023difffr,
  title={DiffFR: Differentiable SPH-based fluid-rigid coupling for rigid body control},
  author={Li, Zhehao and Xu, Qingyu and Ye, Xiaohan and Ren, Bo and Liu, Ligang},
  journal={ACM Transactions on Graphics (TOG)},
  volume={42},
  number={6},
  pages={1--17},
  year={2023},
  publisher={ACM New York, NY, USA}
}

@article{freeman2021brax,
  title={Brax--a differentiable physics engine for large scale rigid body simulation},
  author={Freeman, C Daniel and Frey, Erik and Raichuk, Anton and Girgin, Sertan and Mordatch, Igor and Bachem, Olivier},
  journal={arXiv preprint arXiv:2106.13281},
  year={2021}
}

@book{naumann2011art,
  title={The art of differentiating computer programs: an introduction to algorithmic differentiation},
  author={Naumann, Uwe},
  year={2011},
  publisher={SIAM}
}

@article{margossian2019review,
  title={A review of automatic differentiation and its efficient implementation},
  author={Margossian, Charles C},
  journal={Wiley interdisciplinary reviews: data mining and knowledge discovery},
  volume={9},
  number={4},
  pages={e1305},
  year={2019},
  publisher={Wiley Online Library}
}

@article{herholz2024mesh,
  title={A Mesh-based Simulation Framework using Automatic Code Generation},
  author={Herholz, Philipp and Stuyck, Tuur and Kavan, Ladislav},
  journal={ACM Transactions on Graphics (TOG)},
  volume={43},
  number={6},
  pages={1--17},
  year={2024},
  publisher={ACM New York, NY, USA}
}

@article{geilinger2020add,
  title={Add: Analytically differentiable dynamics for multi-body systems with frictional contact},
  author={Geilinger, Moritz and Hahn, David and Zehnder, Jonas and B{\"a}cher, Moritz and Thomaszewski, Bernhard and Coros, Stelian},
  journal={ACM Transactions on Graphics (TOG)},
  volume={39},
  number={6},
  pages={1--15},
  year={2020},
  publisher={ACM New York, NY, USA}
}

@inproceedings{qiao2021efficient,
  title={Efficient differentiable simulation of articulated bodies},
  author={Qiao, Yi-Ling and Liang, Junbang and Koltun, Vladlen and Lin, Ming C},
  booktitle={International Conference on Machine Learning},
  pages={8661--8671},
  year={2021},
  organization={PMLR}
}

@article{xu2021end,
  title={An end-to-end differentiable framework for contact-aware robot design},
  author={Xu, Jie and Chen, Tao and Zlokapa, Lara and Foshey, Michael and Matusik, Wojciech and Sueda, Shinjiro and Agrawal, Pulkit},
  journal={arXiv preprint arXiv:2107.07501},
  year={2021}
}

@inproceedings{strecke2021diffsdfsim,
  title={DiffSDFSim: Differentiable rigid-body dynamics with implicit shapes},
  author={Strecke, Michael and Stueckler, Joerg},
  booktitle={2021 international conference on 3D Vision (3DV)},
  pages={96--105},
  year={2021},
  organization={IEEE}
}

@inproceedings{xu2023efficient,
  title={Efficient tactile simulation with differentiability for robotic manipulation},
  author={Xu, Jie and Kim, Sangwoon and Chen, Tao and Garcia, Alberto Rodriguez and Agrawal, Pulkit and Matusik, Wojciech and Sueda, Shinjiro},
  booktitle={Conference on Robot Learning},
  pages={1488--1498},
  year={2023},
  organization={PMLR}
}

@article{numerow2024differentiable,
  title={Differentiable voronoi diagrams for simulation of cell-based mechanical systems},
  author={Numerow, Logan and Li, Yue and Coros, Stelian and Thomaszewski, Bernhard},
  journal={ACM Transactions on Graphics (TOG)},
  volume={43},
  number={4},
  pages={1--11},
  year={2024},
  publisher={ACM New York, NY, USA}
}

@article{panetta2021computational,
  title={Computational inverse design of surface-based inflatables},
  author={Panetta, Julian and Isvoranu, Florin and Chen, Tian and Si{\'e}fert, Emmanuel and Roman, Beno{\^\i}t and Pauly, Mark},
  journal={ACM Transactions on Graphics (TOG)},
  volume={40},
  number={4},
  pages={1--14},
  year={2021},
  publisher={ACM New York, NY, USA}
}

@article{hahn2019real2sim,
  title={Real2sim: Visco-elastic parameter estimation from dynamic motion},
  author={Hahn, David and Banzet, Pol and Bern, James M and Coros, Stelian},
  journal={ACM Transactions on Graphics (TOG)},
  volume={38},
  number={6},
  pages={1--13},
  year={2019},
  publisher={ACM New York, NY, USA}
}

@inproceedings{hu2019chainqueen,
  title={Chainqueen: A real-time differentiable physical simulator for soft robotics},
  author={Hu, Yuanming and Liu, Jiancheng and Spielberg, Andrew and Tenenbaum, Joshua B and Freeman, William T and Wu, Jiajun and Rus, Daniela and Matusik, Wojciech},
  booktitle={2019 International conference on robotics and automation (ICRA)},
  pages={6265--6271},
  year={2019},
  organization={IEEE}
}

@article{huang2021plasticinelab,
  title={Plasticinelab: A soft-body manipulation benchmark with differentiable physics},
  author={Huang, Zhiao and Hu, Yuanming and Du, Tao and Zhou, Siyuan and Su, Hao and Tenenbaum, Joshua B and Gan, Chuang},
  journal={arXiv preprint arXiv:2104.03311},
  year={2021}
}

@article{muller2007position,
  title={Position based dynamics},
  author={M{\"u}ller, Matthias and Heidelberger, Bruno and Hennix, Marcus and Ratcliff, John},
  journal={Journal of Visual Communication and Image Representation},
  volume={18},
  number={2},
  pages={109--118},
  year={2007},
  publisher={Elsevier}
}

@inproceedings{macklin2016xpbd,
  title={XPBD: position-based simulation of compliant constrained dynamics},
  author={Macklin, Miles and M{\"u}ller, Matthias and Chentanez, Nuttapong},
  booktitle={Proceedings of the 9th International Conference on Motion in Games},
  pages={49--54},
  year={2016}
}

@article{bouaziz2014projective,
  title={Projective dynamics: fusing constraint projections for fast simulation},
  author={Bouaziz, Sofien and Martin, Sebastian and Liu, Tiantian and Kavan, Ladislav and Pauly, Mark},
  journal={ACM Transactions on Graphics (TOG)},
  volume={33},
  number={4},
  pages={1--11},
  year={2014},
  publisher={ACM New York, NY, USA}
}

@article{IDP,
  title={Guaranteed globally injective 3D deformation processing},
  author={Fang, Yu and Li, Minchen and Jiang, Chenfanfu and Kaufman, Danny M},
  journal={ACM Transactions on Graphics},
  volume={40},
  number={4},
  year={2021}
}

@article{garmentdreamer,
  title={GarmentDreamer: 3DGS Guided Garment Synthesis with Diverse Geometry and Texture Details},
  author={Li, Boqian and Li, Xuan and Jiang, Ying and Xie, Tianyi and Gao, Feng and Wang, Huamin and Yang, Yin and Jiang, Chenfanfu},
  journal={arXiv preprint arXiv:2405.12420},
  year={2024}
}

@article{jiang2022text2human,
  title={Text2human: Text-driven controllable human image generation},
  author={Jiang, Yuming and Yang, Shuai and Qiu, Haonan and Wu, Wayne and Loy, Chen Change and Liu, Ziwei},
  journal={ACM Transactions on Graphics (TOG)},
  volume={41},
  number={4},
  pages={1--11},
  year={2022},
  publisher={ACM New York, NY, USA}
}

@inproceedings{liu2016deepfashion,
  title={Deepfashion: Powering robust clothes recognition and retrieval with rich annotations},
  author={Liu, Ziwei and Luo, Ping and Qiu, Shi and Wang, Xiaogang and Tang, Xiaoou},
  booktitle={Proceedings of the IEEE conference on computer vision and pattern recognition},
  pages={1096--1104},
  year={2016}
}

@inproceedings{ge2019deepfashion2,
  title={Deepfashion2: A versatile benchmark for detection, pose estimation, segmentation and re-identification of clothing images},
  author={Ge, Yuying and Zhang, Ruimao and Wang, Xiaogang and Tang, Xiaoou and Luo, Ping},
  booktitle={Proceedings of the IEEE/CVF conference on computer vision and pattern recognition},
  pages={5337--5345},
  year={2019}
}

@inproceedings{zheng2025physavatar,
  title={Physavatar: Learning the physics of dressed 3d avatars from visual observations},
  author={Zheng, Yang and Zhao, Qingqing and Yang, Guandao and Yifan, Wang and Xiang, Donglai and Dubost, Florian and Lagun, Dmitry and Beeler, Thabo and Tombari, Federico and Guibas, Leonidas and others},
  booktitle={European Conference on Computer Vision},
  pages={262--284},
  year={2025},
  organization={Springer}
}