@INPROCEEDINGS{Kaelbling2011,
  author={Kaelbling, Leslie Pack and Lozano-Pérez, Tomás},
  booktitle={2011 IEEE International Conference on Robotics and Automation}, 
  title={Hierarchical task and motion planning in the now}, 
  year={2011},
  volume={},
  number={},
  pages={1470-1477},
  keywords={Planning;Geometry;Grasping;Semantics;Concrete;Robot sensing systems},
  doi={10.1109/ICRA.2011.5980391}
}

@misc{brown2020language,
      title={Language Models are Few-Shot Learners}, 
      author={Tom B. Brown and Benjamin Mann and Nick Ryder and Melanie Subbiah and Jared Kaplan and Prafulla Dhariwal and Arvind Neelakantan and Pranav Shyam and Girish Sastry and Amanda Askell and Sandhini Agarwal and Ariel Herbert-Voss and Gretchen Krueger and Tom Henighan and Rewon Child and Aditya Ramesh and Daniel M. Ziegler and Jeffrey Wu and Clemens Winter and Christopher Hesse and Mark Chen and Eric Sigler and Mateusz Litwin and Scott Gray and Benjamin Chess and Jack Clark and Christopher Berner and Sam McCandlish and Alec Radford and Ilya Sutskever and Dario Amodei},
      year={2020},
      eprint={2005.14165},
      archivePrefix={arXiv},
      primaryClass={cs.CL}
}

@misc{chen2021evaluating,
      title={Evaluating Large Language Models Trained on Code}, 
      author={Mark Chen and Jerry Tworek and Heewoo Jun and Qiming Yuan and Henrique Ponde de Oliveira Pinto and Jared Kaplan and Harri Edwards and Yuri Burda and Nicholas Joseph and Greg Brockman and Alex Ray and Raul Puri and Gretchen Krueger and Michael Petrov and Heidy Khlaaf and Girish Sastry and Pamela Mishkin and Brooke Chan and Scott Gray and Nick Ryder and Mikhail Pavlov and Alethea Power and Lukasz Kaiser and Mohammad Bavarian and Clemens Winter and Philippe Tillet and Felipe Petroski Such and Dave Cummings and Matthias Plappert and Fotios Chantzis and Elizabeth Barnes and Ariel Herbert-Voss and William Hebgen Guss and Alex Nichol and Alex Paino and Nikolas Tezak and Jie Tang and Igor Babuschkin and Suchir Balaji and Shantanu Jain and William Saunders and Christopher Hesse and Andrew N. Carr and Jan Leike and Josh Achiam and Vedant Misra and Evan Morikawa and Alec Radford and Matthew Knight and Miles Brundage and Mira Murati and Katie Mayer and Peter Welinder and Bob McGrew and Dario Amodei and Sam McCandlish and Ilya Sutskever and Wojciech Zaremba},
      year={2021},
      eprint={2107.03374},
      archivePrefix={arXiv},
      primaryClass={cs.LG}
}

@misc{chu2023timebench,
      title={TimeBench: A Comprehensive Evaluation of Temporal Reasoning Abilities in Large Language Models}, 
      author={Zheng Chu and Jingchang Chen and Qianglong Chen and Weijiang Yu and Haotian Wang and Ming Liu and Bing Qin},
      year={2023},
      eprint={2311.17667},
      archivePrefix={arXiv},
      primaryClass={cs.CL}
}

@misc{eysenbach2019search,
      title={Search on the Replay Buffer: Bridging Planning and Reinforcement Learning}, 
      author={Benjamin Eysenbach and Ruslan Salakhutdinov and Sergey Levine},
      year={2019},
      eprint={1906.05253},
      archivePrefix={arXiv},
      primaryClass={cs.AI}
}

@misc{garrett2020pddlstream,
      title={PDDLStream: Integrating Symbolic Planners and Blackbox Samplers via Optimistic Adaptive Planning}, 
      author={Caelan Reed Garrett and Tomás Lozano-Pérez and Leslie Pack Kaelbling},
      year={2020},
      eprint={1802.08705},
      archivePrefix={arXiv},
      primaryClass={cs.AI}
}

@misc{gramopadhye2023generating,
      title={Generating Executable Action Plans with Environmentally-Aware Language Models}, 
      author={Maitrey Gramopadhye and Daniel Szafir},
      year={2023},
      eprint={2210.04964},
      archivePrefix={arXiv},
      primaryClass={cs.RO}
}

@misc{hu2023treeplanner,
      title={Tree-Planner: Efficient Close-loop Task Planning with Large Language Models}, 
      author={Mengkang Hu and Yao Mu and Xinmiao Yu and Mingyu Ding and Shiguang Wu and Wenqi Shao and Qiguang Chen and Bin Wang and Yu Qiao and Ping Luo},
      year={2023},
      eprint={2310.08582},
      archivePrefix={arXiv},
      primaryClass={cs.CL}
}

@misc{jiang2019task,
      title={Task Planning in Robotics: an Empirical Comparison of PDDL-based and ASP-based Systems}, 
      author={Yuqian Jiang and Shiqi Zhang and Piyush Khandelwal and Peter Stone},
      year={2019},
      eprint={1804.08229},
      archivePrefix={arXiv},
      primaryClass={cs.AI}
}

@misc{singh2022progprompt,
      title={ProgPrompt: Generating Situated Robot Task Plans using Large Language Models}, 
      author={Ishika Singh and Valts Blukis and Arsalan Mousavian and Ankit Goyal and Danfei Xu and Jonathan Tremblay and Dieter Fox and Jesse Thomason and Animesh Garg},
      year={2022},
      eprint={2209.11302},
      archivePrefix={arXiv},
      primaryClass={cs.RO}
}

@misc{valmeekam2023planbench,
      title={PlanBench: An Extensible Benchmark for Evaluating Large Language Models on Planning and Reasoning about Change}, 
      author={Karthik Valmeekam and Matthew Marquez and Alberto Olmo and Sarath Sreedharan and Subbarao Kambhampati},
      year={2023},
      eprint={2206.10498},
      archivePrefix={arXiv},
      primaryClass={cs.CL}
}

@misc{xu2018neural,
      title={Neural Task Programming: Learning to Generalize Across Hierarchical Tasks}, 
      author={Danfei Xu and Suraj Nair and Yuke Zhu and Julian Gao and Animesh Garg and Li Fei-Fei and Silvio Savarese},
      year={2018},
      eprint={1710.01813},
      archivePrefix={arXiv},
      primaryClass={cs.AI}
}

@inproceedings{zhang2023cat,
  title={CAT: Closed-loop Adversarial Training for Safe End-to-End Driving},
  author={Zhang, Linrui and Peng, Zhenghao and Li, Quanyi and Zhou, Bolei},
  booktitle={7th Annual Conference on Robot Learning},
  year={2023}
}

