@misc{singh2022progprompt,
      title={ProgPrompt: Generating Situated Robot Task Plans using Large Language Models}, 
      author={Ishika Singh and Valts Blukis and Arsalan Mousavian and Ankit Goyal and Danfei Xu and Jonathan Tremblay and Dieter Fox and Jesse Thomason and Animesh Garg},
      year={2022},
      eprint={2209.11302},
      archivePrefix={arXiv},
      primaryClass={cs.RO}
}

@inproceedings{zhang2023cat,
  title={CAT: Closed-loop Adversarial Training for Safe End-to-End Driving},
  author={Zhang, Linrui and Peng, Zhenghao and Li, Quanyi and Zhou, Bolei},
  booktitle={7th Annual Conference on Robot Learning},
  year={2023}
}

@misc{hu2023treeplanner,
      title={Tree-Planner: Efficient Close-loop Task Planning with Large Language Models}, 
      author={Mengkang Hu and Yao Mu and Xinmiao Yu and Mingyu Ding and Shiguang Wu and Wenqi Shao and Qiguang Chen and Bin Wang and Yu Qiao and Ping Luo},
      year={2023},
      eprint={2310.08582},
      archivePrefix={arXiv},
      primaryClass={cs.CL}
}

@INPROCEEDINGS{Kaelbling2011,
  author={Kaelbling, Leslie Pack and Lozano-Pérez, Tomás},
  booktitle={2011 IEEE International Conference on Robotics and Automation}, 
  title={Hierarchical task and motion planning in the now}, 
  year={2011},
  volume={},
  number={},
  pages={1470-1477},
  keywords={Planning;Geometry;Grasping;Semantics;Concrete;Robot sensing systems},
  doi={10.1109/ICRA.2011.5980391}
}

@misc{huang2022language,
      title={Language Models as Zero-Shot Planners: Extracting Actionable Knowledge for Embodied Agents}, 
      author={Wenlong Huang and Pieter Abbeel and Deepak Pathak and Igor Mordatch},
      year={2022},
      eprint={2201.07207},
      archivePrefix={arXiv},
      primaryClass={cs.LG}
}

@misc{song2023llmplanner,
      title={LLM-Planner: Few-Shot Grounded Planning for Embodied Agents with Large Language Models}, 
      author={Chan Hee Song and Jiaman Wu and Clayton Washington and Brian M. Sadler and Wei-Lun Chao and Yu Su},
      year={2023},
      eprint={2212.04088},
      archivePrefix={arXiv},
      primaryClass={cs.AI}
}

@misc{eysenbach2019search,
      title={Search on the Replay Buffer: Bridging Planning and Reinforcement Learning}, 
      author={Benjamin Eysenbach and Ruslan Salakhutdinov and Sergey Levine},
      year={2019},
      eprint={1906.05253},
      archivePrefix={arXiv},
      primaryClass={cs.AI}
}

@misc{xu2019regression,
      title={Regression Planning Networks}, 
      author={Danfei Xu and Roberto Martín-Martín and De-An Huang and Yuke Zhu and Silvio Savarese and Li Fei-Fei},
      year={2019},
      eprint={1909.13072},
      archivePrefix={arXiv},
      primaryClass={cs.AI}
}

@misc{lyu2021goaloriented,
      title={Goal-Oriented Script Construction}, 
      author={Qing Lyu and Li Zhang and Chris Callison-Burch},
      year={2021},
      eprint={2107.13189},
      archivePrefix={arXiv},
      primaryClass={cs.CL}
}

@misc{valmeekam2023planbench,
      title={PlanBench: An Extensible Benchmark for Evaluating Large Language Models on Planning and Reasoning about Change}, 
      author={Karthik Valmeekam and Matthew Marquez and Alberto Olmo and Sarath Sreedharan and Subbarao Kambhampati},
      year={2023},
      eprint={2206.10498},
      archivePrefix={arXiv},
      primaryClass={cs.CL}
}

@misc{stein2024autoplanbench,
      title={AutoPlanBench: Automatically generating benchmarks for LLM planners from PDDL}, 
      author={Katharina Stein and Daniel Fišer and Jörg Hoffmann and Alexander Koller},
      year={2024},
      eprint={2311.09830},
      archivePrefix={arXiv},
      primaryClass={cs.AI}
}

@misc{brown2020language,
      title={Language Models are Few-Shot Learners}, 
      author={Tom B. Brown and Benjamin Mann and Nick Ryder and Melanie Subbiah and Jared Kaplan and Prafulla Dhariwal and Arvind Neelakantan and Pranav Shyam and Girish Sastry and Amanda Askell and Sandhini Agarwal and Ariel Herbert-Voss and Gretchen Krueger and Tom Henighan and Rewon Child and Aditya Ramesh and Daniel M. Ziegler and Jeffrey Wu and Clemens Winter and Christopher Hesse and Mark Chen and Eric Sigler and Mateusz Litwin and Scott Gray and Benjamin Chess and Jack Clark and Christopher Berner and Sam McCandlish and Alec Radford and Ilya Sutskever and Dario Amodei},
      year={2020},
      eprint={2005.14165},
      archivePrefix={arXiv},
      primaryClass={cs.CL}
}

@misc{chen2021evaluating,
      title={Evaluating Large Language Models Trained on Code}, 
      author={Mark Chen and Jerry Tworek and Heewoo Jun and Qiming Yuan and Henrique Ponde de Oliveira Pinto and Jared Kaplan and Harri Edwards and Yuri Burda and Nicholas Joseph and Greg Brockman and Alex Ray and Raul Puri and Gretchen Krueger and Michael Petrov and Heidy Khlaaf and Girish Sastry and Pamela Mishkin and Brooke Chan and Scott Gray and Nick Ryder and Mikhail Pavlov and Alethea Power and Lukasz Kaiser and Mohammad Bavarian and Clemens Winter and Philippe Tillet and Felipe Petroski Such and Dave Cummings and Matthias Plappert and Fotios Chantzis and Elizabeth Barnes and Ariel Herbert-Voss and William Hebgen Guss and Alex Nichol and Alex Paino and Nikolas Tezak and Jie Tang and Igor Babuschkin and Suchir Balaji and Shantanu Jain and William Saunders and Christopher Hesse and Andrew N. Carr and Jan Leike and Josh Achiam and Vedant Misra and Evan Morikawa and Alec Radford and Matthew Knight and Miles Brundage and Mira Murati and Katie Mayer and Peter Welinder and Bob McGrew and Dario Amodei and Sam McCandlish and Ilya Sutskever and Wojciech Zaremba},
      year={2021},
      eprint={2107.03374},
      archivePrefix={arXiv},
      primaryClass={cs.LG}
}

@misc{garrett2020pddlstream,
      title={PDDLStream: Integrating Symbolic Planners and Blackbox Samplers via Optimistic Adaptive Planning}, 
      author={Caelan Reed Garrett and Tomás Lozano-Pérez and Leslie Pack Kaelbling},
      year={2020},
      eprint={1802.08705},
      archivePrefix={arXiv},
      primaryClass={cs.AI}
}

@misc{jiang2019task,
      title={Task Planning in Robotics: an Empirical Comparison of PDDL-based and ASP-based Systems}, 
      author={Yuqian Jiang and Shiqi Zhang and Piyush Khandelwal and Peter Stone},
      year={2019},
      eprint={1804.08229},
      archivePrefix={arXiv},
      primaryClass={cs.AI}
}

@misc{xu2018neural,
      title={Neural Task Programming: Learning to Generalize Across Hierarchical Tasks}, 
      author={Danfei Xu and Suraj Nair and Yuke Zhu and Julian Gao and Animesh Garg and Li Fei-Fei and Silvio Savarese},
      year={2018},
      eprint={1710.01813},
      archivePrefix={arXiv},
      primaryClass={cs.AI}
}

@inproceedings{puig2018virtualhome,
  title={Virtualhome: Simulating household activities via programs},
  author={Puig, Xavier and Ra, Kevin and Boben, Marko and Li, Jiaman and Wang, Tingwu and Fidler, Sanja and Torralba, Antonio},
  booktitle={Proceedings of the IEEE Conference on Computer Vision and Pattern Recognition},
  pages={8494--8502},
  year={2018}
}

@misc{puig2020watchandhelp,
      title={Watch-And-Help: A Challenge for Social Perception and Human-AI Collaboration}, 
      author={Xavier Puig and Tianmin Shu and Shuang Li and Zilin Wang and Joshua B. Tenenbaum and Sanja Fidler and Antonio Torralba},
      year={2020},
      eprint={2010.09890},
      archivePrefix={arXiv},
      primaryClass={cs.AI}
}

@misc{ahn2022i,
      title={Do As I Can, Not As I Say: Grounding Language in Robotic Affordances}, 
      author={Michael Ahn and Anthony Brohan and Noah Brown and Yevgen Chebotar and Omar Cortes and Byron David and Chelsea Finn and Chuyuan Fu and Keerthana Gopalakrishnan and Karol Hausman and Alex Herzog and Daniel Ho and Jasmine Hsu and Julian Ibarz and Brian Ichter and Alex Irpan and Eric Jang and Rosario Jauregui Ruano and Kyle Jeffrey and Sally Jesmonth and Nikhil J Joshi and Ryan Julian and Dmitry Kalashnikov and Yuheng Kuang and Kuang-Huei Lee and Sergey Levine and Yao Lu and Linda Luu and Carolina Parada and Peter Pastor and Jornell Quiambao and Kanishka Rao and Jarek Rettinghouse and Diego Reyes and Pierre Sermanet and Nicolas Sievers and Clayton Tan and Alexander Toshev and Vincent Vanhoucke and Fei Xia and Ted Xiao and Peng Xu and Sichun Xu and Mengyuan Yan and Andy Zeng},
      year={2022},
      eprint={2204.01691},
      archivePrefix={arXiv},
      primaryClass={cs.RO}
}

@misc{li2022pretrained,
      title={Pre-Trained Language Models for Interactive Decision-Making}, 
      author={Shuang Li and Xavier Puig and Chris Paxton and Yilun Du and Clinton Wang and Linxi Fan and Tao Chen and De-An Huang and Ekin Akyürek and Anima Anandkumar and Jacob Andreas and Igor Mordatch and Antonio Torralba and Yuke Zhu},
      year={2022},
      eprint={2202.01771},
      archivePrefix={arXiv},
      primaryClass={cs.LG}
}

@misc{chu2023timebench,
      title={TimeBench: A Comprehensive Evaluation of Temporal Reasoning Abilities in Large Language Models}, 
      author={Zheng Chu and Jingchang Chen and Qianglong Chen and Weijiang Yu and Haotian Wang and Ming Liu and Bing Qin},
      year={2023},
      eprint={2311.17667},
      archivePrefix={arXiv},
      primaryClass={cs.CL}
}

@misc{gramopadhye2023generating,
      title={Generating Executable Action Plans with Environmentally-Aware Language Models}, 
      author={Maitrey Gramopadhye and Daniel Szafir},
      year={2023},
      eprint={2210.04964},
      archivePrefix={arXiv},
      primaryClass={cs.RO}
}

@article{achiam2023gpt,
  title={Gpt-4 technical report},
  author={Achiam, Josh and Adler, Steven and Agarwal, Sandhini and Ahmad, Lama and Akkaya, Ilge and Aleman, Florencia Leoni and Almeida, Diogo and Altenschmidt, Janko and Altman, Sam and Anadkat, Shyamal and others},
  journal={arXiv preprint arXiv:2303.08774},
  year={2023}
}

@article{team2023gemini,
  title={Gemini: a family of highly capable multimodal models},
  author={Team, Gemini and Anil, Rohan and Borgeaud, Sebastian and Wu, Yonghui and Alayrac, Jean-Baptiste and Yu, Jiahui and Soricut, Radu and Schalkwyk, Johan and Dai, Andrew M and Hauth, Anja and others},
  journal={arXiv preprint arXiv:2312.11805},
  year={2023}
}

@article{touvron2023llama,
  title={Llama 2: Open foundation and fine-tuned chat models},
  author={Touvron, Hugo and Martin, Louis and Stone, Kevin and Albert, Peter and Almahairi, Amjad and Babaei, Yasmine and Bashlykov, Nikolay and Batra, Soumya and Bhargava, Prajjwal and Bhosale, Shruti and others},
  journal={arXiv preprint arXiv:2307.09288},
  year={2023}
}
