@article{sandberg2022secure,
  title={Secure networked control systems},
  author={Sandberg, Henrik and Gupta, Vijay and Johansson, Karl H},
  journal={Annual Review of Control, Robotics, and Autonomous Systems},
  volume={5},
  pages={445--464},
  year={2022},
  publisher={Annual Reviews}
}

@article{osti_1505628,
title = {History of Industrial Control System Cyber Incidents},
author = {Hemsley, Kevin E. and E. Fisher, Dr. Ronald},
abstractNote = {For many years malicious cyber actors have been targeting the industrial control systems (ICS) that manage our critical infrastructures. Most of these events are not reported to the public, and the threats and incidents to ICS are not as well-known as enterprise cyber threats and incidents. This paper is a brief study of publically reported cyber threats to critical infrastructure that sheds light on the growing cyber threats to ICS devices. It is important to note that this list is not all inclusive. The events selected in this study highlight the significant threats and incidents to industrial control systems and demonstrate that significant cyber incidents to ICS devices are growing and becoming more complex.},
doi = {10.2172/1505628},
url = {https://www.osti.gov/biblio/1505628}, 
journal = {},
number ={} ,
volume ={} ,
place = {United States},
year = {2018},
month = {12}
}
@article{dibaji2019systems,
  title={A systems and control perspective of {CPS} security},
  author={Dibaji, Seyed Mehran and Pirani, Mohammad and Flamholz, David Bezalel and Annaswamy, Anuradha M and Johansson, Karl Henrik and Chakrabortty, Aranya},
  journal={Annual reviews in control},
  volume={47},
  pages={394--411},
  year={2019},
  publisher={Elsevier}
}
@incollection{ferrari2021detection,
  title={Detection of Cyber-Attacks: A Multiplicative Watermarking Scheme},
  author={Ferrari, Riccardo MG and Teixeira, Andr{\'e} MH},
  booktitle={Safety, Security and Privacy for Cyber-Physical Systems},
  pages={173--201},
  year={2021},
  publisher={Springer}
}
@inproceedings{zhang2023hybrid,
  title={Hybrid Design of Multiplicative Watermarking for Defense Against Malicious Parameter Identification},
  author={Zhang, Jiaxuan and Gallo, Alexander J and Ferrari, Riccardo MG},
  booktitle={2023 62nd IEEE Conference on Decision and Control (CDC)},
  pages={3858--3863},
  year={2023},
  organization={IEEE}
}
@article{murguia2020security,
  title={Security metrics and synthesis of secure control systems},
  author={Murguia, Carlos and Shames, Iman and Ruths, Justin and Ne{\v{s}}i{\'c}, Dragan},
  journal={Automatica},
  volume={115},
  pages={108757},
  year={2020},
  publisher={Elsevier}
}
@article{hashemi2022codesign,
  title={Codesign for resilience and performance},
  author={Hashemi, Navid and Ruths, Justin},
  journal={IEEE Transactions on Control of Network Systems},
  volume={10},
  number={3},
  pages={1387--1399},
  year={2022},
  publisher={IEEE}
}
@inproceedings{escudero2023safety,
  title={Safety-preserving filters against stealthy sensor and actuator attacks},
  author={Escudero, C{\'e}dric and Murguia, Carlos and Massioni, Paolo and Zama{\"\i}, Eric},
  booktitle={2023 62nd IEEE Conference on Decision and Control (CDC)},
  pages={5097--5104},
  year={2023},
  organization={IEEE}
}
@article{stabile2024verifiable,
  title={A Verifiable Computing Scheme for Encrypted Control Systems},
  author={Stabile, Francesca and Lucia, Walter and Youssef, Amr and Franz{\`e}, Giuseppe},
  journal={IEEE Control Systems Letters},
  year={2024},
  publisher={IEEE}
}
@inproceedings{mukherjee2021secure,
  title={A secure learning control strategy via dynamic camouflaging for unknown dynamical systems under attacks},
  author={Mukherjee, Sayak and Adetola, Veronica},
  booktitle={2021 IEEE Conference on Control Technology and Applications (CCTA)},
  pages={905--910},
  year={2021},
  organization={IEEE}
}
@article{ramos2024privacy,
  title={Privacy Preserving Average Consensus Through Network Augmentation},
  author={Ramos, Guilherme and Aguiarz, A Pedro and Karx, Soummya and Pequito, S{\'e}rgio},
  journal={IEEE Transactions on Automatic Control},
  year={2024},
  publisher={IEEE}
}
@ARTICLE{ferrari2020switching, 
author={Ferrari, Riccardo M. G. and Teixeira, Andr√© M. H.},  
journal={IEEE Transactions on Automatic Control},   
title={A Switching Multiplicative Watermarking Scheme for Detection of Stealthy Cyber-Attacks},   
year={2021},  
volume={66},  
number={6},  
pages={2558-2573},  
doi={10.1109/TAC.2020.3013850}}
@article{darup2021encrypted,
  title={Encrypted control for networked systems: An illustrative introduction and current challenges},
  author={Darup, Moritz Schulze and Alexandru, Andreea B and Quevedo, Daniel E and Pappas, George J},
  journal={IEEE Control Systems Magazine},
  volume={41},
  number={3},
  pages={58--78},
  year={2021},
  publisher={IEEE}
}
@article{abdalmoaty2023privacy,
  title={Privacy and Security in Network Controlled Systems via Dynamic Masking},
  author={Abdalmoaty, Mohamed Rasheed and Anand, Sribalaji C and Teixeira, Andr{\'e} MH},
  journal={IFAC-PapersOnLine},
  volume={56},
  number={2},
  pages={991--996},
  year={2023},
  publisher={Elsevier}
}
@inproceedings{fang2019two,
  title={Two-way coding in control systems under injection attacks: From attack detection to attack correction},
  author={Fang, Song and Johansson, Karl Henrik and Skoglund, Mikael and Sandberg, Henrik and Ishii, Hideaki},
  booktitle={Proceedings of the 10th ACM/IEEE International Conference on Cyber-Physical Systems},
  pages={141--150},
  year={2019}
}
@article{alisic2023model,
  title={Model-free undetectable attacks on linear systems using LWE-based encryption},
  author={Alisic, Rijad and Kim, Junsoo and Sandberg, Henrik},
  journal={IEEE Control Systems Letters},
  volume={7},
  pages={1249--1254},
  year={2023},
  publisher={IEEE}
}
@article{zhu2023detection,
  title={Detection-performance tradeoff for watermarking in industrial control systems},
  author={Zhu, Hengye and Liu, Mengxiang and Fang, Chongrong and Deng, Ruilong and Cheng, Peng},
  journal={IEEE Transactions on Information Forensics and Security},
  volume={18},
  pages={2780--2793},
  year={2023},
  publisher={IEEE}
}
@inproceedings{teixeira2015strategic,
  title={Strategic stealthy attacks: the output-to-output $\ell_2$-gain},
  author={Teixeira, Andr{\'e} and Sandberg, Henrik and Johansson, Karl H},
  booktitle={2015 54th IEEE Conference on Decision and Control (CDC)},
  pages={2582--2587},
  year={2015},
  organization={IEEE}
}
@article{de2017covert,
  title={Covert attacks in cyber-physical control systems},
  author={de S{\'a}, Alan Oliveira and da Costa Carmo, Luiz F Rust and Machado, Raphael CS},
  journal={IEEE Transactions on Industrial Informatics},
  volume={13},
  number={4},
  pages={1641--1651},
  year={2017},
  publisher={IEEE}
}
@article{mikhaylenko2021stealthy,
  title={Stealthy local covert attacks on cyber-physical systems},
  author={Mikhaylenko, Dina and Zhang, Ping},
  journal={IEEE Transactions on Automatic Control},
  volume={67},
  number={12},
  pages={6778--6785},
  year={2021},
  publisher={IEEE}
}
@article{barboni2020detection,
  title={Detection of covert cyber-attacks in interconnected systems: A distributed model-based approach},
  author={Barboni, Angelo and Rezaee, Hamed and Boem, Francesca and Parisini, Thomas},
  journal={IEEE Transactions on Automatic Control},
  volume={65},
  number={9},
  pages={3728--3741},
  year={2020},
  publisher={IEEE}
}
@inproceedings{weerakkody2017bernoulli,
  title={A Bernoulli-Gaussian physical watermark for detecting integrity attacks in control systems},
  author={Weerakkody, Sean and Ozel, Omur and Sinopoli, Bruno},
  booktitle={2017 55th Annual Allerton Conference on Communication, Control, and Computing (Allerton)},
  pages={966--973},
  year={2017},
  organization={IEEE}
}
@article{du2021secure,
  title={Secure control of networked control systems using dynamic watermarking},
  author={Du, Dajun and Zhang, Changda and Li, Xue and Fei, Minrui and Yang, Taicheng and Zhou, Huiyu},
  journal={IEEE Transactions on Cybernetics},
  volume={52},
  number={12},
  pages={13609--13622},
  year={2021},
  publisher={IEEE}
}
@article{hu2007stability,
  title={Stability robustness of networked control systems with respect to packet loss},
  author={Hu, Shawn and Yan, Wei-Yong},
  journal={Automatica},
  volume={43},
  number={7},
  pages={1243--1248},
  year={2007},
  publisher={Elsevier}
}
@article{smith2015covert,
  title={Covert misappropriation of networked control systems: Presenting a feedback structure},
  author={Smith, Roy S},
  journal={IEEE Control Systems Magazine},
  volume={35},
  number={1},
  pages={82--92},
  year={2015},
  publisher={IEEE}
}
@inproceedings{li2019alternating,
  title={Alternating minimizations converge to second-order optimal solutions},
  author={Li, Qiuwei and Zhu, Zhihui and Tang, Gongguo},
  booktitle={International Conference on Machine Learning},
  pages={3935--3943},
  year={2019},
  organization={PMLR}
}
@article{zhang2022sensor,
  title={A Sensor Watermarking Design for Threat Discrimination},
  author={Zhang, Kangkang and Kasis, Andreas and Polycarpou, Marios M and Parisini, Thomas},
  journal={IFAC-PapersOnLine},
  volume={55},
  number={6},
  pages={433--438},
  year={2022},
  publisher={Elsevier}
}
@article{dinh2011combining,
  title={Combining convex--concave decompositions and linearization approaches for solving {BMIs}, with application to static output feedback},
  author={Dinh, Quoc Tran and Gumussoy, Suat and Michiels, Wim and Diehl, Moritz},
  journal={IEEE Transactions on Automatic Control},
  volume={57},
  number={6},
  pages={1377--1390},
  year={2011},
  publisher={IEEE}
}
@article{park2019stealthy,
  title={Stealthy adversaries against uncertain cyber-physical systems: Threat of robust zero-dynamics attack},
  author={Park, Gyunghoon and Lee, Chanhwa and Shim, Hyungbo and Eun, Yongsoon and Johansson, Karl H},
  journal={IEEE Trans. on Automat. Contr.},
  volume={64},
  number={12},
  pages={4907--4919},
  year={2019},
  publisher={IEEE}
}

@ARTICLE{anand2023risk,
  author={Anand, Sribalaji C. and Teixeira, Andr√© M. H.},
  journal={IEEE Open Journal of Control Systems}, 
  title={Risk-Based Security Measure Allocation Against Actuator Attacks}, 
  year={2023},
  volume={2},
  pages={297-309},
  publisher={IEEE}
}


@inproceedings{hoehn2016detection,
  title={Detection of covert attacks and zero dynamics attacks in cyber-physical systems},
  author={Hoehn, Andreas and Zhang, Ping},
  booktitle={2016 American Control Conference (ACC)},
  pages={302--307},
  year={2016},
  organization={IEEE}
}
@article{lin2023secondary,
  title={Secondary Control for the Safety of {LTI} Systems under Attacks},
  author={Lin, Yankai and Chong, Michelle S and Murguia, Carlos},
  journal={IFAC-PapersOnLine},
  volume={56},
  number={2},
  pages={965--970},
  year={2023},
  publisher={Elsevier}
}
@article{anand2020joint,
  title={Joint controller and detector design against data injection attacks on actuators},
  author={Anand, Sribalaji C and Teixeira, Andr{\'e} MH},
  journal={IFAC-PapersOnLine},
  volume={53},
  number={2},
  pages={7439--7445},
  year={2020},
  publisher={Elsevier}
}

@inproceedings{dehnert2021less,
  title={A Less Conservative Iterative {LMI} approach for Output Feedback Controller Synthesis for Saturated Discrete-Time Linear Systems},
  author={Dehnert, Robert and Lerch, Sabine and Grunert, Tim and Damaszek, Michelle and Tibken, Bernd},
  booktitle={2021 25th International Conference on System Theory, Control and Computing (ICSTCC)},
  pages={93--100},
  year={2021},
  organization={IEEE}
}
@article{lin2022plug,
  title={Plug-and-play secondary control for safety of {LTI} systems under attacks},
  author={Lin, Yankai and Chong, Michelle S and Murguia, Carlos},
  journal={arXiv preprint arXiv:2212.00593},
  year={2022}
}
@inproceedings{teixeira2018detection,
  title={Detection of sensor data injection attacks with multiplicative watermarking},
  author={Teixeira, Andr{\'e} MH and Ferrari, Riccardo MG},
  booktitle={2018 European Control Conference (ECC)},
  pages={338--343},
  year={2018},
  organization={IEEE}
}
@book{zhou1996robust,
	title={Robust and optimal control},
	author={Zhou, Kemin and Doyle, John Comstock and Glover, Keith and others},
	volume={40},
	year={1996},
	publisher={Prentice hall New Jersey}
}
@article{ferrari2017detection,
  title={Detection and isolation of replay attacks through sensor watermarking},
  author={Ferrari, Riccardo MG and Teixeira, Andr{\'e} MH},
  journal={IFAC-PapersOnLine},
  volume={50},
  number={1},
  pages={7363--7368},
  year={2017},
  publisher={Elsevier}
}
@inproceedings{gallo2021design,
  title={Design of multiplicative watermarking against covert attacks},
  author={Gallo, Alexander J and Anand, Sribalaji C and Teixeira, Andr{\'e} MH and Ferrari, Riccardo MG},
  booktitle={2021 60th IEEE Conference on Decision and Control (CDC)},
  pages={4176--4181},
  year={2021},
  organization={IEEE}
}

@article{teixeira2015secure,
  title={A secure control framework for resource-limited adversaries},
  author={Teixeira, Andr{\'e} and Shames, Iman and Sandberg, Henrik and Johansson, Karl Henrik},
  journal={Automatica},
  volume={51},
  pages={135--148},
  year={2015},
  publisher={Elsevier}
}

@article{mo2015physical,
  title={Physical authentication of control systems: Designing watermarked control inputs to detect counterfeit sensor outputs},
  author={Mo, Yilin and Weerakkody, Sean and Sinopoli, Bruno},
  journal={IEEE Control Systems Magazine},
  volume={35},
  number={1},
  pages={93--109},
  year={2015},
  publisher={IEEE}
}

@article{griffioen2020moving,
  title={A moving target defense for securing cyber-physical systems},
  author={Griffioen, Paul and Weerakkody, Sean and Sinopoli, Bruno},
  journal={IEEE Transactions on Automatic Control},
  volume={66},
  number={5},
  pages={2016--2031},
  year={2020},
  publisher={IEEE}
}
@misc{grant2014cvx,
  title={CVX: Matlab software for disciplined convex programming, version 2.1},
  author={Grant, Michael and Boyd, Stephen},
  year={2014}
}
@inproceedings{lofberg2004yalmip,
  title={YALMIP: A toolbox for modeling and optimization in MATLAB},
  author={Lofberg, Johan},
  booktitle={2004 IEEE {I}nternational {C}onference on {R}obotics and {A}utomation (IEEE Cat. No. 04CH37508)},
  pages={284--289},
  year={2004},
  organization={IEEE}
}

@book{chen1984linear,
  title={Linear system theory and design},
  author={Chen, Chi-Tsong},
  year={1984},
  publisher={Saunders college publishing}
}

@article{miao2016coding,
  title={Coding schemes for securing cyber-physical systems against stealthy data injection attacks},
  author={Miao, Fei and Zhu, Quanyan and Pajic, Miroslav and Pappas, George J},
  journal={IEEE Transactions on Control of Network Systems},
  volume={4},
  number={1},
  pages={106--117},
  year={2016},
  publisher={IEEE}
}

@article{toh2012implementation,
  title={On the implementation and usage of SDPT3--a Matlab software package for semidefinite-quadratic-linear programming, version 4.0},
  author={Toh, Kim-Chuan and Todd, Michael J and T{\"u}t{\"u}nc{\"u}, Reha H},
  journal={Handbook on semidefinite, conic and polynomial optimization},
  pages={715--754},
  year={2012},
  publisher={Springer}
}