@article{abdalmoaty2023privacy,
  title={Privacy and Security in Network Controlled Systems via Dynamic Masking},
  author={Abdalmoaty, Mohamed Rasheed and Anand, Sribalaji C and Teixeira, Andr{\'e} MH},
  journal={IFAC-PapersOnLine},
  volume={56},
  number={2},
  pages={991--996},
  year={2023},
  publisher={Elsevier}
}

@article{alisic2023model,
  title={Model-free undetectable attacks on linear systems using LWE-based encryption},
  author={Alisic, Rijad and Kim, Junsoo and Sandberg, Henrik},
  journal={IEEE Control Systems Letters},
  volume={7},
  pages={1249--1254},
  year={2023},
  publisher={IEEE}
}

@article{darup2021encrypted,
  title={Encrypted control for networked systems: An illustrative introduction and current challenges},
  author={Darup, Moritz Schulze and Alexandru, Andreea B and Quevedo, Daniel E and Pappas, George J},
  journal={IEEE Control Systems Magazine},
  volume={41},
  number={3},
  pages={58--78},
  year={2021},
  publisher={IEEE}
}

@inproceedings{escudero2023safety,
  title={Safety-preserving filters against stealthy sensor and actuator attacks},
  author={Escudero, C{\'e}dric and Murguia, Carlos and Massioni, Paolo and Zama{\"\i}, Eric},
  booktitle={2023 62nd IEEE Conference on Decision and Control (CDC)},
  pages={5097--5104},
  year={2023},
  organization={IEEE}
}

@inproceedings{fang2019two,
  title={Two-way coding in control systems under injection attacks: From attack detection to attack correction},
  author={Fang, Song and Johansson, Karl Henrik and Skoglund, Mikael and Sandberg, Henrik and Ishii, Hideaki},
  booktitle={Proceedings of the 10th ACM/IEEE International Conference on Cyber-Physical Systems},
  pages={141--150},
  year={2019}
}

@ARTICLE{ferrari2020switching, 
author={Ferrari, Riccardo M. G. and Teixeira, Andr√© M. H.},  
journal={IEEE Transactions on Automatic Control},   
title={A Switching Multiplicative Watermarking Scheme for Detection of Stealthy Cyber-Attacks},   
year={2021},  
volume={66},  
number={6},  
pages={2558-2573},  
doi={10.1109/TAC.2020.3013850}}

@article{griffioen2020moving,
  title={A moving target defense for securing cyber-physical systems},
  author={Griffioen, Paul and Weerakkody, Sean and Sinopoli, Bruno},
  journal={IEEE Transactions on Automatic Control},
  volume={66},
  number={5},
  pages={2016--2031},
  year={2020},
  publisher={IEEE}
}

@article{hashemi2022codesign,
  title={Codesign for resilience and performance},
  author={Hashemi, Navid and Ruths, Justin},
  journal={IEEE Transactions on Control of Network Systems},
  volume={10},
  number={3},
  pages={1387--1399},
  year={2022},
  publisher={IEEE}
}

@article{mo2015physical,
  title={Physical authentication of control systems: Designing watermarked control inputs to detect counterfeit sensor outputs},
  author={Mo, Yilin and Weerakkody, Sean and Sinopoli, Bruno},
  journal={IEEE Control Systems Magazine},
  volume={35},
  number={1},
  pages={93--109},
  year={2015},
  publisher={IEEE}
}

@inproceedings{mukherjee2021secure,
  title={A secure learning control strategy via dynamic camouflaging for unknown dynamical systems under attacks},
  author={Mukherjee, Sayak and Adetola, Veronica},
  booktitle={2021 IEEE Conference on Control Technology and Applications (CCTA)},
  pages={905--910},
  year={2021},
  organization={IEEE}
}

@article{murguia2020security,
  title={Security metrics and synthesis of secure control systems},
  author={Murguia, Carlos and Shames, Iman and Ruths, Justin and Ne{\v{s}}i{\'c}, Dragan},
  journal={Automatica},
  volume={115},
  pages={108757},
  year={2020},
  publisher={Elsevier}
}

@article{ramos2024privacy,
  title={Privacy Preserving Average Consensus Through Network Augmentation},
  author={Ramos, Guilherme and Aguiarz, A Pedro and Karx, Soummya and Pequito, S{\'e}rgio},
  journal={IEEE Transactions on Automatic Control},
  year={2024},
  publisher={IEEE}
}

@article{stabile2024verifiable,
  title={A Verifiable Computing Scheme for Encrypted Control Systems},
  author={Stabile, Francesca and Lucia, Walter and Youssef, Amr and Franz{\`e}, Giuseppe},
  journal={IEEE Control Systems Letters},
  year={2024},
  publisher={IEEE}
}

@article{zhu2023detection,
  title={Detection-performance tradeoff for watermarking in industrial control systems},
  author={Zhu, Hengye and Liu, Mengxiang and Fang, Chongrong and Deng, Ruilong and Cheng, Peng},
  journal={IEEE Transactions on Information Forensics and Security},
  volume={18},
  pages={2780--2793},
  year={2023},
  publisher={IEEE}
}

