@article{xu2023DecoupleSqueeze,
  title={Spatiotemporal Decouple-and-Squeeze Contrastive Learning for Semisupervised Skeleton-Based Action Recognition},
  author={Xu, Binqian and Shu, Xiangbo and Zhang, Jiachao and Dai, Guangzhao and Song, Yan},
  journal={IEEE Trans. Neural Netw. Learn. Syst.},
  year={2023},
  publisher={IEEE}
}

@article{xu2023polymerization,
  title={Pyramid self-attention polymerization learning for semi-supervised skeleton-based action recognition},
  author={Xu, Binqian and Shu, Xiangbo},
  journal={arXiv preprint arXiv:2302.02327},
  year={2023}
}

@article{shu2022anchor-contrastive,
  title={Multi-granularity anchor-contrastive representation learning for semi-supervised skeleton-based action recognition},
  author={Shu, Xiangbo and Xu, Binqian and Zhang, Liyan and Tang, Jinhui},
  journal={IEEE Trans. Pattern Anal. Mach. Intell.},
  year={2022},
  publisher={IEEE}
}

@article{li2021temporalpyramid,
  title={Temporal pyramid network with spatial-temporal attention for pedestrian trajectory prediction},
  author={Li, Yuanman and Liang, Rongqin and Wei, Wei and Wang, Wei and Zhou, Jiantao and Li, Xia},
  journal={IEEE Trans. Netw. Sci. Eng.},
  volume={9},
  number={3},
  pages={1006--1019},
  year={2021},
  publisher={IEEE}
}

@article{xu2022xinvariant,
  title={X-invariant contrastive augmentation and representation learning for semi-supervised skeleton-based action recognition},
  author={Xu, Binqian and Shu, Xiangbo and Song, Yan},
  journal={IEEE Trans. Image Process.},
  volume={31},
  pages={3852--3867},
  year={2022},
  publisher={IEEE}
}

@inproceedings{qiao20222ggcn,
    title={Geometric Features Informed Multi-person Human-object Interaction Recognition in Videos},
    author={Qiao, Tanqiu and Men, Qianhui and Li, Frederick W. B. and Kubotani, Yoshiki and Morishima, Shigeo and Shum, Hubert P. H.},
    booktitle={Proc. Eur. Conf. Comput. Vis.},
    year={2022}
}



@inproceedings{Alexandre2016lstm,
  title={Social lstm: Human trajectory prediction in crowded spaces},
  author={Alahi, Alexandre and Goel, Kratarth and Ramanathan, Vignesh and Robicquet, Alexandre and Fei-Fei, Li and Savarese, Silvio},
  booktitle={Proc. IEEE/CVF Conf. Comput. Vis. Pattern Recognit.},
  pages={961--971},
  year={2016}
}

@inproceedings{shi2021sgcn,
  title={SGCN: Sparse graph convolution network for pedestrian trajectory prediction},
  author={Shi, Liushuai and Wang, Le and Long, Chengjiang and Zhou, Sanping and Zhou, Mo and Niu, Zhenxing and Hua, Gang},
  booktitle={Proc. IEEE/CVF Conf. Comput. Vis. Pattern Recognit.},
  pages={8994--9003},
  year={2021}
}

@article{yang2024TP-EGT,
  title={A Multi-Task Learning Network With a Collision-Aware Graph Transformer for Traffic-Agents Trajectory Prediction},
  author={Yang, Biao and Fan, Fucheng and Ni, Rongrong and Wang, Hai and Jafaripournimchahi, Ammar and Hu, Hongyu},
  journal={IEEE Trans. Intell. Transp. Syst.},
  year={2024},
  publisher={IEEE}
}

@article{li2024MFAN,
  title={MFAN: Mixing Feature Attention Network for trajectory prediction},
  author={Li, Jingzhong and Yang, Lin and Chen, Yuxuan and Jin, Yue},
  journal={Pattern Recognition},
  volume={146},
  pages={109997},
  year={2024},
  publisher={Elsevier}
}

@article{xu2024DYNAMICGROUP,
  title={Dynamic-group-aware networks for multi-agent trajectory prediction with relational reasoning},
  author={Xu, Chenxin and Wei, Yuxi and Tang, Bohan and Yin, Sheng and Zhang, Ya and Chen, Siheng and Wang, Yanfeng},
  journal={Neural Networks},
  volume={170},
  pages={564--577},
  year={2024},
  publisher={Elsevier}
}


@article{marchetti2024smemo,
  title={Smemo: social memory for trajectory forecasting},
  author={Marchetti, Francesco and Becattini, Federico and Seidenari, Lorenzo and Del Bimbo, Alberto},
  journal={IEEE Trans. Pattern Anal. Mach. Intell.},
  year={2024},
  publisher={IEEE}
}

@article{azadani2023capha,
  title={CAPHA: A Novel Context-Aware Behavior Prediction System of Heterogeneous Agents for Autonomous Vehicles},
  author={Azadani, Mozhgan Nasr and Boukerche, Azzedine},
  journal={IEEE Trans. Veh. Technol},
  year={2023},
  publisher={IEEE}
}


@ARTICLE{du2024SFEM-GCN,
  author={Du, Quancheng and Wang, Xiao and Yin, Shouguo and Li, Lingxi and Ning, Huansheng},
  journal={IEEE Trans. Intell. Veh.}, 
  title={Social Force Embedded Mixed Graph Convolutional Network for Multi-class Trajectory Prediction}, 
  year={2024},
  volume={},
  number={},
  pages={1-11},}

@inproceedings{dong2023sparse,
  title={Sparse Instance Conditioned Multimodal Trajectory Prediction},
  author={Dong, Yonghao and Wang, Le and Zhou, Sanping and Hua, Gang},
  booktitle={Proc. IEEE/CVF Int. Conf. Comput. Vis.},
  pages={9763--9772},
  year={2023}
}


@inproceedings{Mohamed2020socialstgcnn,
  title={Social-stgcnn: A social spatio-temporal graph convolutional neural network for human trajectory prediction},
  author={Mohamed, Abduallah and Qian, Kun and Elhoseiny, Mohamed and Claudel, Christian},
  booktitle={Proc. IEEE/CVF Conf. Comput. Vis. Pattern Recognit.},
  pages={14424--14432},
  year={2020}
}


@article{Junyoung2015VRNN,
  title={A recurrent latent variable model for sequential data},
  author={Chung, Junyoung and Kastner, Kyle and Dinh, Laurent and Goel, Kratarth and Courville, Aaron C and Bengio, Yoshua},
  journal={Proc. Adv. Neu. Inf. Process. Syst.},
  volume={28},
  year={2015}
}

@article{kingma2013VAE,
  title={Auto-encoding variational bayes},
  author={Kingma, Diederik P and Welling, Max},
  journal={arXiv preprint arXiv:1312.6114},
  year={2013}
}

@article{Junyoung2014GRU,
  title={Empirical evaluation of gated recurrent neural networks on sequence modeling},
  author={Chung, Junyoung and Gulcehre, Caglar and Cho, KyungHyun and Bengio, Yoshua},
  journal={arXiv preprint arXiv:1412.3555},
  year={2014}
}

@inproceedings{cuturi2017softdtw,
  title={Soft-dtw: a differentiable loss function for time-series},
  author={Cuturi, Marco and Blondel, Mathieu},
  booktitle={Proc. Int. Conf. Mach. Learn.},
  pages={894--903},
  year={2017},
}



@inproceedings{junyuan2015DEC,
  title={Unsupervised deep embedding for clustering analysis},
  author={Xie, Junyuan and Girshick, Ross and Farhadi, Ali},
  booktitle={Proc. Int. Conf. Mach. Learn.},
  pages={478--487},
  year={2016},
}


@inproceedings{shi2023TUTR,
  title={Trajectory unified transformer for pedestrian trajectory prediction},
  author={Shi, Liushuai and Wang, Le and Zhou, Sanping and Hua, Gang},
  booktitle={Proc. IEEE/CVF Int. Conf. Comput. Vis.},
  pages={9675--9684},
  year={2023}
}


@inproceedings{wu2020motionnet,
author = {Wu, Pengxiang and Chen, Siheng and Metaxas, Dimitris},
year = {2020},
month = {06},
pages = {11382-11392},
title = {MotionNet: Joint Perception and Motion Prediction for Autonomous Driving Based on Birdâ€™s Eye View Maps},
doi = {10.1109/CVPR42600.2020.01140}
}

@article{cui2018multimodalpre,
  author    = {Henggang Cui and
               Vladan Radosavljevic and
               Fang{-}Chieh Chou and
               Tsung{-}Han Lin and
               Thi Nguyen and
               Tzu{-}Kuo Huang and
               Jeff Schneider and
               Nemanja Djuric},
  title     = {Multimodal Trajectory Predictions for Autonomous Driving using Deep
               Convolutional Networks},
  journal   = {CoRR},
  volume    = {abs/1809.10732},
  year      = {2018},
  url       = {http://arxiv.org/abs/1809.10732},
  eprinttype = {arXiv},
  eprint    = {1809.10732},
  timestamp = {Fri, 05 Oct 2018 11:34:52 +0200},
  biburl    = {https://dblp.org/rec/journals/corr/abs-1809-10732.bib},
  bibsource = {dblp computer science bibliography, https://dblp.org}
}

@INPROCEEDINGS{joseph2015yolo,
  author={Redmon, Joseph and Divvala, Santosh and Girshick, Ross and Farhadi, Ali},
  booktitle={Proc. IEEE/CVF Conf. Comput. Vis. Pattern Recognit.}, 
  title={You Only Look Once: Unified, Real-Time Object Detection}, 
  year={2016},
  pages={779-788},
  }

@inproceedings{
kipf2016GCN,
title={Semi-Supervised Classification with Graph Convolutional Networks},
author={Thomas N. Kipf and Max Welling},
booktitle={Proc. Int. Conf. Learn. Represent.},
year={2017},
}


@inproceedings{huang2019stgat,
  title={Stgat: Modeling spatial-temporal interactions for human trajectory prediction},
  author={Huang, Yingfan and Bi, Huikun and Li, Zhaoxin and Mao, Tianlu and Wang, Zhaoqi},
  booktitle={Proc. IEEE/CVF Int. Conf. Comput. Vis.},
  pages={6272--6281},
  year={2019}
}


@inproceedings{pellegrini2009ETH,
  title={You'll never walk alone: Modeling social behavior for multi-target tracking},
  author={Pellegrini, Stefano and Ess, Andreas and Schindler, Konrad and Van Gool, Luc},
  booktitle={Proc. IEEE/CVF Int. Conf. Comput. Vis.},
  pages={261--268},
  year={2009},
  organization={IEEE}
}

@inproceedings{Lerner2007UCY,
  title={Crowds by example},
  author={Lerner, Alon and Chrysanthou, Yiorgos and Lischinski, Dani},
  booktitle={Computer graphics forum},
  volume={26},
  number={3},
  pages={655--664},
  year={2007},
  organization={Wiley Online Library}
}



@article{bai2018TCN,
  author    = {Bai, S. and
               Kolter, J. Z.  and
               Koltun, V.},
  title     = {An Empirical Evaluation of Generic Convolutional and Recurrent Networks for Sequence Modeling},
  journal   = {CoRR},
  volume    = {abs/1803.01271},
  year      = {2018},
  url       = {http://arxiv.org/abs/1803.01271},
  eprinttype = {arXiv},
  eprint    = {1803.01271},
  timestamp = {Mon, 13 Aug 2018 16:47:39 +0200},
  biburl    = {https://dblp.org/rec/journals/corr/abs-1803-01271.bib},
  bibsource = {dblp computer science bibliography, https://dblp.org}
}

@inproceedings{zhao2021ExpTraj,
  title={Where are you heading? dynamic trajectory prediction with expert goal examples},
  author={Zhao, He and Wildes, Richard P},
  booktitle={Proc. IEEE/CVF Int. Conf. Comput. Vis.},
  pages={7629--7638},
  year={2021}
}


@article{Helbing1995sforce,
	doi = {10.1103/physreve.51.4282},
  
	url = {https://doi.org/10.11032Fphysreve.51.4282},
  
	year = 1995,
	month = {may},
  
	publisher = {American Physical Society ({APS})},
  
	volume = {51},
  
	number = {5},
  
	pages = {4282--4286},
  
	author = {Dirk Helbing and P{\'{e}}ter Moln{\'{a}}r},
  
	title = {Social force model for pedestrian dynamics},

	journal = {Physical Review E}
}

@inproceedings{xue2018ss-lstm,
  title={SS-LSTM: A hierarchical LSTM model for pedestrian trajectory prediction},
  author={Xue, Hao and Huynh, Du Q and Reynolds, Mark},
  booktitle={2018 IEEE Winter Conference on Applications of Computer Vision (WACV)},
  pages={1186--1194},
  year={2018},
  organization={IEEE}
}

@inproceedings{rainbow2021semanticStgcnn,
  title={Semantics-STGCNN: A semantics-guided spatial-temporal graph convolutional network for multi-class trajectory prediction},
  author={Rainbow, Ben A and Men, Qianhui and Shum, Hubert PH},
  booktitle={IEEE Int. Conf. Syst. Man Cybern.},
  pages={2959--2966},
  year={2021},
  organization={IEEE}
}


@inproceedings{fang2021UNIN,
  title={Unlimited neighborhood interaction for heterogeneous trajectory prediction},
  author={Zheng, Fang and Wang, Le and Zhou, Sanping and Tang, Wei and Niu, Zhenxing and Zheng, Nanning and Hua, Gang},
  booktitle={Proc. IEEE/CVF Int. Conf. Comput. Vis.},
  pages={13168--13177},
  year={2021}
}

@inproceedings{ruochen2022multiclassSGCN,
  title={Multiclass-SGCN: Sparse Graph-Based Trajectory Prediction with Agent Class Embedding},
  author={Li, Ruochen and Katsigiannis, Stamos and Shum, Hubert PH},
  booktitle={IEEE Int. Conf. Image Process.},
  pages={2346--2350},
  year={2022},
  organization={IEEE}
}

@inproceedings{Robicquet2016SDD,
  title={Learning social etiquette: Human trajectory understanding in crowded scenes},
  author={Robicquet, Alexandre and Sadeghian, Amir and Alahi, Alexandre and Savarese, Silvio},
  booktitle={Proc. Eur. Conf. Comput. Vis.},
  pages={549--565},
  year={2016},
}

@article{Jang2016gumbelsoftmax,
  title={Categorical reparameterization with gumbel-softmax},
  author={Jang, Eric and Gu, Shixiang and Poole, Ben},
  journal={arXiv preprint arXiv:1611.01144},
  year={2016}
}





@article{Yoshua2013STE,
  author    = {Yoshua Bengio and
               Nicholas L{\'{e}}onard and
               Aaron C. Courville},
  title     = {Estimating or Propagating Gradients Through Stochastic Neurons for
               Conditional Computation},
  journal   = {CoRR},
  volume    = {abs/1308.3432},
  year      = {2013},
  url       = {http://arxiv.org/abs/1308.3432},
  eprinttype = {arXiv},
  eprint    = {1308.3432},
  timestamp = {Mon, 13 Aug 2018 16:47:35 +0200},
  biburl    = {https://dblp.org/rec/journals/corr/BengioLC13.bib},
  bibsource = {dblp computer science bibliography, https://dblp.org}
}
 
@article{vaswani2017transformer,
  title={Attention is all you need},
  author={Vaswani, Ashish and Shazeer, Noam and Parmar, Niki and Uszkoreit, Jakob and Jones, Llion and Gomez, Aidan N and Kaiser, {\L}ukasz and Polosukhin, Illia},
  journal={Proc. Adv. Neu. Inf. Process. Syst.},
  volume={30},
  year={2017}
}




@article{luo2018porca,
  title={Porca: Modeling and planning for autonomous driving among many pedestrians},
  author={Luo, Yuanfu and Cai, Panpan and Bera, Aniket and Hsu, David and Lee, Wee Sun and Manocha, Dinesh},
  journal={IEEE Robot. Autom. Lett.},
  volume={3},
  number={4},
  pages={3418--3425},
  year={2018},
  publisher={IEEE}
}

@inproceedings{mohamed2022socialimplicit,
  title={Social-implicit: Rethinking trajectory prediction evaluation and the effectiveness of implicit maximum likelihood estimation},
  author={Mohamed, Abduallah and Zhu, Deyao and Vu, Warren and Elhoseiny, Mohamed and Claudel, Christian},
  booktitle={Proc. Eur. Conf. Comput. Vis.},
  pages={463--479},
  year={2022},
}

@inproceedings{junwei2020multiverse,
  title={The garden of forking paths: Towards multi-future trajectory prediction},
  author={Liang, Junwei and Jiang, Lu and Murphy, Kevin and Yu, Ting and Hauptmann, Alexander},
  booktitle={Proc. IEEE/CVF Conf. Comput. Vis. Pattern Recognit.},
  pages={10508--10518},
  year={2020}
}


@inproceedings{tianyang2019MATF,
  title={Multi-agent tensor fusion for contextual trajectory prediction},
  author={Zhao, Tianyang and Xu, Yifei and Monfort, Mathew and Choi, Wongun and Baker, Chris and Zhao, Yibiao and Wang, Yizhou and Wu, Ying Nian},
  booktitle={Proc. IEEE/CVF Conf. Comput. Vis. Pattern Recognit.},
  pages={12126--12134},
  year={2019}
}



@inproceedings{mingfang2019argoverse,
  title={Argoverse: 3d tracking and forecasting with rich maps},
  author={Chang, Ming-Fang and Lambert, John and Sangkloy, Patsorn and Singh, Jagjeet and Bak, Slawomir and Hartnett, Andrew and Wang, De and Carr, Peter and Lucey, Simon and Ramanan, Deva and others},
  booktitle={Proc. IEEE/CVF Conf. Comput. Vis. Pattern Recognit.},
  pages={8748--8757},
  year={2019}
}


@inproceedings{mangalam2021ynet,
  title={From goals, waypoints \& paths to long term human trajectory forecasting},
  author={Mangalam, Karttikeya and An, Yang and Girase, Harshayu and Malik, Jitendra},
  booktitle={Proc. IEEE/CVF Int. Conf. Comput. Vis.},
  pages={15233--15242},
  year={2021}
}

@inproceedings{pei2022socialVAE,
  title={Socialvae: Human trajectory prediction using timewise latents},
  author={Xu, Pei and Hayet, Jean-Bernard and Karamouzas, Ioannis},
  booktitle={Proc. Eur. Conf. Comput. Vis.},
  pages={511--528},
  year={2022},
}



@inproceedings{jiangbei2022nsp,
  title={Human trajectory prediction via neural social physics},
  author={Yue, Jiangbei and Manocha, Dinesh and Wang, He},
  booktitle={Proc. Eur. Conf. Comput. Vis.},
  pages={376--394},
  year={2022},
}

@inproceedings{Ronen2022DeepDPMDC,
  title={Deepdpm: Deep clustering with an unknown number of clusters},
  author={Ronen, Meitar and Finder, Shahaf E and Freifeld, Oren},
  booktitle={Proc. IEEE/CVF Conf. Comput. Vis. Pattern Recognit.},
  pages={9861--9870},
  year={2022}
}

@article{Xu2022GroupNetMH,
  title={GroupNet: Multiscale Hypergraph Neural Networks for Trajectory Prediction with Relational Reasoning},
  author={Chenxin Xu and Maosen Li and Zhenyang Ni and Ya Zhang and Siheng Chen},
  journal={Proc. IEEE/CVF Conf. Comput. Vis. Pattern Recognit.},
  year={2022},
  pages={6488-6497},
}

@inproceedings{amirian2019socialways,
  title={Social ways: Learning multi-modal distributions of pedestrian trajectories with gans},
  author={Amirian, Javad and Hayet, Jean-Bernard and Pettr{\'e}, Julien},
  booktitle={Proc. IEEE/CVF Conf. Comput. Vis. Pattern Recognit. Workshops},
  pages={0--0},
  year={2019}
}

@inproceedings{monti2021dagnet,
  title={Dag-net: Double attentive graph neural network for trajectory forecasting},
  author={Monti, Alessio and Bertugli, Alessia and Calderara, Simone and Cucchiara, Rita},
  booktitle={Int. Conf. Pattern Recognit.},
  pages={2551--2558},
  year={2021},
  organization={IEEE}
}


@inproceedings{lee2017desire,
  title={Desire: Distant future prediction in dynamic scenes with interacting agents},
  author={Lee, Namhoon and Choi, Wongun and Vernaza, Paul and Choy, Christopher B and Torr, Philip HS and Chandraker, Manmohan},
  booktitle={Proc. IEEE/CVF Conf. Comput. Vis. Pattern Recognit.},
  pages={336--345},
  year={2017}
}

@inproceedings{Rhinehart2018r2p2AR,
  title={R2p2: A reparameterized pushforward policy for diverse, precise generative path forecasting},
  author={Rhinehart, Nicholas and Kitani, Kris M and Vernaza, Paul},
  booktitle={Proc. Eur. Conf. Comput. Vis.},
  pages={772--788},
  year={2018}
}

@inproceedings{Park2020DiverseAA,
  title={Diverse and admissible trajectory forecasting through multimodal context understanding},
  author={Park, Seong Hyeon and Lee, Gyubok and Seo, Jimin and Bhat, Manoj and Kang, Minseok and Francis, Jonathan and Jadhav, Ashwin and Liang, Paul Pu and Morency, Louis-Philippe},
  booktitle={Proc. Eur. Conf. Comput. Vis.},
  pages={282--298},
  year={2020},
}

@article{Tang2019MultipleFP,
  title={Multiple futures prediction},
  author={Tang, Charlie and Salakhutdinov, Russ R},
  journal={Proc. Adv. Neu. Inf. Process. Syst.},
  volume={32},
  year={2019}
}


@article{Becker2018AnEO,
  title={An evaluation of trajectory prediction approaches and notes on the trajnet benchmark},
  author={Becker, Stefan and Hug, Ronny and H{\"u}bner, Wolfgang and Arens, Michael},
  journal={arXiv preprint arXiv:1805.07663},
  year={2018}
}


@inbook{salzmann2020trajectronplusplus,
author = {Salzmann, Tim and Ivanovic, Boris and Chakravarty, Punarjay and Pavone, Marco},
year = {2020},
month = {12},
pages = {683-700},
title = {Trajectron++: Dynamically-Feasible Trajectory Forecasting with Heterogeneous Data},
isbn = {978-3-030-58522-8},
doi = {10.1007/978-3-030-58523-5_40}
}

@article{laurens2008tsne,
  title={Visualizing data using t-SNE.},
  author={Van der Maaten, Laurens and Hinton, Geoffrey},
  journal={J. Mach. Learn. Res.},
  volume={9},
  number={11},
  year={2008}
}


@article{helbing1998socialforce,
  title={Social force model for pedestrian dynamics},
  author={Helbing, Dirk and Molnar, Peter},
  journal={Physical review E},
  volume={51},
  number={5},
  pages={4282},
  year={1995},
  publisher={APS}
}





@inproceedings{surana2014markov,
  title={Bayesian nonparametric inverse reinforcement learning for switched markov decision processes},
  author={Surana, Amit and Srivastava, Kunal},
  booktitle={Proc. of the 13th Int. Conf. Mach. Learn. Appl.},
  pages={47--54},
  year={2014},
  organization={IEEE}
}

@article{wang2008gaussiantraj,
  title={Gaussian process dynamical models for human motion},
  author={Wang, Jack M and Fleet, David J and Hertzmann, Aaron},
  journal={IEEE Trans. Pattern Anal. Mach. Intell.},
  volume={30},
  number={2},
  pages={283--298},
  year={2007},
  publisher={IEEE}
}

@article{HochSchm1997lstm,
  title={Long short-term memory},
  author={Hochreiter, Sepp and Schmidhuber, J{\"u}rgen},
  journal={Neural computation},
  volume={9},
  number={8},
  pages={1735--1780},
  year={1997},
  publisher={MIT press}
}

@inproceedings{gupta2018socialgan,
  title={Social gan: Socially acceptable trajectories with generative adversarial networks},
  author={Gupta, Agrim and Johnson, Justin and Fei-Fei, Li and Savarese, Silvio and Alahi, Alexandre},
  booktitle={Proc. IEEE/CVF Conf. Comput. Vis. Pattern Recognit.},
  pages={2255--2264},
  year={2018}
}


@article{goodfellow2014GAN,
  title={Generative adversarial nets},
  author={Goodfellow, Ian and Pouget-Abadie, Jean and Mirza, Mehdi and Xu, Bing and Warde-Farley, David and Ozair, Sherjil and Courville, Aaron and Bengio, Yoshua},
  journal={Proc. Adv. Neu. Inf. Process. Syst.},
  volume={27},
  year={2014}
}


@inproceedings{ma2019trafficPredict,
  title={Trafficpredict: Trajectory prediction for heterogeneous traffic-agents},
  author={Ma, Yuexin and Zhu, Xinge and Zhang, Sibo and Yang, Ruigang and Wang, Wenping and Manocha, Dinesh},
  booktitle={Proc. AAAI Conf. Art. Intel.},
  volume={33},
  number={01},
  pages={6120--6127},
  year={2019}
}


@inproceedings{ye2021agentformer,
  title={Agentformer: Agent-aware transformers for socio-temporal multi-agent forecasting},
  author={Yuan, Ye and Weng, Xinshuo and Ou, Yanglan and Kitani, Kris M},
  booktitle={Proc. IEEE/CVF Int. Conf. Comput. Vis.},
  pages={9813--9823},
  year={2021}
}


@article{sohn2015CVAE,
  title={Learning structured output representation using deep conditional generative models},
  author={Sohn, Kihyuk and Lee, Honglak and Yan, Xinchen},
  journal={Proc. Adv. Neu. Inf. Process. Syst.},
  volume={28},
  year={2015}
}

@inproceedings{MacQueen1967kmeans,
  title={Some methods for classification and analysis of multivariate observations},
  author={MacQueen, James and others},
  booktitle={Proc. Fifth Berkeley Symp. Math. Statist. Probab.},
  volume={1},
  number={14},
  pages={281--297},
  year={1967},
}

@article{Reynolds2009GMM,
  title={Gaussian mixture models.},
  author={Reynolds, Douglas A and others},
  journal={Encyclopedia of biometrics},
  volume={741},
  number={659-663},
  year={2009},
}


@inproceedings{yang2017DCN,
author = {Yang, Bo and Fu, Xiao and Sidiropoulos, Nicholas D. and Hong, Mingyi},
title = {Towards K-Means-Friendly Spaces: Simultaneous Deep Learning and Clustering},
year = {2017},
booktitle = {Proc. Int. Conf. Mach. Learn.},
pages = {3861â€“3870},
numpages = {10},
}

@article{zhuxi2016VaDE,
  author    = {Zhuxi Jiang and
               Yin Zheng and
               Huachun Tan and
               Bangsheng Tang and
               Hanning Zhou},
  title     = {Variational Deep Embedding: {A} Generative Approach to Clustering},
  journal   = {CoRR},
  volume    = {abs/1611.05148},
  year      = {2016},
  url       = {http://arxiv.org/abs/1611.05148},
  eprinttype = {arXiv},
  eprint    = {1611.05148},
  timestamp = {Mon, 13 Aug 2018 16:47:33 +0200},
  biburl    = {https://dblp.org/rec/journals/corr/jiangZTTZ16.bib},
  bibsource = {dblp computer science bibliography, https://dblp.org}
}


@inproceedings{cunjun2020star,
  title={Spatio-temporal graph transformer networks for pedestrian trajectory prediction},
  author={Yu, Cunjun and Ma, Xiao and Ren, Jiawei and Zhao, Haiyu and Yi, Shuai},
  booktitle={Proc. Eur. Conf. Comput. Vis.},
  pages={507--523},
  year={2020},
}

@article{sai2018DTC,
  title={Deep temporal clustering: Fully unsupervised learning of time-domain features},
  author={Sai Madiraju, Naveen and Sadat, Seid M and Fisher, Dimitry and Karimabadi, Homa},
  journal={arXiv e-prints},
  pages={arXiv--1802},
  year={2018}
}


@article{penghang2019stequan,
  author    = {Penghang Yin and
               Jiancheng Lyu and
               Shuai Zhang and
               Stanley J. Osher and
               Yingyong Qi and
               Jack Xin},
  title     = {Understanding Straight-Through Estimator in Training Activation Quantized
               Neural Nets},
  journal   = {CoRR},
  volume    = {abs/1903.05662},
  year      = {2019},
  url       = {http://arxiv.org/abs/1903.05662},
  eprinttype = {arXiv},
  eprint    = {1903.05662},
  timestamp = {Thu, 14 Oct 2021 09:15:05 +0200},
  biburl    = {https://dblp.org/rec/journals/corr/abs-1903-05662.bib},
  bibsource = {dblp computer science bibliography, https://dblp.org}
}


@article{sakoe1978DTW,
  title={Dynamic programming algorithm optimization for spoken word recognition},
  author={Sakoe, Hiroaki and Chiba, Seibi},
  journal={IEEE transactions on acoustics, speech, and signal processing},
  volume={26},
  number={1},
  pages={43--49},
  year={1978},
  publisher={IEEE}
}


@article{zhao2018shapeDTW,
title = {shapeDTW: Shape Dynamic Time Warping},
journal = {Pattern Recognition},
volume = {74},
pages = {171-184},
year = {2018},
issn = {0031-3203},
author = {Jiaping Zhao and Laurent Itti},
}

@article{xu2022DD,
  title={Trajectory prediction for heterogeneous traffic-agents using knowledge correction data-driven model},
  author={Xu, Xiaofeng and Liu, Wenzhi and Yu, Lean},
  journal={Information Sciences},
  volume={608},
  pages={375--391},
  year={2022},
  publisher={Elsevier}
}




@inproceedings{huikun2019JPKT,
  title={Joint prediction for kinematic trajectories in vehicle-pedestrian-mixed scenes},
  author={Bi, Huikun and Fang, Zhong and Mao, Tianlu and Wang, Zhaoqi and Deng, Zhigang},
  booktitle={Proc. IEEE/CVF Int. Conf. Comput. Vis.},
  pages={10383--10392},
  year={2019}
}


@inproceedings{Tung2020covernet,
  title={Covernet: Multimodal behavior prediction using trajectory sets},
  author={Phan-Minh, Tung and Grigore, Elena Corina and Boulton, Freddy A and Beijbom, Oscar and Wolff, Eric M},
  booktitle={Proc. IEEE/CVF Conf. Comput. Vis. Pattern Recognit.},
  pages={14074--14083},
  year={2020}
}

@article{petar2017GAT,
  title={Graph attention networks},
  author={Velickovic, Petar and Cucurull, Guillem and Casanova, Arantxa and Romero, Adriana and Lio, Pietro and Bengio, Yoshua and others},
  journal={stat},
  volume={1050},
  number={20},
  pages={10--48550},
  year={2017}
}



@inproceedings{david2007kmeanplusplus,
author = {Arthur, David and Vassilvitskii, Sergei},
title = {K-Means++: The Advantages of Careful Seeding},
year = {2007},
isbn = {9780898716245},
publisher = {Society for Industrial and Applied Mathematics},
address = {USA},
pages = {1027â€“1035},
numpages = {9},
location = {New Orleans, Louisiana},
booktitle = {Proceedings of the 18th annual ACM-SIAM symposium on Discrete algorithms (SODA '07)}
}

@article{james1984FCM,
title = {FCM: The fuzzy c-means clustering algorithm},
journal = {Computers \& Geosciences},
volume = {10},
number = {2},
pages = {191-203},
year = {1984},
issn = {0098-3004},
doi = {https://doi.org/10.1016/0098-3004(84)90020-7},
url = {https://www.sciencedirect.com/science/article/pii/0098300484900207},
author = {James C. Bezdek and Robert Ehrlich and William Full},
keywords = {Cluster analysis, Cluster validity, Fuzzy clustering, Fuzzy QMODEL, Least-squared errors},
}

@inproceedings{dhillon2004kernelkmean,
author = {Dhillon, Inderjit S. and Guan, Yuqiang and Kulis, Brian},
title = {Kernel K-Means: Spectral Clustering and Normalized Cuts},
year = {2004},
isbn = {1581138881},
publisher = {Association for Computing Machinery},
address = {New York, NY, USA},
url = {https://doi.org/10.1145/1014052.1014118},
doi = {10.1145/1014052.1014118},
booktitle = {Proceedings of the Tenth ACM SIGKDD International Conference on Knowledge Discovery and Data Mining},
pages = {551â€“556},
numpages = {6},
keywords = {spectral clustering, kernel k-means, graph partitioning},
location = {Seattle, WA, USA},
series = {KDD '04}
}

@article{fard2020deepkmean,
title = {Deep k-Means: Jointly clustering with k-Means and learning representations},
journal = {Pattern Recognition Letters},
volume = {138},
pages = {185-192},
year = {2020},
issn = {0167-8655},
doi = {https://doi.org/10.1016/j.patrec.2020.07.028},
url = {https://www.sciencedirect.com/science/article/pii/S0167865520302749},
author = {Maziar {Moradi Fard} and Thibaut Thonet and Eric Gaussier},
keywords = {Deep clustering, k-Means, Deep learning, Clustering},
}

@InProceedings{guo2017DCEC,
author={Guo, Xifeng
and Liu, Xinwang
and Zhu, En
and Yin, Jianping},
title={Deep Clustering with Convolutional Autoencoders},
booktitle={Neural Information Processing},
year={2017},
pages={373--382},
}

@article{chen2020simCLR,
  author    = {Ting Chen and
               Simon Kornblith and
               Mohammad Norouzi and
               Geoffrey E. Hinton},
  title     = {A Simple Framework for Contrastive Learning of Visual Representations},
  journal   = {CoRR},
  volume    = {abs/2002.05709},
  year      = {2020},
  url       = {https://arxiv.org/abs/2002.05709},
  eprinttype = {arXiv},
  eprint    = {2002.05709},
  timestamp = {Fri, 14 Feb 2020 12:07:41 +0100},
  biburl    = {https://dblp.org/rec/journals/corr/abs-2002-05709.bib},
  bibsource = {dblp computer science bibliography, https://dblp.org}
}


@INPROCEEDINGS{zhou2022Hivt,
  author={Zhou, Zikang and Ye, Luyao and Wang, Jianping and Wu, Kui and Lu, Kejie},
  booktitle={Proc. IEEE/CVF Conf. Comput. Vis. Pattern Recognit.}, 
  title={HiVT: Hierarchical Vector Transformer for Multi-Agent Motion Prediction}, 
  year={2022},
  pages={8813-8823},}

@InProceedings{tsao2022social-ssl,
author={Tsao, Li-Wu
and Wang, Yan-Kai
and Lin, Hao-Siang
and Shuai, Hong-Han
and Wong, Lai-Kuan
and Cheng, Wen-Huang},
title={Social-SSL: Self-supervised Cross-Sequence Representation Learning Based onÂ Transformers forÂ Multi-agent Trajectory Prediction},
booktitle={Proc. Eur. Conf. Comput. Vis.},
year={2022},
pages={234--250},
}


@article{wang2023STSF-Net,
  title={Multi-agent trajectory prediction with spatio-temporal sequence fusion},
  author={Wang, Yu and Chen, Shiwei},
  journal={IEEE Trans. Multimedia},
  year={2021},
  publisher={IEEE}
}


@article{yang2022GTPPO,
  title={A novel graph-based trajectory predictor with pseudo-oracle},
  author={Yang, Biao and Yan, Guocheng and Wang, Pin and Chan, Ching-Yao and Song, Xiang and Chen, Yang},
  journal={IEEE Trans. Neural Netw. Learn. Syst.},
  volume={33},
  number={12},
  pages={7064--7078},
  year={2021},
  publisher={IEEE}
}

@inproceedings{sun2021PCCSNet,
  title={Three steps to multimodal trajectory prediction: Modality clustering, classification and synthesis},
  author={Sun, Jianhua and Li, Yuxuan and Fang, Hao-Shu and Lu, Cewu},
  booktitle={Proc. IEEE/CVF Int. Conf. Comput. Vis.},
  pages={13250--13259},
  year={2021}
}



@inproceedings{mangalam2020PECNet,
  title={It is not the journey but the destination: Endpoint conditioned trajectory prediction},
  author={Mangalam, Karttikeya and Girase, Harshayu and Agarwal, Shreyas and Lee, Kuan-Hui and Adeli, Ehsan and Malik, Jitendra and Gaidon, Adrien},
  booktitle={Proc. Eur. Conf. Comput. Vis.},
  pages={759--776},
  year={2020},
}



@article{chang2023design,
 author={Chang, Ziyi and Koulieris, George Alex and Shum, Hubert P. H.},
 journal={arXiv},
 title={On the Design Fundamentals of Diffusion Models: A Survey},
 year={2023},
 eprint={arXiv:2306.04542},
 archivePrefix={arXiv},
 primaryClass={cs.LG},
}

@inproceedings{gu2022stochastic,
  title={Stochastic trajectory prediction via motion indeterminacy diffusion},
  author={Gu, Tianpei and Chen, Guangyi and Li, Junlong and Lin, Chunze and Rao, Yongming and Zhou, Jie and Lu, Jiwen},
  booktitle={Proc. IEEE/CVF Conf. Comput. Vis. Pattern Recognit.},
  pages={17113--17122},
  year={2022}
}


@inproceedings{mao2023leapfrog,
  title={Leapfrog Diffusion Model for Stochastic Trajectory Prediction},
  author={Mao, Weibo and Xu, Chenxin and Zhu, Qi and Chen, Siheng and Wang, Yanfeng},
  booktitle={Proc. IEEE/CVF Conf. Comput. Vis. Pattern Recognit.},
  pages={5517--5526},
  year={2023}
}

@inproceedings{xu2022memonet,
  title={Remember intentions: Retrospective-memory-based trajectory prediction},
  author={Xu, Chenxin and Mao, Weibo and Zhang, Wenjun and Chen, Siheng},
  booktitle={Proc. IEEE/CVF Conf. Comput. Vis. Pattern Recognit.},
  pages={6488--6497},
  year={2022}
}

@inproceedings{wong2022V2net,
  title={View vertically: A hierarchical network for trajectory prediction via fourier spectrums},
  author={Wong, Conghao and Xia, Beihao and Hong, Ziming and Peng, Qinmu and Yuan, Wei and Cao, Qiong and Yang, Yibo and You, Xinge},
  booktitle={Proc. Eur. Conf. Comput. Vis.},
  pages={682--700},
  year={2022},
}


@article{xue2020poppl,
  title={PoPPL: Pedestrian trajectory prediction by LSTM with automatic route class clustering},
  author={Xue, Hao and Huynh, Du Q and Reynolds, Mark},
  journal={IEEE Trans. Neural Netw. Learn. Syst.},
  volume={32},
  number={1},
  pages={77--90},
  year={2020},
  publisher={IEEE}
}


@article{chandra2019forecasting,
  title={Forecasting trajectory and behavior of road-agents using spectral clustering in graph-lstms},
  author={Chandra, Rohan and Guan, Tianrui and Panuganti, Srujan and Mittal, Trisha and Bhattacharya, Uttaran and Bera, Aniket and Manocha, Dinesh},
  journal={IEEE Robotics and Automation Letters},
  volume={5},
  number={3},
  pages={4882--4890},
  year={2020},
  publisher={IEEE}
}

@article{fernando2018soft+,
  title={Soft+ hardwired attention: An lstm framework for human trajectory prediction and abnormal event detection},
  author={Fernando, Tharindu and Denman, Simon and Sridharan, Sridha and Fookes, Clinton},
  journal={Neural networks},
  volume={108},
  pages={466--478},
  year={2018},
  publisher={Elsevier}
}

@inproceedings{lui2021DDPTP,
  title={Modelling of destinations for data-driven pedestrian trajectory prediction in public buildings},
  author={Lui, Andrew Kwok-Fai and Chan, Yin-Hei and Leung, Man-Fai},
  booktitle={IEEE Int. Conf. Big Data},
  pages={1709--1717},
  year={2021},
  organization={IEEE}
}


@article{lawal2016support,
  title={Support vector motion clustering},
  author={Lawal, Isah A and Poiesi, Fabio and Anguita, Davide and Cavallaro, Andrea},
  journal={IEEE Trans. Circuits Syst. Video Technol.},
  volume={27},
  number={11},
  pages={2395--2408},
  year={2016},
  publisher={IEEE}
}


@inproceedings{ester1996dbscan,
  title={A density-based algorithm for discovering clusters in large spatial databases with noise},
  author={Ester, Martin and Kriegel, Hans-Peter and Sander, J{\"o}rg and Xu, Xiaowei and others},
  booktitle={kdd},
  volume={96},
  number={34},
  pages={226--231},
  year={1996}
}

@article{graves2005bi-LSTM,
  title={Framewise phoneme classification with bidirectional LSTM and other neural network architectures},
  author={Graves, Alex and Schmidhuber, J{\"u}rgen},
  journal={Neural networks},
  volume={18},
  number={5-6},
  pages={602--610},
  year={2005},
  publisher={Elsevier}
}


@inproceedings{xu2023eqmotion,
  title={EqMotion: Equivariant Multi-agent Motion Prediction with Invariant Interaction Reasoning},
  author={Xu, Chenxin and Tan, Robby T and Tan, Yuhong and Chen, Siheng and Wang, Yu Guang and Wang, Xinchao and Wang, Yanfeng},
  booktitle={Proc. IEEE/CVF Conf. Comput. Vis. Pattern Recognit.},
  pages={1410--1420},
  year={2023}
}

@inproceedings{bae2022gpgraph,
  title={Learning pedestrian group representations for multi-modal trajectory prediction},
  author={Bae, Inhwan and Park, Jin-Hwi and Jeon, Hae-Gon},
  booktitle={Proc. Eur. Conf. Comput. Vis.},
  pages={270--289},
  year={2022},
}

@inproceedings{duan2022CAGN,
  title={Complementary attention gated network for pedestrian trajectory prediction},
  author={Duan, Jinghai and Wang, Le and Long, Chengjiang and Zhou, Sanping and Zheng, Fang and Shi, Liushuai and Hua, Gang},
  booktitle={Proc. AAAI Conf. Art. Intel.},
  volume={36},
  number={1},
  pages={542--550},
  year={2022}
}


@inproceedings{bae2023TERN,
  title={A Set of Control Points Conditioned Pedestrian Trajectory Prediction},
  author={Bae, Inhwan and Jeon, Hae-Gon},
  booktitle={Proc. AAAI Conf. Art. Intel.},
  volume={37},
  number={5},
  pages={6155--6165},
  year={2023}
}

@inproceedings{wu2023MSRL,
  title={Multi-Stream Representation Learning for Pedestrian Trajectory Prediction},
  author={Wu, Yuxuan and Wang, Le and Zhou, Sanping and Duan, Jinghai and Hua, Gang and Tang, Wei},
  booktitle={Proc. AAAI Conf. Art. Intel.},
  volume={37},
  number={3},
  pages={2875--2882},
  year={2023}
}

@article{bae2023eigentrajectory,
  title={EigenTrajectory: Low-Rank Descriptors for Multi-Modal Trajectory Forecasting},
  author={Bae, Inhwan and Oh, Jean and Jeon, Hae-Gon},
  journal={arXiv preprint arXiv:2307.09306},
  year={2023}
}

@inproceedings{wang2023fend,
  title={FEND: A Future Enhanced Distribution-Aware Contrastive Learning Framework for Long-tail Trajectory Prediction},
  author={Wang, Yuning and Zhang, Pu and Bai, Lei and Xue, Jianru},
  booktitle={Proc. IEEE/CVF Conf. Comput. Vis. Pattern Recognit.},
  pages={1400--1409},
  year={2023}
}

@article{zhang2023bip-tree,
  title={BIP-Tree: Tree Variant With Behavioral Intention Perception for Heterogeneous Trajectory Prediction},
  author={Zhang, Yuzhen and Guo, Weizhi and Su, Junning and Lv, Pei and Xu, Mingliang},
  journal={IEEE Trans. Intell. Transp. Syst.},
  year={2023},
  publisher={IEEE}
}

@article{fang2023HSG,
  title={Heterogeneous trajectory forecasting via risk and scene graph learning},
  author={Fang, Jianwu and Zhu, Chen and Zhang, Pu and Yu, Hongkai and Xue, Jianru},
  journal={IEEE Trans. Intell. Transp. Syst.},
  year={2023},
  publisher={IEEE}
}

@inproceedings{guo2022end2end-grid,
  title={End-to-end trajectory distribution prediction based on occupancy grid maps},
  author={Guo, Ke and Liu, Wenxi and Pan, Jia},
  booktitle={Proc. IEEE/CVF Conf. Comput. Vis. Pattern Recognit.},
  pages={2242--2251},
  year={2022}
}

@inproceedings{liang2020simaug,
  title={Simaug: Learning robust representations from simulation for trajectory prediction},
  author={Liang, Junwei and Jiang, Lu and Hauptmann, Alexander},
  booktitle={Proc. Eur. Conf. Comput. Vis.},
  pages={275--292},
  year={2020},
}


@ARTICLE{liang2023stglow,
  author={Liang, Rongqin and Li, Yuanman and Zhou, Jiantao and Li, Xia},
  journal={IEEE Trans. Neural Netw. Learn. Syst.}, 
  title={STGlow: A Flow-Based Generative Framework With Dual-Graphormer for Pedestrian Trajectory Prediction}, 
  year={2024},
  volume={35},
  number={11},
  pages={16504-16517},}



@article{xiao2022deepplugandplay,
  title={Deep Plug-and-Play Clustering with Unknown Number of Clusters},
  author={Xiao, An and Chen, Hanting and Guo, Tianyu and Zhang, Qinghua and Wang, Yunhe},
  journal={Trans. Mach. Learn. Res.},
  year={2022}
}


@ARTICLE{lv2023ssagcn,
  author={Lv, Pei and Wang, Wentong and Wang, Yunxin and Zhang, Yuzhen and Xu, Mingliang and Xu, Changsheng},
  journal={IEEE Transactions on Neural Networks and Learning Systems}, 
  title={SSAGCN: Social Soft Attention Graph Convolution Network for Pedestrian Trajectory Prediction}, 
  year={2024},
  volume={35},
  number={9},
  pages={11989-12003},
  }



@article{gu2021efficiently,
  title={Efficiently modeling long sequences with structured state spaces},
  author={Gu, Albert and Goel, Karan and R{\'e}, Christopher},
  journal={arXiv preprint arXiv:2111.00396},
  year={2021}
}

@article{gu2023mamba,
  title={Mamba: Linear-time sequence modeling with selective state spaces},
  author={Gu, Albert and Dao, Tri},
  journal={arXiv preprint arXiv:2312.00752},
  year={2023}
}

@ARTICLE{Li2024GuiestEditorial,
  author={Li, Ming and Micheli, Alessio and Wang, Yu Guang and Pan, Shirui and LiÃ³, Pietro and Gnecco, Giorgio Stefano and Sanguineti, Marcello},
  journal={IEEE Trans. Neural Netw. Learn. Syst.}, 
  title={Guest Editorial: Deep Neural Networks for Graphs: Theory, Models, Algorithms, and Applications}, 
  year={2024},
  volume={35},
  number={4},
  pages={4367-4372},
 }

@ARTICLE{Li2024Heterophilous,
  author={Li, Jianfei and Zheng, Ruigang and Feng, Han and Li, Ming and Zhuang, Xiaosheng},
  journal={IEEE Trans. Neural Netw. Learn. Syst.}, 
  title={Permutation Equivariant Graph Framelets for Heterophilous Graph Learning}, 
  year={2024},
  volume={35},
  number={9},
  pages={11634-11648},}

@ARTICLE{zheng2022towardGraphSelf,
  author={Zheng, Yizhen and Jin, Ming and Pan, Shirui and Li, Yuan-Fang and Peng, Hao and Li, Ming and Li, Zhao},
  journal={IEEE Trans. Neural Netw. Learn. Syst.}, 
  title={Toward Graph Self-Supervised Learning With Contrastive Adjusted Zooming}, 
  year={2024},
  volume={35},
  number={7},
  pages={8882-8896},
 }


@ARTICLE{wu2023GraphIncor,
  author={Wu, Di and He, Yi and Luo, Xin},
  journal={IEEE Trans. Emerg. Top. Comput.}, 
  title={A Graph-Incorporated Latent Factor Analysis Model for High-Dimensional and Sparse Data}, 
  year={2023},
  volume={11},
  number={4},
  pages={907-917},
  }


@ARTICLE{yang2023ManiCalibration,
  author={Yang, Weiyi and Li, Shuai and Li, Zhibin and Luo, Xin},
  journal={IEEE Trans. Ind. Inform.}, 
  title={Highly Accurate Manipulator Calibration via Extended Kalman Filter-Incorporated Residual Neural Network}, 
  year={2023},
  volume={19},
  number={11},
  pages={10831-10841},
  }

@ARTICLE{yang2024VibrationControl,
  author={Yang, Weiyi and Li, Shuai and Luo, Xin},
  journal={IEEE/CAA J. Autom. Sin.}, 
  title={Data Driven Vibration Control: A Review}, 
  year={2024},
  volume={11},
  number={9},
  pages={1898-1917},
  }


@ARTICLE{luo2022DirectedNetwork,
  author={Luo, Xin and Wu, Hao and Wang, Zhi and Wang, Jianjun and Meng, Deyu},
  journal={IEEE Trans. Pattern Anal. Mach. Intell.}, 
  title={A Novel Approach to Large-Scale Dynamically Weighted Directed Network Representation}, 
  year={2022},
  volume={44},
  number={12},
  pages={9756-9773},
  }

@ARTICLE{chen2023NVAGT,
  author={Chen, Xiaobo and Zhang, Huanjia and Hu, Yu and Liang, Jun and Wang, Hai},
  journal={IEEE Trans. Veh. Technol}, 
  title={VNAGT: Variational Non-Autoregressive Graph Transformer Network for Multi-Agent Trajectory Prediction}, 
  year={2023},
  volume={72},
  number={10},
  pages={12540-12552},
  }

@inproceedings{zhang2024SMGCN,
  title     = {Sparse Multi-Relational Graph Convolutional Network for Multi-type Object Trajectory Prediction},
  author    = {Zhang, Jianhui and Yao, Jun and Yan, Liqi and Xu, Yanhong and Wang, Zheng},
  booktitle = {Int. Joint Conf. Artif. Intell.},
  pages     = {1697--1705},
  year      = {2024},
}

@ARTICLE{peng2024mrgtraj,
  author={Peng, Yusheng and Zhang, Gaofeng and Shi, Jun and Li, Xiangyu and Zheng, Liping},
  journal={IEEE Trans. Circuits Syst. Video Technol.}, 
  title={MRGTraj: A Novel Non-Autoregressive Approach for Human Trajectory Prediction}, 
  year={2024},
  volume={34},
  number={4},
  pages={2318-2331},
  }

@inproceedings{wang2024pedestrianICRA,
  title={Pedestrian Trajectory Prediction Using Dynamics-based Deep Learning},
  author={Wang, Honghui and Zhi, Weiming and Batista, Gustavo and Chandra, Rohitash},
  booktitle={2024 IEEE International Conference on Robotics and Automation (ICRA)},
  pages={15068--15075},
  year={2024},
  organization={IEEE}
}

@inproceedings{bae2024singulartrajectory,
  title={SingularTrajectory: Universal Trajectory Predictor Using Diffusion Model},
  author={Bae, Inhwan and Park, Young-Jae and Jeon, Hae-Gon},
  booktitle={Proc. IEEE Conf. Comput. Vis. Pattern Recognit.},
  pages={17890--17901},
  year={2024}
}

@inproceedings{lin2024progressivePPT,
  title={Progressive pretext task learning for human trajectory prediction},
  author={Lin, Xiaotong and Liang, Tianming and Lai, Jianhuang and Hu, Jian-Fang},
  booktitle={Proc. Eur. Conf. Comput. Vis.},
  pages={197--214},
  year={2024},
}


@inproceedings{kim2024higher,
  title={Higher-order Relational Reasoning for Pedestrian Trajectory Prediction},
  author={Kim, Sungjune and Chi, Hyung-gun and Lim, Hyerin and Ramani, Karthik and Kim, Jinkyu and Kim, Sangpil},
  booktitle={Proc. IEEE Conf. Comput. Vis. Pattern Recognit.},
  pages={15251--15260},
  year={2024}
}

@article{chen2024wtgcn,
  title={WTGCN: wavelet transform graph convolution network for pedestrian trajectory prediction},
  author={Chen, Wangxing and Sang, Haifeng and Wang, Jinyu and Zhao, Zishan},
  journal={Int. J. Mach. Learn. Cybern.},
  pages={1--18},
  year={2024},
}

@article{chen2024stigcn,
  title={STIGCN: spatial--temporal interaction-aware graph convolution network for pedestrian trajectory prediction},
  author={Chen, Wangxing and Sang, Haifeng and Wang, Jinyu and Zhao, Zishan},
  journal={The Journal of Supercomputing},
  volume={80},
  number={8},
  pages={10695--10719},
  year={2024},
}


@article{CHEN2025104862,
title = {IGGCN: Individual-guided graph convolution network for pedestrian trajectory prediction},
journal = {Digital Signal Processing},
volume = {156},
pages = {104862},
year = {2025},
issn = {1051-2004},
author = {Wangxing Chen and Haifeng Sang and Jinyu Wang and Zishan Zhao},
}

@ARTICLE{chen2024AEMTP,
  author={Chen, Siyuan and Wang, Jiahai},
  journal={IEEE Trans. Neural Netw. Learn. Syst.},
  title={Heterogeneous Interaction Modeling With Reduced Accumulated Error for Multiagent Trajectory Prediction}, 
  year={2024},
  volume={35},
  number={6},
  pages={8040-8052},
 }


@ARTICLE{li2024GoalOriented,
  author={Li, Ding and Zhang, Qichao and Lu, Shuai and Pan, Yifeng and Zhao, Dongbin},
  journal={IEEE Trans. Neural Netw. Learn. Syst.}, 
  title={Conditional Goal-Oriented Trajectory Prediction for Interacting Vehicles}, 
  year={2024},
  volume={35},
  number={12},
  pages={18758-18770},}
