@inproceedings{Alexandre2016lstm,
  title={Social lstm: Human trajectory prediction in crowded spaces},
  author={Alahi, Alexandre and Goel, Kratarth and Ramanathan, Vignesh and Robicquet, Alexandre and Fei-Fei, Li and Savarese, Silvio},
  booktitle={Proc. IEEE/CVF Conf. Comput. Vis. Pattern Recognit.},
  pages={961--971},
  year={2016}
}

@article{HochSchm1997lstm,
  title={Long short-term memory},
  author={Hochreiter, Sepp and Schmidhuber, J{\"u}rgen},
  journal={Neural computation},
  volume={9},
  number={8},
  pages={1735--1780},
  year={1997},
  publisher={MIT press}
}

@inproceedings{Mohamed2020socialstgcnn,
  title={Social-stgcnn: A social spatio-temporal graph convolutional neural network for human trajectory prediction},
  author={Mohamed, Abduallah and Qian, Kun and Elhoseiny, Mohamed and Claudel, Christian},
  booktitle={Proc. IEEE/CVF Conf. Comput. Vis. Pattern Recognit.},
  pages={14424--14432},
  year={2020}
}

@inproceedings{Tung2020covernet,
  title={Covernet: Multimodal behavior prediction using trajectory sets},
  author={Phan-Minh, Tung and Grigore, Elena Corina and Boulton, Freddy A and Beijbom, Oscar and Wolff, Eric M},
  booktitle={Proc. IEEE/CVF Conf. Comput. Vis. Pattern Recognit.},
  pages={14074--14083},
  year={2020}
}

@article{Xu2022GroupNetMH,
  title={GroupNet: Multiscale Hypergraph Neural Networks for Trajectory Prediction with Relational Reasoning},
  author={Chenxin Xu and Maosen Li and Zhenyang Ni and Ya Zhang and Siheng Chen},
  journal={Proc. IEEE/CVF Conf. Comput. Vis. Pattern Recognit.},
  year={2022},
  pages={6488-6497},
}

@inproceedings{bae2022gpgraph,
  title={Learning pedestrian group representations for multi-modal trajectory prediction},
  author={Bae, Inhwan and Park, Jin-Hwi and Jeon, Hae-Gon},
  booktitle={Proc. Eur. Conf. Comput. Vis.},
  pages={270--289},
  year={2022},
}

@article{chang2023design,
 author={Chang, Ziyi and Koulieris, George Alex and Shum, Hubert P. H.},
 journal={arXiv},
 title={On the Design Fundamentals of Diffusion Models: A Survey},
 year={2023},
 eprint={arXiv:2306.04542},
 archivePrefix={arXiv},
 primaryClass={cs.LG},
}

@ARTICLE{chen2024AEMTP,
  author={Chen, Siyuan and Wang, Jiahai},
  journal={IEEE Trans. Neural Netw. Learn. Syst.},
  title={Heterogeneous Interaction Modeling With Reduced Accumulated Error for Multiagent Trajectory Prediction}, 
  year={2024},
  volume={35},
  number={6},
  pages={8040-8052},
 }

@inproceedings{cunjun2020star,
  title={Spatio-temporal graph transformer networks for pedestrian trajectory prediction},
  author={Yu, Cunjun and Ma, Xiao and Ren, Jiawei and Zhao, Haiyu and Yi, Shuai},
  booktitle={Proc. Eur. Conf. Comput. Vis.},
  pages={507--523},
  year={2020},
}

@inproceedings{fang2021UNIN,
  title={Unlimited neighborhood interaction for heterogeneous trajectory prediction},
  author={Zheng, Fang and Wang, Le and Zhou, Sanping and Tang, Wei and Niu, Zhenxing and Zheng, Nanning and Hua, Gang},
  booktitle={Proc. IEEE/CVF Int. Conf. Comput. Vis.},
  pages={13168--13177},
  year={2021}
}

@article{fang2023HSG,
  title={Heterogeneous trajectory forecasting via risk and scene graph learning},
  author={Fang, Jianwu and Zhu, Chen and Zhang, Pu and Yu, Hongkai and Xue, Jianru},
  journal={IEEE Trans. Intell. Transp. Syst.},
  year={2023},
  publisher={IEEE}
}

@article{fernando2018soft+,
  title={Soft+ hardwired attention: An lstm framework for human trajectory prediction and abnormal event detection},
  author={Fernando, Tharindu and Denman, Simon and Sridharan, Sridha and Fookes, Clinton},
  journal={Neural networks},
  volume={108},
  pages={466--478},
  year={2018},
  publisher={Elsevier}
}

@article{goodfellow2014GAN,
  title={Generative adversarial nets},
  author={Goodfellow, Ian and Pouget-Abadie, Jean and Mirza, Mehdi and Xu, Bing and Warde-Farley, David and Ozair, Sherjil and Courville, Aaron and Bengio, Yoshua},
  journal={Proc. Adv. Neu. Inf. Process. Syst.},
  volume={27},
  year={2014}
}

@inproceedings{gu2022stochastic,
  title={Stochastic trajectory prediction via motion indeterminacy diffusion},
  author={Gu, Tianpei and Chen, Guangyi and Li, Junlong and Lin, Chunze and Rao, Yongming and Zhou, Jie and Lu, Jiwen},
  booktitle={Proc. IEEE/CVF Conf. Comput. Vis. Pattern Recognit.},
  pages={17113--17122},
  year={2022}
}

@inproceedings{guo2022end2end-grid,
  title={End-to-end trajectory distribution prediction based on occupancy grid maps},
  author={Guo, Ke and Liu, Wenxi and Pan, Jia},
  booktitle={Proc. IEEE/CVF Conf. Comput. Vis. Pattern Recognit.},
  pages={2242--2251},
  year={2022}
}

@inproceedings{gupta2018socialgan,
  title={Social gan: Socially acceptable trajectories with generative adversarial networks},
  author={Gupta, Agrim and Johnson, Justin and Fei-Fei, Li and Savarese, Silvio and Alahi, Alexandre},
  booktitle={Proc. IEEE/CVF Conf. Comput. Vis. Pattern Recognit.},
  pages={2255--2264},
  year={2018}
}

@inproceedings{huang2019stgat,
  title={Stgat: Modeling spatial-temporal interactions for human trajectory prediction},
  author={Huang, Yingfan and Bi, Huikun and Li, Zhaoxin and Mao, Tianlu and Wang, Zhaoqi},
  booktitle={Proc. IEEE/CVF Int. Conf. Comput. Vis.},
  pages={6272--6281},
  year={2019}
}

@inproceedings{huikun2019JPKT,
  title={Joint prediction for kinematic trajectories in vehicle-pedestrian-mixed scenes},
  author={Bi, Huikun and Fang, Zhong and Mao, Tianlu and Wang, Zhaoqi and Deng, Zhigang},
  booktitle={Proc. IEEE/CVF Int. Conf. Comput. Vis.},
  pages={10383--10392},
  year={2019}
}

@inproceedings{junyuan2015DEC,
  title={Unsupervised deep embedding for clustering analysis},
  author={Xie, Junyuan and Girshick, Ross and Farhadi, Ali},
  booktitle={Proc. Int. Conf. Mach. Learn.},
  pages={478--487},
  year={2016},
}

@article{lawal2016support,
  title={Support vector motion clustering},
  author={Lawal, Isah A and Poiesi, Fabio and Anguita, Davide and Cavallaro, Andrea},
  journal={IEEE Trans. Circuits Syst. Video Technol.},
  volume={27},
  number={11},
  pages={2395--2408},
  year={2016},
  publisher={IEEE}
}

@inproceedings{lee2017desire,
  title={Desire: Distant future prediction in dynamic scenes with interacting agents},
  author={Lee, Namhoon and Choi, Wongun and Vernaza, Paul and Choy, Christopher B and Torr, Philip HS and Chandraker, Manmohan},
  booktitle={Proc. IEEE/CVF Conf. Comput. Vis. Pattern Recognit.},
  pages={336--345},
  year={2017}
}

@ARTICLE{li2024GoalOriented,
  author={Li, Ding and Zhang, Qichao and Lu, Shuai and Pan, Yifeng and Zhao, Dongbin},
  journal={IEEE Trans. Neural Netw. Learn. Syst.}, 
  title={Conditional Goal-Oriented Trajectory Prediction for Interacting Vehicles}, 
  year={2024},
  volume={35},
  number={12},
  pages={18758-18770},}

@inproceedings{lui2021DDPTP,
  title={Modelling of destinations for data-driven pedestrian trajectory prediction in public buildings},
  author={Lui, Andrew Kwok-Fai and Chan, Yin-Hei and Leung, Man-Fai},
  booktitle={IEEE Int. Conf. Big Data},
  pages={1709--1717},
  year={2021},
  organization={IEEE}
}

@inproceedings{ma2019trafficPredict,
  title={Trafficpredict: Trajectory prediction for heterogeneous traffic-agents},
  author={Ma, Yuexin and Zhu, Xinge and Zhang, Sibo and Yang, Ruigang and Wang, Wenping and Manocha, Dinesh},
  booktitle={Proc. AAAI Conf. Art. Intel.},
  volume={33},
  number={01},
  pages={6120--6127},
  year={2019}
}

@inproceedings{mangalam2020PECNet,
  title={It is not the journey but the destination: Endpoint conditioned trajectory prediction},
  author={Mangalam, Karttikeya and Girase, Harshayu and Agarwal, Shreyas and Lee, Kuan-Hui and Adeli, Ehsan and Malik, Jitendra and Gaidon, Adrien},
  booktitle={Proc. Eur. Conf. Comput. Vis.},
  pages={759--776},
  year={2020},
}

@inproceedings{mangalam2021ynet,
  title={From goals, waypoints \& paths to long term human trajectory forecasting},
  author={Mangalam, Karttikeya and An, Yang and Girase, Harshayu and Malik, Jitendra},
  booktitle={Proc. IEEE/CVF Int. Conf. Comput. Vis.},
  pages={15233--15242},
  year={2021}
}

@inproceedings{mao2023leapfrog,
  title={Leapfrog Diffusion Model for Stochastic Trajectory Prediction},
  author={Mao, Weibo and Xu, Chenxin and Zhu, Qi and Chen, Siheng and Wang, Yanfeng},
  booktitle={Proc. IEEE/CVF Conf. Comput. Vis. Pattern Recognit.},
  pages={5517--5526},
  year={2023}
}

@inproceedings{mohamed2022socialimplicit,
  title={Social-implicit: Rethinking trajectory prediction evaluation and the effectiveness of implicit maximum likelihood estimation},
  author={Mohamed, Abduallah and Zhu, Deyao and Vu, Warren and Elhoseiny, Mohamed and Claudel, Christian},
  booktitle={Proc. Eur. Conf. Comput. Vis.},
  pages={463--479},
  year={2022},
}

@inproceedings{pei2022socialVAE,
  title={Socialvae: Human trajectory prediction using timewise latents},
  author={Xu, Pei and Hayet, Jean-Bernard and Karamouzas, Ioannis},
  booktitle={Proc. Eur. Conf. Comput. Vis.},
  pages={511--528},
  year={2022},
}

@inproceedings{rainbow2021semanticStgcnn,
  title={Semantics-STGCNN: A semantics-guided spatial-temporal graph convolutional network for multi-class trajectory prediction},
  author={Rainbow, Ben A and Men, Qianhui and Shum, Hubert PH},
  booktitle={IEEE Int. Conf. Syst. Man Cybern.},
  pages={2959--2966},
  year={2021},
  organization={IEEE}
}

@inproceedings{ruochen2022multiclassSGCN,
  title={Multiclass-SGCN: Sparse Graph-Based Trajectory Prediction with Agent Class Embedding},
  author={Li, Ruochen and Katsigiannis, Stamos and Shum, Hubert PH},
  booktitle={IEEE Int. Conf. Image Process.},
  pages={2346--2350},
  year={2022},
  organization={IEEE}
}

@inproceedings{shi2021sgcn,
  title={SGCN: Sparse graph convolution network for pedestrian trajectory prediction},
  author={Shi, Liushuai and Wang, Le and Long, Chengjiang and Zhou, Sanping and Zhou, Mo and Niu, Zhenxing and Hua, Gang},
  booktitle={Proc. IEEE/CVF Conf. Comput. Vis. Pattern Recognit.},
  pages={8994--9003},
  year={2021}
}

@article{sohn2015CVAE,
  title={Learning structured output representation using deep conditional generative models},
  author={Sohn, Kihyuk and Lee, Honglak and Yan, Xinchen},
  journal={Proc. Adv. Neu. Inf. Process. Syst.},
  volume={28},
  year={2015}
}

@inproceedings{sun2021PCCSNet,
  title={Three steps to multimodal trajectory prediction: Modality clustering, classification and synthesis},
  author={Sun, Jianhua and Li, Yuxuan and Fang, Hao-Shu and Lu, Cewu},
  booktitle={Proc. IEEE/CVF Int. Conf. Comput. Vis.},
  pages={13250--13259},
  year={2021}
}

@article{vaswani2017transformer,
  title={Attention is all you need},
  author={Vaswani, Ashish and Shazeer, Noam and Parmar, Niki and Uszkoreit, Jakob and Jones, Llion and Gomez, Aidan N and Kaiser, {\L}ukasz and Polosukhin, Illia},
  journal={Proc. Adv. Neu. Inf. Process. Syst.},
  volume={30},
  year={2017}
}

@inproceedings{wang2023fend,
  title={FEND: A Future Enhanced Distribution-Aware Contrastive Learning Framework for Long-tail Trajectory Prediction},
  author={Wang, Yuning and Zhang, Pu and Bai, Lei and Xue, Jianru},
  booktitle={Proc. IEEE/CVF Conf. Comput. Vis. Pattern Recognit.},
  pages={1400--1409},
  year={2023}
}

@inproceedings{wong2022V2net,
  title={View vertically: A hierarchical network for trajectory prediction via fourier spectrums},
  author={Wong, Conghao and Xia, Beihao and Hong, Ziming and Peng, Qinmu and Yuan, Wei and Cao, Qiong and Yang, Yibo and You, Xinge},
  booktitle={Proc. Eur. Conf. Comput. Vis.},
  pages={682--700},
  year={2022},
}

@inproceedings{xu2022memonet,
  title={Remember intentions: Retrospective-memory-based trajectory prediction},
  author={Xu, Chenxin and Mao, Weibo and Zhang, Wenjun and Chen, Siheng},
  booktitle={Proc. IEEE/CVF Conf. Comput. Vis. Pattern Recognit.},
  pages={6488--6497},
  year={2022}
}

@article{xue2020poppl,
  title={PoPPL: Pedestrian trajectory prediction by LSTM with automatic route class clustering},
  author={Xue, Hao and Huynh, Du Q and Reynolds, Mark},
  journal={IEEE Trans. Neural Netw. Learn. Syst.},
  volume={32},
  number={1},
  pages={77--90},
  year={2020},
  publisher={IEEE}
}

@inproceedings{ye2021agentformer,
  title={Agentformer: Agent-aware transformers for socio-temporal multi-agent forecasting},
  author={Yuan, Ye and Weng, Xinshuo and Ou, Yanglan and Kitani, Kris M},
  booktitle={Proc. IEEE/CVF Int. Conf. Comput. Vis.},
  pages={9813--9823},
  year={2021}
}

@inproceedings{zhang2024SMGCN,
  title     = {Sparse Multi-Relational Graph Convolutional Network for Multi-type Object Trajectory Prediction},
  author    = {Zhang, Jianhui and Yao, Jun and Yan, Liqi and Xu, Yanhong and Wang, Zheng},
  booktitle = {Int. Joint Conf. Artif. Intell.},
  pages     = {1697--1705},
  year      = {2024},
}

@inproceedings{zhao2021ExpTraj,
  title={Where are you heading? dynamic trajectory prediction with expert goal examples},
  author={Zhao, He and Wildes, Richard P},
  booktitle={Proc. IEEE/CVF Int. Conf. Comput. Vis.},
  pages={7629--7638},
  year={2021}
}

