@incollection{bertalmio2006pde,
  title={Pde-based image and surface inpainting},
  author={Bertalm{\'\i}o, Marcelo and Caselles, Vicent and Haro, Gloria and Sapiro, Guillermo},
  booktitle={Handbook of Mathematical Models in Computer Vision},
  pages={33--61},
  year={2006},
  publisher={Springer}
}

@inproceedings{cai2022image,
  title={Image multi-inpainting via progressive generative adversarial networks},
  author={Cai, Jiayin and Li, Changlin and Tao, Xin and Tai, Yu-Wing},
  booktitle={Proceedings of the IEEE/CVF conference on computer vision and pattern recognition},
  pages={978--987},
  year={2022}
}

@article{cao2019generative,
  title={Generative adversarial networks model for visible watermark removal},
  author={Cao, Zhiyi and Niu, Shaozhang and Zhang, Jiwei and Wang, Xinyi},
  journal={IET Image Processing},
  volume={13},
  number={10},
  pages={1783--1789},
  year={2019},
  publisher={Wiley Online Library}
}

@inproceedings{cheng2018large,
  title={Large-scale visible watermark detection and removal with deep convolutional networks},
  author={Cheng, Danni and Li, Xiang and Li, Wei-Hong and Lu, Chan and Li, Fake and Zhao, Hua and Zheng, Wei-Shi},
  booktitle={Pattern Recognition and Computer Vision: First Chinese Conference, PRCV 2018, Guangzhou, China, November 23-26, 2018, Proceedings, Part III 1},
  pages={27--40},
  year={2018},
  organization={Springer}
}

@inproceedings{criminisi2003object,
  title={Object removal by exemplar-based inpainting},
  author={Criminisi, Antonio and Perez, Patrick and Toyama, Kentaro},
  booktitle={2003 IEEE Computer Society Conference on Computer Vision and Pattern Recognition, 2003. Proceedings.},
  volume={2},
  pages={II--II},
  year={2003},
  organization={IEEE}
}

@inproceedings{cun2021split,
  title={Split then refine: stacked attention-guided resunets for blind single image visible watermark removal},
  author={Cun, Xiaodong and Pun, Chi-Man},
  booktitle={Proceedings of the AAAI conference on artificial intelligence},
  volume={35},
  pages={1184--1192},
  year={2021}
}

@inproceedings{hertz2019blind,
  title={Blind visual motif removal from a single image},
  author={Hertz, Amir and Fogel, Sharon and Hanocka, Rana and Giryes, Raja and Cohen-Or, Daniel},
  booktitle={Proceedings of the IEEE/CVF Conference on Computer Vision and Pattern Recognition},
  pages={6858--6867},
  year={2019}
}

@article{ho2020denoising,
  title={Denoising diffusion probabilistic models},
  author={Ho, Jonathan and Jain, Ajay and Abbeel, Pieter},
  journal={Advances in neural information processing systems},
  volume={33},
  pages={6840--6851},
  year={2020}
}

@inproceedings{leng2024removing,
  title={Removing Interference and Recovering Content Imaginatively for Visible Watermark Removal},
  author={Leng, Yicheng and Fang, Chaowei and Li, Gen and Fang, Yixiang and Li, Guanbin},
  booktitle={Proceedings of the AAAI Conference on Artificial Intelligence},
  volume={38},
  pages={2983--2990},
  year={2024}
}

@inproceedings{li2019towards,
  title={Towards photo-realistic visible watermark removal with conditional generative adversarial networks},
  author={Li, Xiang and Lu, Chan and Cheng, Danni and Li, Wei-Hong and Cao, Mei and Liu, Bo and Ma, Jiechao and Zheng, Wei-Shi},
  booktitle={Image and Graphics: 10th International Conference, ICIG 2019, Beijing, China, August 23--25, 2019, Proceedings, Part I 10},
  pages={345--356},
  year={2019},
  organization={Springer}
}

@inproceedings{liang2021visible,
  title={Visible watermark removal via self-calibrated localization and background refinement},
  author={Liang, Jing and Niu, Li and Guo, Fengjun and Long, Teng and Zhang, Liqing},
  booktitle={Proceedings of the 29th ACM international conference on multimedia},
  pages={4426--4434},
  year={2021}
}

@inproceedings{liu2021wdnet,
  title={Wdnet: Watermark-decomposition network for visible watermark removal},
  author={Liu, Yang and Zhu, Zhen and Bai, Xiang},
  booktitle={Proceedings of the IEEE/CVF winter conference on applications of computer vision},
  pages={3685--3693},
  year={2021}
}

@inproceedings{nazeri2019edgeconnect,
  title={Edgeconnect: Structure guided image inpainting using edge prediction},
  author={Nazeri, Kamyar and Ng, Eric and Joseph, Tony and Qureshi, Faisal and Ebrahimi, Mehran},
  booktitle={Proceedings of the IEEE/CVF international conference on computer vision workshops},
  pages={0--0},
  year={2019}
}

@inproceedings{pathak2016context,
  title={Context encoders: Feature learning by inpainting},
  author={Pathak, Deepak and Krahenbuhl, Philipp and Donahue, Jeff and Darrell, Trevor and Efros, Alexei A},
  booktitle={Proceedings of the IEEE conference on computer vision and pattern recognition},
  pages={2536--2544},
  year={2016}
}

@misc{rombach2021highresolution,
      title={High-Resolution Image Synthesis with Latent Diffusion Models}, 
      author={Robin Rombach and Andreas Blattmann and Dominik Lorenz and Patrick Esser and Bj√∂rn Ommer},
      year={2021},
      eprint={2112.10752},
      archivePrefix={arXiv},
      primaryClass={cs.CV}
}

@book{schonlieb2015partial,
  title={Partial differential equation methods for image inpainting},
  author={Sch{\"o}nlieb, Carola-Bibiane},
  volume={29},
  year={2015},
  publisher={Cambridge University Press}
}

@inproceedings{sun2023denet,
  title={DENet: disentangled embedding network for visible watermark removal},
  author={Sun, Ruizhou and Su, Yukun and Wu, Qingyao},
  booktitle={Proceedings of the AAAI Conference on Artificial Intelligence},
  volume={37},
  pages={2411--2419},
  year={2023}
}

@article{suvorov2021resolution,
  title={Resolution-robust Large Mask Inpainting with Fourier Convolutions},
  author={Suvorov, Roman and Logacheva, Elizaveta and Mashikhin, Anton and Remizova, Anastasia and Ashukha, Arsenii and Silvestrov, Aleksei and Kong, Naejin and Goka, Harshith and Park, Kiwoong and Lempitsky, Victor},
  journal={arXiv preprint arXiv:2109.07161},
  year={2021}
}

