% Traditional Methods
@article{yu2002watermark,
  title={Watermark detection and extraction using independent component analysis method},
  author={Yu, Dan and Sattar, Farook and Ma, Kai-Kuang},
  journal={EURASIP Journal on Advances in Signal Processing},
  volume={2002},
  pages={1--13},
  year={2002},
  publisher={Springer}
}

@article{murillo2007independent,
  title={Independent component analysis in the blind watermarking of digital images},
  author={Murillo-Fuentes, Juan Jos{\'e}},
  journal={Neurocomputing},
  volume={70},
  number={16-18},
  pages={2881--2890},
  year={2007},
  publisher={Elsevier}
}

@article{thirugnanam2010wavelet,
  title={Wavelet Packet based Robust Digital Image Watermarking and Extraction using Independent Component Analysis.},
  author={Thirugnanam, G and Arulselvi, S},
  journal={International Journal of Signal \& Image Processing},
  volume={1},
  number={2},
  year={2010}
}

@inproceedings{gonzalez2001independent,
  title={Independent component analysis applied to digital image watermarking},
  author={Gonz{\'a}lez-Serrano, Francisco Javier and Molina-Bulla, Harold Y and Murillo-Fuentes, Juan Jos{\'e}},
  booktitle={2001 IEEE International Conference on Acoustics, Speech, and Signal Processing. Proceedings (Cat. No. 01CH37221)},
  volume={3},
  pages={1997--2000},
  year={2001},
  organization={IEEE}
}

@inproceedings{malik2005improved,
  title={Improved watermark detection for spread-spectrum based watermarking using independent component analysis},
  author={Malik, Hafiz and Khokhar, Ashfaq and Ansari, Rashid},
  booktitle={Proceedings of the 5th ACM workshop on Digital rights management},
  pages={102--111},
  year={2005}
}

% deep learning approaches

@inproceedings{cheng2018large,
  title={Large-scale visible watermark detection and removal with deep convolutional networks},
  author={Cheng, Danni and Li, Xiang and Li, Wei-Hong and Lu, Chan and Li, Fake and Zhao, Hua and Zheng, Wei-Shi},
  booktitle={Pattern Recognition and Computer Vision: First Chinese Conference, PRCV 2018, Guangzhou, China, November 23-26, 2018, Proceedings, Part III 1},
  pages={27--40},
  year={2018},
  organization={Springer}
}

@article{cao2019generative,
  title={Generative adversarial networks model for visible watermark removal},
  author={Cao, Zhiyi and Niu, Shaozhang and Zhang, Jiwei and Wang, Xinyi},
  journal={IET Image Processing},
  volume={13},
  number={10},
  pages={1783--1789},
  year={2019},
  publisher={Wiley Online Library}
}


@inproceedings{li2019towards,
  title={Towards photo-realistic visible watermark removal with conditional generative adversarial networks},
  author={Li, Xiang and Lu, Chan and Cheng, Danni and Li, Wei-Hong and Cao, Mei and Liu, Bo and Ma, Jiechao and Zheng, Wei-Shi},
  booktitle={Image and Graphics: 10th International Conference, ICIG 2019, Beijing, China, August 23--25, 2019, Proceedings, Part I 10},
  pages={345--356},
  year={2019},
  organization={Springer}
}

@inproceedings{hertz2019blind,
  title={Blind visual motif removal from a single image},
  author={Hertz, Amir and Fogel, Sharon and Hanocka, Rana and Giryes, Raja and Cohen-Or, Daniel},
  booktitle={Proceedings of the IEEE/CVF Conference on Computer Vision and Pattern Recognition},
  pages={6858--6867},
  year={2019}
}

@inproceedings{cun2021split,
  title={Split then refine: stacked attention-guided resunets for blind single image visible watermark removal},
  author={Cun, Xiaodong and Pun, Chi-Man},
  booktitle={Proceedings of the AAAI conference on artificial intelligence},
  volume={35},
  pages={1184--1192},
  year={2021}
}

@inproceedings{liang2021visible,
  title={Visible watermark removal via self-calibrated localization and background refinement},
  author={Liang, Jing and Niu, Li and Guo, Fengjun and Long, Teng and Zhang, Liqing},
  booktitle={Proceedings of the 29th ACM international conference on multimedia},
  pages={4426--4434},
  year={2021}
}

@inproceedings{liu2021wdnet,
  title={Wdnet: Watermark-decomposition network for visible watermark removal},
  author={Liu, Yang and Zhu, Zhen and Bai, Xiang},
  booktitle={Proceedings of the IEEE/CVF winter conference on applications of computer vision},
  pages={3685--3693},
  year={2021}
}

@inproceedings{sun2023denet,
  title={DENet: disentangled embedding network for visible watermark removal},
  author={Sun, Ruizhou and Su, Yukun and Wu, Qingyao},
  booktitle={Proceedings of the AAAI Conference on Artificial Intelligence},
  volume={37},
  pages={2411--2419},
  year={2023}
}

@article{everingham2015pascal,
  title={The pascal visual object classes challenge: A retrospective},
  author={Everingham, Mark and Eslami, SM Ali and Van Gool, Luc and Williams, Christopher KI and Winn, John and Zisserman, Andrew},
  journal={International journal of computer vision},
  volume={111},
  pages={98--136},
  year={2015},
  publisher={Springer}
}

@inproceedings{deng2009imagenet,
  title={Imagenet: A large-scale hierarchical image database},
  author={Deng, Jia and Dong, Wei and Socher, Richard and Li, Li-Jia and Li, Kai and Fei-Fei, Li},
  booktitle={2009 IEEE conference on computer vision and pattern recognition},
  pages={248--255},
  year={2009},
  organization={Ieee}
}

@article{ravi2024sam2,
  title={SAM 2: Segment Anything in Images and Videos},
  author={Ravi, Nikhila and Gabeur, Valentin and Hu, Yuan-Ting and Hu, Ronghang and Ryali, Chaitanya and Ma, Tengyu and Khedr, Haitham and R{\"a}dle, Roman and Rolland, Chloe and Gustafson, Laura and Mintun, Eric and Pan, Junting and Alwala, Kalyan Vasudev and Carion, Nicolas and Wu, Chao-Yuan and Girshick, Ross and Doll{\'a}r, Piotr and Feichtenhofer, Christoph},
  journal={arXiv preprint arXiv:2408.00714},
  url={https://arxiv.org/abs/2408.00714},
  year={2024}
}


@article{liu2023grounding,
  title={Grounding dino: Marrying dino with grounded pre-training for open-set object detection},
  author={Liu, Shilong and Zeng, Zhaoyang and Ren, Tianhe and Li, Feng and Zhang, Hao and Yang, Jie and Li, Chunyuan and Yang, Jianwei and Su, Hang and Zhu, Jun and others},
  journal={arXiv preprint arXiv:2303.05499},
  year={2023}
}


@inproceedings{robinette2023suds,
  title={SUDS: Sanitizing Universal and Dependent Steganography.},
  author={Robinette, Preston K and Wang, Hanchen D and Shehadeh, Nishan and Moyer, Daniel and Johnson, Taylor T},
  booktitle={ECAI},
  pages={1978--1985},
  year={2023}
}

@inproceedings{robinette2024dmsuds,
  author={Robinette, Preston K and Moyer, Daniel and Johnson, Taylor T},
  title={Sanitizing Hidden Information with Diffusion Models},
  booktitle={{ECAI} 2024 - 27th European Conference on Artificial Intelligence},
  series={Frontiers in Artificial Intelligence and Applications},
  volume       = {392},
  pages        = {778--785},
  publisher    = {{IOS} Press},
  year         = {2024},
  url          = {https://doi.org/10.3233/FAIA240562},
  doi          = {10.3233/FAIA240562}
}

@article{zhao2023invisible,
  title={Invisible image watermarks are provably removable using generative ai},
  author={Zhao, Xuandong and Zhang, Kexun and Su, Zihao and Vasan, Saastha and Grishchenko, Ilya and Kruegel, Christopher and Vigna, Giovanni and Wang, Yu-Xiang and Li, Lei},
  journal={arXiv preprint arXiv:2306.01953},
  year={2023}
}

@inproceedings{Nie2022DiffusionMF,
  title={Diffusion Models for Adversarial Purification},
  author={Weili Nie and Brandon Guo and Yujia Huang and Chaowei Xiao and Arash Vahdat and Anima Anandkumar},
  booktitle={International Conference on Machine Learning},
  year={2022},
  url={https://api.semanticscholar.org/CorpusID:248811081}
}

% ------ watermarking general overview
@article{cox2002digital,
  title={Digital Watermarking},
  author={Cox, Ingemar J},
  journal={Press of Morgan Faukmann},
  year={2002}
}

@article{singh2013survey,
  title={A survey of digital watermarking techniques, applications and attacks},
  author={Singh, Prabhishek and Chadha, Ramneet Singh},
  journal={International Journal of Engineering and Innovative Technology (IJEIT)},
  volume={2},
  number={9},
  pages={165--175},
  year={2013}
}

@InProceedings{Dekel_2017_CVPR,
author = {Dekel, Tali and Rubinstein, Michael and Liu, Ce and Freeman, William T.},
title = {On the Effectiveness of Visible Watermarks},
booktitle = {Proceedings of the IEEE Conference on Computer Vision and Pattern Recognition (CVPR)},
month = {July},
year = {2017}
}

@inproceedings{xu2017automatic,
  title={An automatic visible watermark removal technique using image inpainting algorithms},
  author={Xu, Chaoran and Lu, Yao and Zhou, Yuanpin},
  booktitle={2017 4th International Conference on Systems and Informatics (ICSAI)},
  pages={1152--1157},
  year={2017},
  organization={IEEE}
}

@article{qin2018visible,
  title={Visible watermark removal scheme based on reversible data hiding and image inpainting},
  author={Qin, Chuan and He, Zhihong and Yao, Heng and Cao, Fang and Gao, Liping},
  journal={Signal Processing: Image Communication},
  volume={60},
  pages={160--172},
  year={2018},
  publisher={Elsevier}
}

@article{pei2006novel,
  title={A novel image recovery algorithm for visible watermarked images},
  author={Pei, Soo-Chang and Zeng, Yi-Chong},
  journal={IEEE Transactions on information forensics and security},
  volume={1},
  number={4},
  pages={543--550},
  year={2006},
  publisher={IEEE}
}

@article{huang2004attacking,
  title={Attacking visible watermarking schemes},
  author={Huang, Chun-Hsiang and Wu, Ja-Ling},
  journal={IEEE transactions on multimedia},
  volume={6},
  number={1},
  pages={16--30},
  year={2004},
  publisher={IEEE}
}

@inproceedings{leng2024removing,
  title={Removing Interference and Recovering Content Imaginatively for Visible Watermark Removal},
  author={Leng, Yicheng and Fang, Chaowei and Li, Gen and Fang, Yixiang and Li, Guanbin},
  booktitle={Proceedings of the AAAI Conference on Artificial Intelligence},
  volume={38},
  pages={2983--2990},
  year={2024}
}

@incollection{bertalmio2006pde,
  title={Pde-based image and surface inpainting},
  author={Bertalm{\'\i}o, Marcelo and Caselles, Vicent and Haro, Gloria and Sapiro, Guillermo},
  booktitle={Handbook of Mathematical Models in Computer Vision},
  pages={33--61},
  year={2006},
  publisher={Springer}
}

@book{schonlieb2015partial,
  title={Partial differential equation methods for image inpainting},
  author={Sch{\"o}nlieb, Carola-Bibiane},
  volume={29},
  year={2015},
  publisher={Cambridge University Press}
}

@inproceedings{criminisi2003object,
  title={Object removal by exemplar-based inpainting},
  author={Criminisi, Antonio and Perez, Patrick and Toyama, Kentaro},
  booktitle={2003 IEEE Computer Society Conference on Computer Vision and Pattern Recognition, 2003. Proceedings.},
  volume={2},
  pages={II--II},
  year={2003},
  organization={IEEE}
}

@article{ho2020denoising,
  title={Denoising diffusion probabilistic models},
  author={Ho, Jonathan and Jain, Ajay and Abbeel, Pieter},
  journal={Advances in neural information processing systems},
  volume={33},
  pages={6840--6851},
  year={2020}
}

@misc{rombach2021highresolution,
      title={High-Resolution Image Synthesis with Latent Diffusion Models}, 
      author={Robin Rombach and Andreas Blattmann and Dominik Lorenz and Patrick Esser and Björn Ommer},
      year={2021},
      eprint={2112.10752},
      archivePrefix={arXiv},
      primaryClass={cs.CV}
}

@article{suvorov2021resolution,
  title={Resolution-robust Large Mask Inpainting with Fourier Convolutions},
  author={Suvorov, Roman and Logacheva, Elizaveta and Mashikhin, Anton and Remizova, Anastasia and Ashukha, Arsenii and Silvestrov, Aleksei and Kong, Naejin and Goka, Harshith and Park, Kiwoong and Lempitsky, Victor},
  journal={arXiv preprint arXiv:2109.07161},
  year={2021}
}

@inproceedings{pathak2016context,
  title={Context encoders: Feature learning by inpainting},
  author={Pathak, Deepak and Krahenbuhl, Philipp and Donahue, Jeff and Darrell, Trevor and Efros, Alexei A},
  booktitle={Proceedings of the IEEE conference on computer vision and pattern recognition},
  pages={2536--2544},
  year={2016}
}

@inproceedings{nazeri2019edgeconnect,
  title={Edgeconnect: Structure guided image inpainting using edge prediction},
  author={Nazeri, Kamyar and Ng, Eric and Joseph, Tony and Qureshi, Faisal and Ebrahimi, Mehran},
  booktitle={Proceedings of the IEEE/CVF international conference on computer vision workshops},
  pages={0--0},
  year={2019}
}

@inproceedings{cai2022image,
  title={Image multi-inpainting via progressive generative adversarial networks},
  author={Cai, Jiayin and Li, Changlin and Tao, Xin and Tai, Yu-Wing},
  booktitle={Proceedings of the IEEE/CVF conference on computer vision and pattern recognition},
  pages={978--987},
  year={2022}
}