@article{dos2008use,
  title={Use of chaotic sequences in a biologically inspired algorithm for engineering design optimization},
  author={dos Santos Coelho, Leandro and Mariani, Viviana Cocco},
  journal={Expert Systems with Applications},
  volume={34},
  number={3},
  pages={1905--1913},
  year={2008},
  publisher={Elsevier}
}

@article{gao2021adaptive,
  title={Adaptive cuckoo algorithm with multiple search strategies},
  author={Gao, Shuzhi and Gao, Yue and Zhang, Yimin and Li, Tianchi},
  journal={Applied Soft Computing},
  volume={106},
  pages={107181},
  year={2021},
  publisher={Elsevier}
}

@article{li2020influence,
  title={Influence of initialization on the performance of metaheuristic optimizers},
  author={Li, Qian and Liu, San-Yang and Yang, Xin-She},
  journal={Applied Soft Computing},
  volume={91},
  pages={106193},
  year={2020},
  publisher={Elsevier}
}

@article{maaranen2004quasi,
  title={Quasi-random initial population for genetic algorithms},
  author={Maaranen, Heikki and Miettinen, Kaisa and M{\"a}kel{\"a}, Marko M},
  journal={Computers \& Mathematics with Applications},
  volume={47},
  number={12},
  pages={1885--1895},
  year={2004},
  publisher={Elsevier}
}

@article{meng2019multi,
  title={Multi-objective hydropower station operation using an improved cuckoo search algorithm},
  author={Meng, Xuejiao and Chang, Jianxia and Wang, Xuebin and Wang, Yimin},
  journal={Energy},
  volume={168},
  pages={425--439},
  year={2019},
  publisher={Elsevier}
}

@article{salgotra2018new,
  title={New cuckoo search algorithms with enhanced exploration and exploitation properties},
  author={Salgotra, Rohit and Singh, Urvinder and Saha, Sriparna},
  journal={Expert Systems with Applications},
  volume={95},
  pages={384--420},
  year={2018},
  publisher={Elsevier}
}

@article{valian2011improved,
  title={Improved cuckoo search algorithm for global optimization},
  author={Valian, Ehsan and Mohanna, Shahram and Tavakoli, Saeed},
  journal={International Journal of Communications and Information Technology},
  volume={1},
  number={1},
  pages={31--44},
  year={2011},
  publisher={University of Sistan and Baluchestan}
}

@article{yang2013multiobjective,
  title={Multiobjective cuckoo search for design optimization},
  author={Yang, Xin-She and Deb, Suash},
  journal={Computers \& Operations Research},
  volume={40},
  number={6},
  pages={1616--1624},
  year={2013},
  publisher={Elsevier}
}

@article{zhang2020improved,
  title={Improved cuckoo search algorithm and its application to permutation flow shop scheduling problem},
  author={Zhang, Lieping and Yu, Yanlin and Luo, Yingxiong and Zhang, Shenglan},
  journal={Journal of Algorithms \& Computational Technology},
  volume={14},
  pages={1748302620962403},
  year={2020},
  publisher={SAGE Publications Sage UK: London, England}
}

