@article{arjovsky2019invariant,
  title={Invariant risk minimization},
  author={Arjovsky, Martin and Bottou, L{\'e}on and Gulrajani, Ishaan and Lopez-Paz, David},
  journal={arXiv preprint arXiv:1907.02893},
  year={2019}
}

@article{baldock2021deep,
  title={Deep learning through the lens of example difficulty},
  author={Baldock, Robert and Maennel, Hartmut and Neyshabur, Behnam},
  journal={Advances in Neural Information Processing Systems},
  volume={34},
  pages={10876--10889},
  year={2021}
}

@inproceedings{byrd2019effect,
  title={What is the effect of importance weighting in deep learning?},
  author={Byrd, Jonathon and Lipton, Zachary},
  booktitle={International conference on machine learning},
  pages={872--881},
  year={2019},
  organization={PMLR}
}

@article{carlini2019distribution,
  title={Distribution density, tails, and outliers in machine learning: Metrics and applications},
  author={Carlini, Nicholas and Erlingsson, Ulfar and Papernot, Nicolas},
  journal={arXiv preprint arXiv:1910.13427},
  year={2019}
}

@article{cheung2019superposition,
  title={Superposition of many models into one},
  author={Cheung, Brian and Terekhov, Alexander and Chen, Yubei and Agrawal, Pulkit and Olshausen, Bruno},
  journal={Advances in neural information processing systems},
  volume={32},
  year={2019}
}

@article{duchi2021learning,
  title={Learning models with uniform performance via distributionally robust optimization},
  author={Duchi, John C and Namkoong, Hongseok},
  journal={The Annals of Statistics},
  volume={49},
  number={3},
  pages={1378--1406},
  year={2021},
  publisher={Institute of Mathematical Statistics}
}

@article{goel2020model,
  title={Model patching: Closing the subgroup performance gap with data augmentation},
  author={Goel, Karan and Gu, Albert and Li, Yixuan and R{\'e}, Christopher},
  journal={arXiv preprint arXiv:2008.06775},
  year={2020}
}

@article{hameed2024not,
  title={Not Only the Last-Layer Features for Spurious Correlations: All Layer Deep Feature Reweighting},
  author={Hameed, Humza Wajid and Nanfack, Geraldin and Belilovsky, Eugene},
  journal={arXiv preprint arXiv:2409.14637},
  year={2024}
}

@inproceedings{hendel2023context,
  title={In-Context Learning Creates Task Vectors},
  author={Hendel, Roee and Geva, Mor and Globerson, Amir},
  booktitle={Findings of the Association for Computational Linguistics: EMNLP 2023},
  pages={9318--9333},
  year={2023}
}

@inproceedings{jiang2021characterizing,
  title={Characterizing Structural Regularities of Labeled Data in Overparameterized Models},
  author={Jiang, Ziheng and Zhang, Chiyuan and Talwar, Kunal and Mozer, Michael C},
  booktitle={International Conference on Machine Learning},
  pages={5034--5044},
  year={2021},
  organization={PMLR}
}

@inproceedings{kirichenko2022last,
  title={Last Layer Re-Training is Sufficient for Robustness to Spurious Correlations},
  author={Kirichenko, Polina and Izmailov, Pavel and Wilson, Andrew Gordon},
  booktitle={International Conference on Conference on Learning Representations.},
  year={2023}
}

@inproceedings{krueger2021out,
  title={Out-of-distribution generalization via risk extrapolation (rex)},
  author={Krueger, David and Caballero, Ethan and Jacobsen, Joern-Henrik and Zhang, Amy and Binas, Jonathan and Zhang, Dinghuai and Le Priol, Remi and Courville, Aaron},
  booktitle={International conference on machine learning},
  pages={5815--5826},
  year={2021},
  organization={PMLR}
}

@inproceedings{liu2021just,
  title={Just train twice: Improving group robustness without training group information},
  author={Liu, Evan Z and Haghgoo, Behzad and Chen, Annie S and Raghunathan, Aditi and Koh, Pang Wei and Sagawa, Shiori and Liang, Percy and Finn, Chelsea},
  booktitle={International Conference on Machine Learning},
  pages={6781--6792},
  year={2021},
  organization={PMLR}
}

@inproceedings{maini2023can,
  title={Can neural network memorization be localized?},
  author={Maini, Pratyush and Mozer, Michael C and Sedghi, Hanie and Lipton, Zachary C and Kolter, J Zico and Zhang, Chiyuan},
  booktitle={Proceedings of the 40th International Conference on Machine Learning},
  pages={23536--23557},
  year={2023}
}

@article{pezeshki2021gradient,
  title={Gradient starvation: A learning proclivity in neural networks},
  author={Pezeshki, Mohammad and Kaba, Oumar and Bengio, Yoshua and Courville, Aaron C and Precup, Doina and Lajoie, Guillaume},
  journal={Advances in Neural Information Processing Systems},
  volume={34},
  pages={1256--1272},
  year={2021}
}

@article{puli2023don,
  title={Donâ€™t blame dataset shift! shortcut learning due to gradients and cross entropy},
  author={Puli, Aahlad Manas and Zhang, Lily and Wald, Yoav and Ranganath, Rajesh},
  journal={Advances in Neural Information Processing Systems},
  volume={36},
  pages={71874--71910},
  year={2023}
}

@inproceedings{qiu2023simple,
  title={Simple and fast group robustness by automatic feature reweighting},
  author={Qiu, Shikai and Potapczynski, Andres and Izmailov, Pavel and Wilson, Andrew Gordon},
  booktitle={International Conference on Machine Learning},
  pages={28448--28467},
  year={2023},
  organization={PMLR}
}

@inproceedings{sagawa2019distributionally,
  title={Distributionally Robust Neural Networks},
  author={Sagawa, Shiori and Koh, Pang Wei and Hashimoto, Tatsunori B and Liang, Percy},
  booktitle={International Conference on Learning Representations},
  year={2019}
}

@inproceedings{sagawa2020investigation,
  title={An investigation of why overparameterization exacerbates spurious correlations},
  author={Sagawa, Shiori and Raghunathan, Aditi and Koh, Pang Wei and Liang, Percy},
  booktitle={International Conference on Machine Learning},
  pages={8346--8356},
  year={2020},
  organization={PMLR}
}

@inproceedings{stephenson2021geometry,
  title={ON THE GEOMETRY OF GENERALIZATION AND MEMORIZATION IN DEEP NEURAL NETWORKS},
  author={Stephenson, Cory and Padhy, Suchismita and Ganesh, Abhinav and Hui, Yue and Tang, Hanlin and Chung, Sue Yeon},
  booktitle={9th International Conference on Learning Representations, ICLR 2021},
  year={2021}
}

@article{wald2021calibration,
  title={On calibration and out-of-domain generalization},
  author={Wald, Yoav and Feder, Amir and Greenfeld, Daniel and Shalit, Uri},
  journal={Advances in neural information processing systems},
  volume={34},
  pages={2215--2227},
  year={2021}
}

@inproceedings{zenke2017continual,
  title={Continual learning through synaptic intelligence},
  author={Zenke, Friedemann and Poole, Ben and Ganguli, Surya},
  booktitle={International conference on machine learning},
  pages={3987--3995},
  year={2017},
  organization={PMLR}
}

@inproceedings{zhang2022correct,
  title={Correct-N-Contrast: a Contrastive Approach for Improving Robustness to Spurious Correlations},
  author={Zhang, Michael and Sohoni, Nimit S and Zhang, Hongyang R and Finn, Chelsea and Re, Christopher},
  booktitle={International Conference on Machine Learning},
  pages={26484--26516},
  year={2022},
  organization={PMLR}
}

