@article{abdolshah2019multi,
  title={Multi-objective Bayesian optimisation with preferences over objectives},
  author={Abdolshah, Majid and Shilton, Alistair and Rana, Santu and Gupta, Sunil and Venkatesh, Svetha},
  journal={Advances in neural information processing systems},
  volume={32},
  year={2019}
}

@inproceedings{agarwal2022multi,
  title={Multi-objective reinforcement learning with non-linear scalarization},
  author={Agarwal, Mridul and Aggarwal, Vaneet and Lan, Tian},
  booktitle={Proceedings of the 21st International Conference on Autonomous Agents and Multiagent Systems},
  pages={9--17},
  year={2022}
}

@inproceedings{aydeniz2024entropy,
  title={Entropy Seeking Constrained Multiagent Reinforcement Learning},
  author={Aydeniz, Ayhan Alp and Marchesini, Enrico and Amato, Christopher and Tumer, Kagan},
  booktitle={Proceedings of the 23rd International Conference on Autonomous Agents and Multiagent Systems},
  pages={2141--2143},
  year={2024}
}

@inproceedings{bahrani2008collaborative,
  title={Collaborative and context-aware planning},
  author={Bahrani, Ali and Yuan, Jun and Emele, Chukwuemeka David and Masato, Daniele and Norman, Timothy J and Mott, David},
  booktitle={MILCOM 2008-2008 IEEE Military Communications Conference},
  pages={1--7},
  year={2008},
  organization={IEEE}
}

@inproceedings{belakaria2020uncertainty,
  title={Uncertainty-aware search framework for multi-objective Bayesian optimization},
  author={Belakaria, Syrine and Deshwal, Aryan and Jayakodi, Nitthilan Kannappan and Doppa, Janardhan Rao},
  booktitle={Proceedings of the AAAI Conference on Artificial Intelligence},
  volume={34},
  number={06},
  pages={10044--10052},
  year={2020}
}

@article{benjamins2022contextualize,
  title={Contextualize Me--The Case for Context in Reinforcement Learning},
  author={Benjamins, Carolin and Eimer, Theresa and Schubert, Frederik and Mohan, Aditya and D{\"o}hler, Sebastian and Biedenkapp, Andr{\'e} and Rosenhahn, Bodo and Hutter, Frank and Lindauer, Marius},
  journal={arXiv preprint arXiv:2202.04500},
  year={2022}
}

@article{deb2001nonlinear,
  title={Nonlinear goal programming using multi-objective genetic algorithms},
  author={Deb, Kalyanmoy},
  journal={Journal of the Operational Research Society},
  volume={52},
  number={3},
  pages={291--302},
  year={2001},
  publisher={Taylor \& Francis}
}

@article{deb2010efficient,
  title={An efficient and accurate solution methodology for bilevel multi-objective programming problems using a hybrid evolutionary-local-search algorithm},
  author={Deb, Kalyanmoy and Sinha, Ankur},
  journal={Evolutionary computation},
  volume={18},
  number={3},
  pages={403--449},
  year={2010},
  publisher={MIT Press One Rogers Street, Cambridge, MA 02142-1209, USA journals-info~â€¦}
}

@incollection{deb2016multi,
  title={Multi-objective optimization},
  author={Deb, Kalyanmoy and Sindhya, Karthik and Hakanen, Jussi},
  booktitle={Decision sciences},
  pages={161--200},
  year={2016},
  publisher={CRC Press}
}

@inproceedings{hvvezda2018context,
  title={Context-aware route planning for automated warehouses},
  author={Hv{\v{e}}zda, Jakub and Rybeck{\`y}, Tom{\'a}{\v{s}} and Kulich, Miroslav and P{\v{r}}eu{\v{c}}il, Libor},
  booktitle={2018 21st International Conference on Intelligent Transportation Systems (ITSC)},
  pages={2955--2960},
  year={2018},
  organization={IEEE}
}

@inproceedings{kim2023context,
  title={Context-aware planning and environment-aware memory for instruction following embodied agents},
  author={Kim, Byeonghwi and Kim, Jinyeon and Kim, Yuyeong and Min, Cheolhong and Choi, Jonghyun},
  booktitle={Proceedings of the IEEE/CVF International Conference on Computer Vision},
  pages={10936--10946},
  year={2023}
}

@inproceedings{modi2018markov,
  title={Markov decision processes with continuous side information},
  author={Modi, Aditya and Jiang, Nan and Singh, Satinder and Tewari, Ambuj},
  booktitle={Algorithmic Learning Theory},
  pages={597--618},
  year={2018},
  organization={PMLR}
}

@inproceedings{mouaddib2004multi,
  title={Multi-objective decision-theoretic path planning},
  author={Mouaddib, A-I},
  booktitle={IEEE International Conference on Robotics and Automation, 2004. Proceedings. ICRA'04. 2004},
  volume={3},
  pages={2814--2819},
  year={2004},
  organization={IEEE}
}

@inproceedings{nickelson2024redefining,
  title={Redefining the Behavior Space for Multi-Objective MAP-Elites},
  author={Nickelson, Anna and Tumer, Kagan},
  booktitle={Proceedings of the Genetic and Evolutionary Computation Conference Companion},
  pages={355--358},
  year={2024}
}

@InProceedings{pmlr-v119-brown20a,
  title = 	 {Safe Imitation Learning via Fast {B}ayesian Reward Inference from Preferences},
  author =       {Brown, Daniel and Coleman, Russell and Srinivasan, Ravi and Niekum, Scott},
  booktitle = 	 {Proceedings of the 37th International Conference on Machine Learning},
  year = 	 {2020},
  volume = 	 {119},
}

@InProceedings{pmlr-v162-daulton22a,
  title = 	 {Robust Multi-Objective {B}ayesian Optimization Under Input Noise},
  author =       {Daulton, Samuel and Cakmak, Sait and Balandat, Maximilian and Osborne, Michael A. and Zhou, Enlu and Bakshy, Eytan},
  booktitle = 	 {Proceedings of the 39th International Conference on Machine Learning},
  pages = 	 {4831--4866},
  year = 	 {2022},
  volume = 	 {162},
  series = 	 {Proceedings of Machine Learning Research},
  publisher =    {PMLR},
}

@inproceedings{ramachandran2007bayesian,
  title={Bayesian Inverse Reinforcement Learning.},
  author={Ramachandran, Deepak and Amir, Eyal},
  booktitle={IJCAI},
  year={2007}
}

@article{roijers2013survey,
  title={A survey of multi-objective sequential decision-making},
  author={Roijers, Diederik M. and Vamplew, Peter and Whiteson, Shimon and Dazeley, Richard},
  journal={Journal of Artificial Intelligence Research},
  volume={48},
  pages={67--113},
  year={2013}
}

@inproceedings{saisubramanian2021multi,
  title={A multi-objective approach to mitigate negative side effects},
  author={Saisubramanian, Sandhya and Kamar, Ece and Zilberstein, Shlomo},
  booktitle={Proceedings of the twenty-ninth international conference on international joint conferences on artificial intelligence},
  pages={354--361},
  year={2021}
}

@inproceedings{skalse2022lexicographic,
  title={Lexicographic multi-objective reinforcement learning},
  author={Skalse, Joar and Hammond, Lewis and Griffin, Charlie and Abate, Alessandro},
  booktitle={Thirty-First International Joint Conference on Artificial Intelligence (IJCAI)},
  year={2022}
}

@inproceedings{ter2010context,
  title={Context-aware route planning},
  author={Ter Mors, Adriaan W and Witteveen, Cees and Zutt, Jonne and Kuipers, Fernando A},
  booktitle={Multiagent System Technologies: 8th German Conference, MATES 2010, Leipzig, Germany, September 27-29, 2010. Proceedings 8},
  pages={138--149},
  year={2010},
  organization={Springer}
}

@article{ullman2009help,
  title={Help or hinder: Bayesian models of social goal inference},
  author={Ullman, Tomer and Baker, Chris and Macindoe, Owen and Evans, Owain and Goodman, Noah and Tenenbaum, Joshua},
  journal={Advances in neural information processing systems},
  volume={22},
  year={2009}
}

@inproceedings{van2013scalarized,
  title={Scalarized multi-objective reinforcement learning: Novel design techniques},
  author={Van Moffaert, Kristof and Drugan, Madalina M and Now{\'e}, Ann},
  booktitle={2013 IEEE symposium on adaptive dynamic programming and reinforcement learning (ADPRL)},
  pages={191--199},
  year={2013},
  organization={IEEE}
}

@article{wilde2024scalarizing,
  title={Scalarizing Multi-Objective Robot Planning Problems using Weighted Maximization},
  author={Wilde, Nils and Smith, Stephen L and Alonso-Mora, Javier},
  journal={IEEE Robotics and Automation Letters},
  year={2024},
  publisher={IEEE}
}

@inproceedings{wray2015multi,
  title={Multi-objective {MDP}s with conditional lexicographic reward preferences},
  author={Wray, Kyle and Zilberstein, Shlomo and Mouaddib, Abdel-Illah},
  booktitle={},
  volume={29},
  number={1},
  year={2015}
}

@article{yang2019generalized,
  title={A generalized algorithm for multi-objective reinforcement learning and policy adaptation},
  author={Yang, Runzhe and Sun, Xingyuan and Narasimhan, Karthik},
  journal={Advances in neural information processing systems},
  volume={32},
  year={2019}
}

@article{zhi2020online,
  title={Online bayesian goal inference for boundedly rational planning agents},
  author={Zhi-Xuan, Tan and Mann, Jordyn and Silver, Tom and Tenenbaum, Josh and Mansinghka, Vikash},
  journal={Advances in neural information processing systems},
  volume={33},
  pages={19238--19250},
  year={2020}
}

