@article{tekin2018multi,
  title={Multi-objective contextual multi-armed bandit with a dominant objective},
  author={Tekin, Cem and Tur{\u{g}}ay, Eralp},
  journal={IEEE Transactions on Signal Processing},
  volume={66},
  number={14},
  pages={3799--3813},
  year={2018},
  publisher={IEEE}
}
@inproceedings{skalse2022lexicographic,
  title={Lexicographic multi-objective reinforcement learning},
  author={Skalse, Joar and Hammond, Lewis and Griffin, Charlie and Abate, Alessandro},
  booktitle={Thirty-First International Joint Conference on Artificial Intelligence (IJCAI)},
  year={2022}
}
@article{roijers2013survey,
  title={A survey of multi-objective sequential decision-making},
  author={Roijers, Diederik M. and Vamplew, Peter and Whiteson, Shimon and Dazeley, Richard},
  journal={Journal of Artificial Intelligence Research},
  volume={48},
  pages={67--113},
  year={2013}
}

@article{carlin2012bounded,
  title={Bounded rationality in multiagent systems using decentralized metareasoning},
  author={Carlin, Alan and Zilberstein, Shlomo},
  booktitle={Decision Making with Imperfect Decision Makers},
  pages={1--28},
  year={2012},
  publisher={Springer}
}
@inproceedings{wray2016log,
  title={Log-space harmonic function path planning},
  author={Wray, Kyle Hollins and Ruiken, Dirk and Grupen, Roderic A and Zilberstein, Shlomo},
  booktitle={2016 IEEE/RSJ International Conference on Intelligent Robots and Systems (IROS)},
  pages={1511--1516},
  year={2016},
  organization={IEEE}
}
@incollection{SZmetareasoning11,
title = {Metareasoning and Bounded Rationality},
author = {Shlomo Zilberstein},
year = {2011},
booktitle = {Metareasoning: Thinking about Thinking},
pages = {27--40},
publisher = {MIT Press},
address = {Cambridge, MA, USA}
}
@inproceedings{wray2015multi,
  title={Multi-objective {MDP}s with conditional lexicographic reward preferences},
  author={Wray, Kyle and Zilberstein, Shlomo and Mouaddib, Abdel-Illah},
  booktitle={},
  volume={29},
  number={1},
  year={2015}
}

@article{smith2003fuzzy,
  title={Fuzzy multiobjective decision making for navigation of mobile robots in dynamic, unstructured environments},
  author={Smith, Earl B and Langari, Reza},
  journal={Journal of Intelligent \& Fuzzy Systems},
  volume={14},
  number={2},
  pages={95--108},
  year={2003},
  publisher={IOS Press}
}
@article{fujimura1996path,
  title={Path planning with multiple objectives},
  author={Fujimura, Kikuo},
  journal={IEEE Robotics \& Automation Magazine},
  volume={3},
  number={1},
  pages={33--38},
  year={1996},
  publisher={IEEE}
}
@inproceedings{reehuis2010mixed,
  title={Mixed-integer evolution strategy using multiobjective selection applied to warehouse design optimization},
  author={Reehuis, Edgar and B{\"a}ck, Thomas},
  booktitle={Proceedings of the 12th annual conference on Genetic and evolutionary computation},
  pages={1187--1194},
  year={2010}
}
@article{gao2022two,
  title={A two-objective ILP model of OP-MATSP for the multi-robot task assignment in an intelligent warehouse},
  author={Gao, Jianqi and Li, Yanjie and Xu, Yunhong and Lv, Shaohua},
  journal={Applied Sciences},
  volume={12},
  number={10},
  pages={4843},
  year={2022},
  publisher={MDPI}
}
@article{dai2023multi,
  title={Multi-objective multi-picking-robot task allocation: mathematical model and discrete artificial bee colony algorithm},
  author={Dai, Lou-Lei and Pan, Quan-Ke and Miao, Zhong-Hua and Suganthan, Ponnuthurai Nagaratnam and Gao, Kai-Zhou},
  journal={IEEE Transactions on Intelligent Transportation Systems},
  year={2023},
  publisher={IEEE}
}
@inproceedings{zheng2023generalized,
  title={A generalized scalarization method for evolutionary multi-objective optimization},
  author={Zheng, Ruihao and Wang, Zhenkun},
  booktitle={Proceedings of the AAAI Conference on Artificial Intelligence},
  volume={37},
  number={10},
  pages={12518--12525},
  year={2023}
}
@article{mannor2001steering,
  title={The steering approach for multi-criteria reinforcement learning},
  author={Mannor, Shie and Shimkin, Nahum},
  journal={Advances in Neural Information Processing Systems},
  volume={14},
  year={2001}
}
@article{tesauro2007managing,
  title={Managing power consumption and performance of computing systems using reinforcement learning},
  author={Tesauro, Gerald and Das, Rajarshi and Chan, Hoi and Kephart, Jeffrey and Levine, David and Rawson, Freeman and Lefurgy, Charles},
  journal={Advances in neural information processing systems},
  volume={20},
  year={2007}
}
@article{ferrando2013context,
  title={Context-aware multi-agent planning in intelligent environments},
  author={Ferrando, Sergio Pajares and Onaindia, Eva},
  journal={Information Sciences},
  volume={227},
  pages={22--42},
  year={2013},
  publisher={Elsevier}
}

@inproceedings{bahrani2008collaborative,
  title={Collaborative and context-aware planning},
  author={Bahrani, Ali and Yuan, Jun and Emele, Chukwuemeka David and Masato, Daniele and Norman, Timothy J and Mott, David},
  booktitle={MILCOM 2008-2008 IEEE Military Communications Conference},
  pages={1--7},
  year={2008},
  organization={IEEE}
}

@inproceedings{cao2023catnipp,
  title={CAtNIPP: Context-aware attention-based network for informative path planning},
  author={Cao, Yuhong and Wang, Yizhuo and Vashisth, Apoorva and Fan, Haolin and Sartoretti, Guillaume Adrien},
  booktitle={Conference on Robot Learning},
  pages={1928--1937},
  year={2023},
  organization={PMLR}
}

@inproceedings{hvvezda2018context,
  title={Context-aware route planning for automated warehouses},
  author={Hv{\v{e}}zda, Jakub and Rybeck{\`y}, Tom{\'a}{\v{s}} and Kulich, Miroslav and P{\v{r}}eu{\v{c}}il, Libor},
  booktitle={2018 21st International Conference on Intelligent Transportation Systems (ITSC)},
  pages={2955--2960},
  year={2018},
  organization={IEEE}
}

@inproceedings{kim2023context,
  title={Context-aware planning and environment-aware memory for instruction following embodied agents},
  author={Kim, Byeonghwi and Kim, Jinyeon and Kim, Yuyeong and Min, Cheolhong and Choi, Jonghyun},
  booktitle={Proceedings of the IEEE/CVF International Conference on Computer Vision},
  pages={10936--10946},
  year={2023}
}

@article{hallak2015contextual,
  title={Contextual markov decision processes},
  author={Hallak, Assaf and Di Castro, Dotan and Mannor, Shie},
  journal={arXiv preprint arXiv:1502.02259},
  year={2015}
}

@inproceedings{modi2018markov,
  title={Markov decision processes with continuous side information},
  author={Modi, Aditya and Jiang, Nan and Singh, Satinder and Tewari, Ambuj},
  booktitle={Algorithmic Learning Theory},
  pages={597--618},
  year={2018},
  organization={PMLR}
}

@article{benjamins2022contextualize,
  title={Contextualize Me--The Case for Context in Reinforcement Learning},
  author={Benjamins, Carolin and Eimer, Theresa and Schubert, Frederik and Mohan, Aditya and D{\"o}hler, Sebastian and Biedenkapp, Andr{\'e} and Rosenhahn, Bodo and Hutter, Frank and Lindauer, Marius},
  journal={arXiv preprint arXiv:2202.04500},
  year={2022}
}

@inproceedings{kandefer2008categorization,
  title={A Categorization of Contextual Constraints.},
  author={Kandefer, Michael and Shapiro, Stuart C},
  booktitle={AAAI Fall Symposium: Biologically Inspired Cognitive Architectures},
  pages={88--93},
  year={2008}
}

@inproceedings{ekbia2001context,
  title={Context and relevance: A pragmatic approach},
  author={Ekbia, Hamid R and Maguitman, Ana G},
  booktitle={International and Interdisciplinary Conference on Modeling and Using Context},
  pages={156--169},
  year={2001},
  organization={Springer}
}

@inproceedings{ter2010context,
  title={Context-aware route planning},
  author={Ter Mors, Adriaan W and Witteveen, Cees and Zutt, Jonne and Kuipers, Fernando A},
  booktitle={Multiagent System Technologies: 8th German Conference, MATES 2010, Leipzig, Germany, September 27-29, 2010. Proceedings 8},
  pages={138--149},
  year={2010},
  organization={Springer}
}


@article{yang2019generalized,
  title={A generalized algorithm for multi-objective reinforcement learning and policy adaptation},
  author={Yang, Runzhe and Sun, Xingyuan and Narasimhan, Karthik},
  journal={Advances in neural information processing systems},
  volume={32},
  year={2019}
}

@inproceedings{mouaddib2004multi,
  title={Multi-objective decision-theoretic path planning},
  author={Mouaddib, A-I},
  booktitle={IEEE International Conference on Robotics and Automation, 2004. Proceedings. ICRA'04. 2004},
  volume={3},
  pages={2814--2819},
  year={2004},
  organization={IEEE}
}

@inproceedings{saisubramanian2020mitigating,
  title={Mitigating the negative side effects of reasoning with imperfect models: A multi-objective approach},
  author={Saisubramanian, Sandhya and Kamar, Ece and Zilberstein, Shlomo},
  booktitle={Proceedings of the 19th International Conference on Autonomous Agents and MultiAgent Systems},
  pages={1984--1986},
  year={2020}
}

@inproceedings{saisubramanian2021multi,
  title={A multi-objective approach to mitigate negative side effects},
  author={Saisubramanian, Sandhya and Kamar, Ece and Zilberstein, Shlomo},
  booktitle={Proceedings of the twenty-ninth international conference on international joint conferences on artificial intelligence},
  pages={354--361},
  year={2021}
}
@article{deb2010efficient,
  title={An efficient and accurate solution methodology for bilevel multi-objective programming problems using a hybrid evolutionary-local-search algorithm},
  author={Deb, Kalyanmoy and Sinha, Ankur},
  journal={Evolutionary computation},
  volume={18},
  number={3},
  pages={403--449},
  year={2010},
  publisher={MIT Press One Rogers Street, Cambridge, MA 02142-1209, USA journals-info~â€¦}
}
@inproceedings{li2010contextual,
  title={A contextual-bandit approach to personalized news article recommendation},
  author={Li, Lihong and Chu, Wei and Langford, John and Schapire, Robert E},
  booktitle={Proceedings of the 19th international conference on World wide web},
  pages={661--670},
  year={2010}
}
@article{deb2001nonlinear,
  title={Nonlinear goal programming using multi-objective genetic algorithms},
  author={Deb, Kalyanmoy},
  journal={Journal of the Operational Research Society},
  volume={52},
  number={3},
  pages={291--302},
  year={2001},
  publisher={Taylor \& Francis}
}
@article{wilde2024scalarizing,
  title={Scalarizing Multi-Objective Robot Planning Problems using Weighted Maximization},
  author={Wilde, Nils and Smith, Stephen L and Alonso-Mora, Javier},
  journal={IEEE Robotics and Automation Letters},
  year={2024},
  publisher={IEEE}
}
@incollection{deb2016multi,
  title={Multi-objective optimization},
  author={Deb, Kalyanmoy and Sindhya, Karthik and Hakanen, Jussi},
  booktitle={Decision sciences},
  pages={161--200},
  year={2016},
  publisher={CRC Press}
}
@inproceedings{skalse2022,
  title     = {Lexicographic Multi-Objective Reinforcement Learning},
  author    = {Skalse, Joar and Hammond, Lewis and Griffin, Charlie and Abate, Alessandro},
  booktitle = {Proceedings of the Thirty-First International Joint Conference on
               Artificial Intelligence, {IJCAI-22}},
  publisher = {International Joint Conferences on Artificial Intelligence Organization},
  pages     = {3430--3436},
  year      = {2022},
}
@inproceedings{ruadulescu2019equilibria,
  title={Equilibria in multi-objective games: a utility-based perspective},
  author={R{\u{a}}dulescu, Roxana and Mannion, Patrick and Roijers, Diederik M and Now{\'e}, Ann},
  booktitle={Proceedings of the adaptive and learning agents workshop (ALA-19) at AAMAS},
  year={2019}
}
@inproceedings{agarwal2022multi,
  title={Multi-objective reinforcement learning with non-linear scalarization},
  author={Agarwal, Mridul and Aggarwal, Vaneet and Lan, Tian},
  booktitle={Proceedings of the 21st International Conference on Autonomous Agents and Multiagent Systems},
  pages={9--17},
  year={2022}
}
@inproceedings{van2013scalarized,
  title={Scalarized multi-objective reinforcement learning: Novel design techniques},
  author={Van Moffaert, Kristof and Drugan, Madalina M and Now{\'e}, Ann},
  booktitle={2013 IEEE symposium on adaptive dynamic programming and reinforcement learning (ADPRL)},
  pages={191--199},
  year={2013},
  organization={IEEE}
}
@inproceedings{hu2024pa2d,
  title={PA2D-MORL: Pareto Ascent Directional Decomposition Based Multi-Objective Reinforcement Learning},
  author={Hu, Tianmeng and Luo, Biao},
  booktitle={Proceedings of the AAAI Conference on Artificial Intelligence},
  volume={38},
  number={11},
  pages={12547--12555},
  year={2024}
}
@article{hu2023mo,
  title={MO-MIX: Multi-objective multi-agent cooperative decision-making with deep reinforcement learning},
  author={Hu, Tianmeng and Luo, Biao and Yang, Chunhua and Huang, Tingwen},
  journal={IEEE Transactions on Pattern Analysis and Machine Intelligence},
  volume={45},
  number={10},
  pages={12098--12112},
  year={2023},
  publisher={IEEE}
}
@article{wang2024utilizing,
  title={Utilizing BERT for Information Retrieval: Survey, Applications, Resources, and Challenges},
  author={Wang, Jiajia and Huang, Jimmy Xiangji and Tu, Xinhui and Wang, Junmei and Huang, Angela Jennifer and Laskar, Md Tahmid Rahman and Bhuiyan, Amran},
  journal={ACM Computing Surveys},
  volume={56},
  number={7},
  pages={1--33},
  year={2024},
  publisher={ACM New York, NY}
}
@article{hambarde2023information,
  title={Information retrieval: recent advances and beyond},
  author={Hambarde, Kailash A and Proenca, Hugo},
  journal={IEEE Access},
  year={2023},
  publisher={IEEE}
}
@inproceedings{aydeniz2024entropy,
  title={Entropy Seeking Constrained Multiagent Reinforcement Learning},
  author={Aydeniz, Ayhan Alp and Marchesini, Enrico and Amato, Christopher and Tumer, Kagan},
  booktitle={Proceedings of the 23rd International Conference on Autonomous Agents and Multiagent Systems},
  pages={2141--2143},
  year={2024}
}
@misc{sutton1998introduction,
  title={Introduction to reinforcement learning. Vol. 135},
  author={Sutton, Richard S and Barto, Andrew G and others},
  year={1998},
  publisher={MIT press Cambridge}
}
@inproceedings{nickelson2024redefining,
  title={Redefining the Behavior Space for Multi-Objective MAP-Elites},
  author={Nickelson, Anna and Tumer, Kagan},
  booktitle={Proceedings of the Genetic and Evolutionary Computation Conference Companion},
  pages={355--358},
  year={2024}
}

@article{fonseca1998multiobjective,
  title={Multiobjective optimization and multiple constraint handling with evolutionary algorithms. I. A unified formulation},
  author={Fonseca, Carlos M and Fleming, Peter J},
  journal={IEEE Transactions on Systems, Man, and Cybernetics-Part A: Systems and Humans},
  volume={28},
  number={1},
  pages={26--37},
  year={1998},
  publisher={IEEE}
}

@article{sutherland2010comparative,
  title={Comparative jet wake structure and swimming performance of salps},
  author={Sutherland, Kelly R. and Madin, Laurence P.},
  journal={Journal of Experimental Biology},
  volume={213},
  number={17},
  pages={2967--2975},
  year={2010},
  publisher={Company of Biologists}
}

@book{Pearl_2009, 
place={Cambridge}, 
edition={2}, 
title={Causality}, 
publisher={Cambridge University Press}, 
author={Pearl, Judea}, 
year={2009}}

@inproceedings{pearl1985bayesian,
  title={Bayesian netwcrks: A model cf self-activated memory for evidential reasoning},
  author={Pearl, Judea},
  booktitle={Proceedings of the 7th conference of the Cognitive Science Society, University of California, Irvine, CA, USA},
  pages={15--17},
  year={1985}
}

@inproceedings{spirtes2016causal,
  title={Causal discovery and inference: concepts and recent methodological advances},
  author={Spirtes, Peter and Zhang, Kun},
  booktitle={Applied informatics},
  volume={3},
  pages={1--28},
  year={2016},
  organization={Springer}
}

@book{spirtes2001causation,
  title={Causation, prediction, and search},
  author={Spirtes, Peter and Glymour, Clark and Scheines, Richard},
  year={2001},
  publisher={MIT press}
}

@inproceedings{ramachandran2007bayesian,
  title={Bayesian Inverse Reinforcement Learning.},
  author={Ramachandran, Deepak and Amir, Eyal},
  booktitle={IJCAI},
  year={2007}
}

@inproceedings{brown2018efficient,
  title={Efficient probabilistic performance bounds for inverse reinforcement learning},
  author={Brown, Daniel and Niekum, Scott},
  booktitle={Proceedings of the AAAI conference on artificial intelligence},
  volume={32},
  number={1},
  year={2018}
}


@InProceedings{pmlr-v119-brown20a,
  title = 	 {Safe Imitation Learning via Fast {B}ayesian Reward Inference from Preferences},
  author =       {Brown, Daniel and Coleman, Russell and Srinivasan, Ravi and Niekum, Scott},
  booktitle = 	 {Proceedings of the 37th International Conference on Machine Learning},
  year = 	 {2020},
  volume = 	 {119},
}


@InProceedings{pmlr-v87-biyik18a,
  title = 	 {Batch Active Preference-Based Learning of Reward Functions},
  author =       {Biyik, Erdem and Sadigh, Dorsa},
  year = 	 {2018},
  volume = 	 {87},
  series = 	 {Proceedings of Machine Learning Research},
  publisher =    {PMLR},
}


@InProceedings{pmlr-v87-bobu18a,
  title = 	 {Learning under Misspecified Objective Spaces},
  author =       {Bobu, Andreea and Bajcsy, Andrea and Fisac, Jaime F. and Dragan, Anca D.},
  year = 	 {2018},
  volume = 	 {87},
  series = 	 {Proceedings of Machine Learning Research},
  publisher =    {PMLR},
}

@inproceedings{ghosal2023effect,
  title={The effect of modeling human rationality level on learning rewards from multiple feedback types},
  author={Ghosal, Gaurav R and Zurek, Matthew and Brown, Daniel S and Dragan, Anca D},
  booktitle={Proceedings of the AAAI Conference on Artificial Intelligence},
  volume={37},
  number={5},
  pages={5983--5992},
  year={2023}
}

@article{zhi2020online,
  title={Online bayesian goal inference for boundedly rational planning agents},
  author={Zhi-Xuan, Tan and Mann, Jordyn and Silver, Tom and Tenenbaum, Josh and Mansinghka, Vikash},
  journal={Advances in neural information processing systems},
  volume={33},
  pages={19238--19250},
  year={2020}
}

@article{ullman2009help,
  title={Help or hinder: Bayesian models of social goal inference},
  author={Ullman, Tomer and Baker, Chris and Macindoe, Owen and Evans, Owain and Goodman, Noah and Tenenbaum, Joshua},
  journal={Advances in neural information processing systems},
  volume={22},
  year={2009}
}

@inproceedings{belakaria2020uncertainty,
  title={Uncertainty-aware search framework for multi-objective Bayesian optimization},
  author={Belakaria, Syrine and Deshwal, Aryan and Jayakodi, Nitthilan Kannappan and Doppa, Janardhan Rao},
  booktitle={Proceedings of the AAAI Conference on Artificial Intelligence},
  volume={34},
  number={06},
  pages={10044--10052},
  year={2020}
}


@InProceedings{pmlr-v162-daulton22a,
  title = 	 {Robust Multi-Objective {B}ayesian Optimization Under Input Noise},
  author =       {Daulton, Samuel and Cakmak, Sait and Balandat, Maximilian and Osborne, Michael A. and Zhou, Enlu and Bakshy, Eytan},
  booktitle = 	 {Proceedings of the 39th International Conference on Machine Learning},
  pages = 	 {4831--4866},
  year = 	 {2022},
  volume = 	 {162},
  series = 	 {Proceedings of Machine Learning Research},
  publisher =    {PMLR},
}

@inproceedings{belakaria2020multi,
  title={Multi-fidelity multi-objective Bayesian optimization: An output space entropy search approach},
  author={Belakaria, Syrine and Deshwal, Aryan and Doppa, Janardhan Rao},
  booktitle={Proceedings of the AAAI Conference on artificial intelligence},
  volume={34},
  number={06},
  pages={10035--10043},
  year={2020}
}

@article{abdolshah2019multi,
  title={Multi-objective Bayesian optimisation with preferences over objectives},
  author={Abdolshah, Majid and Shilton, Alistair and Rana, Santu and Gupta, Sunil and Venkatesh, Svetha},
  journal={Advances in neural information processing systems},
  volume={32},
  year={2019}
}

@inproceedings{price2003bayesian,
  title={A Bayesian approach to imitation in reinforcement learning},
  author={Price, Bob and Boutilier, Craig},
  booktitle={IJCAI},
  pages={712--720},
  year={2003}
}

@inproceedings{acar2007adaptive,
  title={Adaptive bayesian inference},
  author={Acar, Umut A and Ihler, Alexander and Mettu, Ramgopal and S{\"u}mer, Ozg{\"u}r},
  booktitle={Neural Information Processing Systems (NIPS)},
  volume={10},
  pages={2981562--2981743},
  year={2007},
}

@article{golovin2010near,
  title={Near-optimal bayesian active learning with noisy observations},
  author={Golovin, Daniel and Krause, Andreas and Ray, Debajyoti},
  journal={Advances in Neural Information Processing Systems},
  volume={23},
  year={2010}
}

@inproceedings{NIPS2010_550a141f,
 author = {Viappiani, Paolo and Boutilier, Craig},
 booktitle = {Advances in Neural Information Processing Systems},
 title = {Optimal Bayesian Recommendation Sets and Myopically Optimal Choice Query Sets},
 volume = {23},
 year = {2010}
}

