@article{chen2024air,
  title={AIR-Bench: Automated Heterogeneous Information Retrieval Benchmark},
  author={Chen, Jianlyu and Wang, Nan and Li, Chaofan and Wang, Bo and Xiao, Shitao and Xiao, Han and Liao, Hao and Lian, Defu and Liu, Zheng},
  journal={arXiv preprint arXiv:2412.13102},
  year={2024}
}

@article{gao2022precise,
  title={Precise zero-shot dense retrieval without relevance labels},
  author={Gao, Luyu and Ma, Xueguang and Lin, Jimmy and Callan, Jamie},
  journal={arXiv preprint arXiv:2212.10496},
  year={2022}
}

@article{ma2020zero,
  title={Zero-shot neural passage retrieval via domain-targeted synthetic question generation},
  author={Ma, Ji and Korotkov, Ivan and Yang, Yinfei and Hall, Keith and McDonald, Ryan},
  journal={arXiv preprint arXiv:2004.14503},
  year={2020}
}

@article{nogueira2019document,
  title={Document expansion by query prediction},
  author={Nogueira, Rodrigo and Yang, Wei and Lin, Jimmy and Cho, Kyunghyun},
  journal={arXiv preprint arXiv:1904.08375},
  year={2019}
}

@article{thakur2021beir,
  title={Beir: A heterogenous benchmark for zero-shot evaluation of information retrieval models},
  author={Thakur, Nandan and Reimers, Nils and R{\"u}ckl{\'e}, Andreas and Srivastava, Abhishek and Gurevych, Iryna},
  journal={arXiv preprint arXiv:2104.08663},
  year={2021}
}

@article{wang2021gpl,
  title={GPL: Generative pseudo labeling for unsupervised domain adaptation of dense retrieval},
  author={Wang, Kexin and Thakur, Nandan and Reimers, Nils and Gurevych, Iryna},
  journal={arXiv preprint arXiv:2112.07577},
  year={2021}
}

