IEEEexample.bib 
V1.13 (2008/09/30)
Copyright (c) 2002-2008 by Michael Shell
See: http://www.michaelshell.org/
for current contact information.

This is an example BibTeX database for the official IEEEtran.bst
BibTeX style file.

Some entries call strings that are defined in the IEEEabrv.bib file.
Therefore, IEEEabrv.bib should be loaded prior to this file.
Usage:

\bibliographystyle{./IEEEtran}
\bibliography{./IEEEabrv,./IEEEexample}


Support sites:
http://www.michaelshell.org/tex/ieeetran/
http://www.ctan.org/tex-archive/macros/latex/contrib/IEEEtran/
and/or
http://www.ieee.org/

*************************************************************************
Legal Notice:
This code is offered as-is without any warranty either expressed or
implied; without even the implied warranty of MERCHANTABILITY or
FITNESS FOR A PARTICULAR PURPOSE! 
User assumes all risk.
In no event shall IEEE or any contributor to this code be liable for
any damages or losses, including, but not limited to, incidental,
consequential, or any other damages, resulting from the use or misuse
of any information contained here.

All comments are the opinions of their respective authors and are not
necessarily endorsed by the IEEE.

This work is distributed under the LaTeX Project Public License (LPPL)
( http://www.latex-project.org/ ) version 1.3, and may be freely used,
distributed and modified. A copy of the LPPL, version 1.3, is included
in the base LaTeX documentation of all distributions of LaTeX released
2003/12/01 or later.
Retain all contribution notices and credits.
** Modified files should be clearly indicated as such, including  **
** renaming them and changing author support contact information. **

File list of work: IEEEabrv.bib, IEEEfull.bib, IEEEexample.bib,
                   IEEEtran.bst, IEEEtranS.bst, IEEEtranSA.bst,
                   IEEEtranN.bst, IEEEtranSN.bst, IEEEtran_bst_HOWTO.pdf
*************************************************************************


Note that, because the example references were taken from actual IEEE
publications, these examples do not always contain the full amount
of information that may be desirable (for use with other BibTeX styles).
In particular, full names (not abbreviated with initials) should be
entered whenever possible as some (non-IEEE) bibliography styles use
full names. IEEEtran.bst will automatically abbreviate when it encounters
full names.



%%%%%% POWER GRID RISKS

@article{folga2016national,
  title={National electricity emergency response capabilities},
  author={Folga, SM and McLamore, M and Talaber, L and Tompkins, A},
  journal={Office Energy Policy Syst. Anal., US Dept. Energy, Washington, DC, USA, Rep},
  year={2016}
}

@inproceedings{muhs2019stochastic,
  title={Stochastic spatio-temporal hurricane impact analysis for power grid resilience studies},
  author={Muhs, John W and Parvania, Masood},
  booktitle={2019 IEEE Power \& Energy Society Innovative Smart Grid Technologies Conference (ISGT)},
  pages={1--5},
  year={2019},
  organization={IEEE}
}

@article{zamuda2013us,
  title={US energy sector vulnerabilities to climate change and extreme weather},
  author={Zamuda, Craig and Mignone, Bryan and Bilello, Dan and Hallett, KC and Lee, Courtney and Macknick, Jordan and Newmark, Robin and Steinberg, Daniel},
  journal={US Department of Energy, https://energy. gov/sites/prod/files/2013/07/f2/20130716-Energy\% 20Sector\% 20Vulnerabilities\% 20Report. pdf},
  year={2013}
}

@article{ahmad2013vegetation,
  title={Vegetation encroachment monitoring for transmission lines right-of-ways: A survey},
  author={Ahmad, Junaid and Malik, Aamir Saeed and Xia, Likun and Ashikin, Nadia},
  journal={Electric Power Systems Research},
  volume={95},
  pages={339--352},
  year={2013},
  publisher={Elsevier}
}


%%%%% UAVs

@article{jenssen2019intelligent,
  title={Intelligent monitoring and inspection of power line components powered by UAVs and deep learning},
  author={Jenssen, Robert and Roverso, Davide and others},
  journal={IEEE Power and energy technology systems journal},
  volume={6},
  number={1},
  pages={11--21},
  year={2019},
  publisher={IEEE}
}

@inproceedings{toth2010field,
  title={Field experiences using LineScout Technology on large BC transmission crossings},
  author={Toth, Janos and Pouliot, Nicolas and Montambault, Serge},
  booktitle={2010 1st International Conference on Applied Robotics for the Power Industry},
  pages={1--6},
  year={2010},
  organization={IEEE}
}


@inproceedings{arreola2018improvement,
  title={Improvement in the UAV position estimation with low-cost GPS, INS and vision-based system: Application to a quadrotor UAV},
  author={Arreola, Luis and De Oca, A Montes and Flores, Alejandro and Sanchez, J and Flores, Gerardo},
  booktitle={2018 International Conference on Unmanned Aircraft Systems (ICUAS)},
  pages={1248--1254},
  year={2018},
  organization={IEEE}
}


@inproceedings{toth2010smart,
  title={Smart view for a smart gridâ€”Unmanned Aerial Vehicles for transmission lines},
  author={Toth, Janos and Gilpin-Jackson, Adelana},
  booktitle={2010 1st international conference on applied robotics for the power industry},
  pages={1--6},
  year={2010},
  organization={IEEE}
}

%%%% TS40K


@article{lavado2024ts40k,
  title={TS40K: a 3D Point Cloud Dataset of Rural Terrain and Electrical Transmission System},
  author={Lavado, Diogo and Soares, Cl{\'a}udia and Micheletti, Alessandra and Santos, Ricardo and Coelho, Andr{\'e} and Santos, Jo{\~a}o},
  journal={arXiv preprint arXiv:2405.13989},
  year={2024}
}

############# DATASET SOA #############

@article{teague2010final,
  title={Final report, 2009 Victorian bushfires royal commission},
  author={Teague, B and McLeod, R and Pascoe, S},
  journal={Parliament of Victoria, Melbourne Victoria, Australia},
  volume={1},
  year={2010}
}

@article{tam2012registration,
  title={Registration of 3D point clouds and meshes: A survey from rigid to nonrigid},
  author={Tam, Gary KL and Cheng, Zhi-Quan and Lai, Yu-Kun and Langbein, Frank C and Liu, Yonghuai and Marshall, David and Martin, Ralph R and Sun, Xian-Fang and Rosin, Paul L},
  journal={IEEE transactions on visualization and computer graphics},
  volume={19},
  number={7},
  pages={1199--1217},
  year={2012},
  publisher={IEEE}
}

@inproceedings{russell2012distribution,
  title={Distribution feeder caused wildfires: Mechanisms and prevention},
  author={Russell, B Don and Benner, Carl L and Wischkaemper, Jeffrey A},
  booktitle={2012 65th Annual Conference for Protective Relay Engineers},
  pages={43--51},
  year={2012},
  organization={IEEE}
}

@inproceedings{varney2020dales,
  title={DALES: A large-scale aerial LiDAR data set for semantic segmentation},
  author={Varney, Nina and Asari, Vijayan K and Graehling, Quinn},
  booktitle={Proceedings of the IEEE/CVF conference on computer vision and pattern recognition workshops},
  pages={186--187},
  year={2020}
}


%%%%%%%%%%%% SoA %%%%%%%%%%%%

@inproceedings{torralba2011unbiased,
  title={Unbiased look at dataset bias},
  author={Torralba, Antonio and Efros, Alexei A},
  booktitle={CVPR 2011},
  pages={1521--1528},
  year={2011},
  organization={IEEE}
}

@inproceedings{KITTI1,
  title={Are we ready for autonomous driving? the kitti vision benchmark suite},
  author={Geiger, Andreas and Lenz, Philip and Urtasun, Raquel},
  booktitle={2012 IEEE conference on computer vision and pattern recognition},
  pages={3354--3361},
  year={2012},
  organization={IEEE}
}

@article{KITTI2,
  title={Vision meets robotics: The kitti dataset},
  author={Geiger, Andreas and Lenz, Philip and Stiller, Christoph and Urtasun, Raquel},
  journal={The International Journal of Robotics Research},
  volume={32},
  number={11},
  pages={1231--1237},
  year={2013},
  publisher={Sage Publications Sage UK: London, England}
}

@inproceedings{SemKITTI,
  author = {J. Behley and M. Garbade and A. Milioto and J. Quenzel and S. Behnke and C. Stachniss and J. Gall},
  title = {{SemanticKITTI: A Dataset for Semantic Scene Understanding of LiDAR Sequences}},
  booktitle = {Proc. of the IEEE/CVF International Conf.~on Computer Vision (ICCV)},
  year = {2019}
}

@inproceedings{KAIST,
  title={Multispectral pedestrian detection: Benchmark dataset and baseline},
  author={Hwang, Soonmin and Park, Jaesik and Kim, Namil and Choi, Yukyung and So Kweon, In},
  booktitle={Proceedings of the IEEE conference on computer vision and pattern recognition},
  pages={1037--1045},
  year={2015}
}

@misc{lyft2019,
  author = {Kesten, R. and Usman, M. and Houston, J. and Pandya, T. and Nadhamuni, K. and Ferreira, A. and Yuan, M. and Low, B. and Jain, A. and Ondruska, P. and Omari, S. and Shah, S. and Kulkarni, A. and Kazakova, A. and Tao, C. and Platinsky, L. and Jiang, W. and Shet, V.},
  title = {Lyft Level 5 AV Dataset 2019},
  year = {2019},
  howpublished = {\url{https://level5.lyft.com/dataset/}}
}

@article{gahlert2020cityscapes,
  title={Cityscapes 3d: Dataset and benchmark for 9 dof vehicle detection},
  author={G{\"a}hlert, Nils and Jourdan, Nicolas and Cordts, Marius and Franke, Uwe and Denzler, Joachim},
  journal={arXiv preprint arXiv:2006.07864},
  year={2020}
}

@inproceedings{caesar2020nuscenes,
  title={nuscenes: A multimodal dataset for autonomous driving},
  author={Caesar, Holger and Bankiti, Varun and Lang, Alex H and Vora, Sourabh and Liong, Venice Erin and Xu, Qiang and Krishnan, Anush and Pan, Yu and Baldan, Giancarlo and Beijbom, Oscar},
  booktitle={Proceedings of the IEEE/CVF conference on computer vision and pattern recognition},
  pages={11621--11631},
  year={2020}
}

@inproceedings{WAYMO,
  title={Scalability in perception for autonomous driving: Waymo open dataset},
  author={Sun, Pei and Kretzschmar, Henrik and Dotiwalla, Xerxes and Chouard, Aurelien and Patnaik, Vijaysai and Tsui, Paul and Guo, James and Zhou, Yin and Chai, Yuning and Caine, Benjamin and others},
  booktitle={Proceedings of the IEEE/CVF conference on computer vision and pattern recognition},
  pages={2446--2454},
  year={2020}
}

@article{mao2021one,
  title={One million scenes for autonomous driving: Once dataset},
  author={Mao, Jiageng and Niu, Minzhe and Jiang, Chenhan and Liang, Hanxue and Chen, Jingheng and Liang, Xiaodan and Li, Yamin and Ye, Chaoqiang and Zhang, Wei and Li, Zhenguo and others},
  journal={arXiv preprint arXiv:2106.11037},
  year={2021}
}

@inproceedings{SensatUrban,
  title={Towards semantic segmentation of urban-scale 3D point clouds: A dataset, benchmarks and challenges},
  author={Hu, Qingyong and Yang, Bo and Khalid, Sheikh and Xiao, Wen and Trigoni, Niki and Markham, Andrew},
  booktitle={Proceedings of the IEEE/CVF conference on computer vision and pattern recognition},
  pages={4977--4987},
  year={2021}
}


@inproceedings{silberman2012indoor,
  title={Indoor segmentation and support inference from rgbd images},
  author={Silberman, Nathan and Hoiem, Derek and Kohli, Pushmeet and Fergus, Rob},
  booktitle={Computer Vision--ECCV 2012: 12th European Conference on Computer Vision, Florence, Italy, October 7-13, 2012, Proceedings, Part V 12},
  pages={746--760},
  year={2012},
  organization={Springer}
}

@inproceedings{song2015sun,
  title={Sun rgb-d: A rgb-d scene understanding benchmark suite},
  author={Song, Shuran and Lichtenberg, Samuel P and Xiao, Jianxiong},
  booktitle={Proceedings of the IEEE conference on computer vision and pattern recognition},
  pages={567--576},
  year={2015}
}

@article{armeni2017joint,
  title={Joint 2d-3d-semantic data for indoor scene understanding},
  author={Armeni, Iro and Sax, Sasha and Zamir, Amir R and Savarese, Silvio},
  journal={arXiv preprint arXiv:1702.01105},
  year={2017}
}

@inproceedings{hua2016scenenn,
  title={Scenenn: A scene meshes dataset with annotations},
  author={Hua, Binh-Son and Pham, Quang-Hieu and Nguyen, Duc Thanh and Tran, Minh-Khoi and Yu, Lap-Fai and Yeung, Sai-Kit},
  booktitle={2016 fourth international conference on 3D vision (3DV)},
  pages={92--101},
  year={2016},
  organization={Ieee}
}

@inproceedings{dai2017scannet,
  title={Scannet: Richly-annotated 3d reconstructions of indoor scenes},
  author={Dai, Angela and Chang, Angel X and Savva, Manolis and Halber, Maciej and Funkhouser, Thomas and Nie{\ss}ner, Matthias},
  booktitle={Proceedings of the IEEE conference on computer vision and pattern recognition},
  pages={5828--5839},
  year={2017}
}


@article{chen2009benchmark,
  title={A benchmark for 3D mesh segmentation},
  author={Chen, Xiaobai and Golovinskiy, Aleksey and Funkhouser, Thomas},
  journal={Acm transactions on graphics (tog)},
  volume={28},
  number={3},
  pages={1--12},
  year={2009},
  publisher={ACM New York, NY, USA}
}


@inproceedings{mo2019partnet,
  title={Partnet: A large-scale benchmark for fine-grained and hierarchical part-level 3d object understanding},
  author={Mo, Kaichun and Zhu, Shilin and Chang, Angel X and Yi, Li and Tripathi, Subarna and Guibas, Leonidas J and Su, Hao},
  booktitle={Proceedings of the IEEE/CVF conference on computer vision and pattern recognition},
  pages={909--918},
  year={2019}
}

@article{chang2015shapenet,
  title={Shapenet: An information-rich 3d model repository},
  author={Chang, Angel X and Funkhouser, Thomas and Guibas, Leonidas and Hanrahan, Pat and Huang, Qixing and Li, Zimo and Savarese, Silvio and Savva, Manolis and Song, Shuran and Su, Hao and others},
  journal={arXiv preprint arXiv:1512.03012},
  year={2015}
}

@inproceedings{uy2019revisiting,
  title={Revisiting point cloud classification: A new benchmark dataset and classification model on real-world data},
  author={Uy, Mikaela Angelina and Pham, Quang-Hieu and Hua, Binh-Son and Nguyen, Thanh and Yeung, Sai-Kit},
  booktitle={Proceedings of the IEEE/CVF international conference on computer vision},
  pages={1588--1597},
  year={2019}
}


@article{trochta20173d,
  title={3D Forest: An application for descriptions of three-dimensional forest structures using terrestrial LiDAR},
  author={Trochta, Jan and Krucek, Martin and Vrska, Tomas and Kral, Kamil},
  journal={PloS one},
  volume={12},
  number={5},
  pages={e0176871},
  year={2017},
  publisher={Public Library of Science San Francisco, CA USA}
}

@article{curnis2022gtasynth,
  title={GTASynth: 3D synthetic data of outdoor non-urban environments.},
  author={Curnis, Giovanni and Fontana, Simone and Sorrenti, Domenico G},
  journal={Data in Brief},
  volume={43},
  pages={108412},
  year={2022},
  publisher={Elsevier}
}

@article{marconi2019data,
  title={A data science challenge for converting airborne remote sensing data into ecological information},
  author={Marconi, Sergio and Graves, Sarah J and Gong, Dihong and Nia, Morteza Shahriari and Le Bras, Marion and Dorr, Bonnie J and Fontana, Peter and Gearhart, Justin and Greenberg, Craig and Harris, Dave J and others},
  journal={PeerJ},
  volume={6},
  pages={e5843},
  year={2019},
  publisher={PeerJ Inc.}
}


############# 3D SEM SEG SOA #############

@misc{pointcept2023,
    title={Pointcept: A Codebase for Point Cloud Perception Research},
    author={Pointcept Contributors},
    howpublished = {\url{https://github.com/Pointcept/Pointcept}},
    year={2023}
}


@inproceedings{wu2023ptv3,
  title={Point Transformer V3: Simpler Faster Stronger},
  author={Wu, Xiaoyang and Jiang, Li and Wang, Peng-Shuai and Liu, Zhijian and Liu, Xihui and Qiao, Yu and Ouyang, Wanli and He, Tong and Zhao, Hengshuang},
  booktitle={Proceedings of the IEEE/CVF Conference on Computer Vision and Pattern Recognition},
  pages={4840--4851},
  year={2024}
}


%%%  PTV2
@inproceedings{wu2022point,
  title     = {Point transformer V2: Grouped Vector Attention and Partition-based Pooling},
  author    = {Wu, Xiaoyang and Lao, Yixing and Jiang, Li and Liu, Xihui and Zhao, Hengshuang},
  booktitle = {NeurIPS},
  year      = {2022}
}

%%%  PTV1
@inproceedings{zhao2021point,
  title={Point transformer},
  author={Zhao, Hengshuang and Jiang, Li and Jia, Jiaya and Torr, Philip HS and Koltun, Vladlen},
  booktitle={Proceedings of the IEEE/CVF international conference on computer vision},
  pages={16259--16268},
  year={2021}
}


@inproceedings{thomas2019kpconv,
  title={Kpconv: Flexible and deformable convolution for point clouds},
  author={Thomas, Hugues and Qi, Charles R and Deschaud, Jean-Emmanuel and Marcotegui, Beatriz and Goulette, Fran{\c{c}}ois and Guibas, Leonidas J},
  booktitle={Proceedings of the IEEE/CVF international conference on computer vision},
  pages={6411--6420},
  year={2019}
}

@inproceedings{lawin2017deep,
  title={Deep projective 3D semantic segmentation},
  author={Lawin, Felix J{\"a}remo and Danelljan, Martin and Tosteberg, Patrik and Bhat, Goutam and Khan, Fahad Shahbaz and Felsberg, Michael},
  booktitle={Computer Analysis of Images and Patterns: 17th International Conference, CAIP 2017, Ystad, Sweden, August 22-24, 2017, Proceedings, Part I 17},
  pages={95--107},
  year={2017},
  organization={Springer}
}

@inproceedings{su2015multi,
  title={Multi-view convolutional neural networks for 3d shape recognition},
  author={Su, Hang and Maji, Subhransu and Kalogerakis, Evangelos and Learned-Miller, Erik},
  booktitle={Proceedings of the IEEE international conference on computer vision},
  pages={945--953},
  year={2015}
}

@inproceedings{yang2019learning,
  title={Learning relationships for multi-view 3D object recognition},
  author={Yang, Ze and Wang, Liwei},
  booktitle={Proceedings of the IEEE/CVF international conference on computer vision},
  pages={7505--7514},
  year={2019}
}

@inproceedings{lyu2020learning,
  title={Learning to segment 3d point clouds in 2d image space},
  author={Lyu, Yecheng and Huang, Xinming and Zhang, Ziming},
  booktitle={Proceedings of the IEEE/CVF Conference on Computer Vision and Pattern Recognition},
  pages={12255--12264},
  year={2020}
}


@inproceedings{choy20194d,
  title={4d spatio-temporal convnets: Minkowski convolutional neural networks},
  author={Choy, Christopher and Gwak, JunYoung and Savarese, Silvio},
  booktitle={Proceedings of the IEEE/CVF conference on computer vision and pattern recognition},
  pages={3075--3084},
  year={2019}
}

@inproceedings{le2018pointgrid,
  title={Pointgrid: A deep network for 3d shape understanding},
  author={Le, Truc and Duan, Ye},
  booktitle={Proceedings of the IEEE conference on computer vision and pattern recognition},
  pages={9204--9214},
  year={2018}
}

@inproceedings{meng2019vv,
  title={Vv-net: Voxel vae net with group convolutions for point cloud segmentation},
  author={Meng, Hsien-Yu and Gao, Lin and Lai, Yu-Kun and Manocha, Dinesh},
  booktitle={Proceedings of the IEEE/CVF international conference on computer vision},
  pages={8500--8508},
  year={2019}
}

@inproceedings{zhang2020polarnet,
  title={Polarnet: An improved grid representation for online lidar point clouds semantic segmentation},
  author={Zhang, Yang and Zhou, Zixiang and David, Philip and Yue, Xiangyu and Xi, Zerong and Gong, Boqing and Foroosh, Hassan},
  booktitle={Proceedings of the IEEE/CVF Conference on Computer Vision and Pattern Recognition},
  pages={9601--9610},
  year={2020}
}

% ----

@inproceedings{qi2017pointnet,
  title={Pointnet: Deep learning on point sets for 3d classification and segmentation},
  author={Qi, Charles R and Su, Hao and Mo, Kaichun and Guibas, Leonidas J},
  booktitle={Proceedings of the IEEE conference on computer vision and pattern recognition},
  pages={652--660},
  year={2017}
}

@article{qi2017pointnet++,
  title={Pointnet++: Deep hierarchical feature learning on point sets in a metric space},
  author={Qi, Charles Ruizhongtai and Yi, Li and Su, Hao and Guibas, Leonidas J},
  journal={Advances in neural information processing systems},
  volume={30},
  year={2017}
}

@article{li2018pointcnn,
  title={Pointcnn: Convolution on x-transformed points},
  author={Li, Yangyan and Bu, Rui and Sun, Mingchao and Wu, Wei and Di, Xinhan and Chen, Baoquan},
  journal={Advances in neural information processing systems},
  volume={31},
  year={2018}
}

@inproceedings{hu2020randla,
  title={Randla-net: Efficient semantic segmentation of large-scale point clouds},
  author={Hu, Qingyong and Yang, Bo and Xie, Linhai and Rosa, Stefano and Guo, Yulan and Wang, Zhihua and Trigoni, Niki and Markham, Andrew},
  booktitle={Proceedings of the IEEE/CVF conference on computer vision and pattern recognition},
  pages={11108--11117},
  year={2020}
}

@inproceedings{lai2023spherical,
  title={Spherical transformer for lidar-based 3d recognition},
  author={Lai, Xin and Chen, Yukang and Lu, Fanbin and Liu, Jianhui and Jia, Jiaya},
  booktitle={Proceedings of the IEEE/CVF Conference on Computer Vision and Pattern Recognition},
  pages={17545--17555},
  year={2023}
}

@inproceedings{kong2023rethinking,
  title={Rethinking range view representation for lidar segmentation},
  author={Kong, Lingdong and Liu, Youquan and Chen, Runnan and Ma, Yuexin and Zhu, Xinge and Li, Yikang and Hou, Yuenan and Qiao, Yu and Liu, Ziwei},
  booktitle={Proceedings of the IEEE/CVF International Conference on Computer Vision},
  pages={228--240},
  year={2023}
}

@inproceedings{dai20183dmv,
  title={3dmv: Joint 3d-multi-view prediction for 3d semantic scene segmentation},
  author={Dai, Angela and Nie{\ss}ner, Matthias},
  booktitle={Proceedings of the European Conference on Computer Vision (ECCV)},
  pages={452--468},
  year={2018}
}

@inproceedings{jaritz2019multi,
  title={Multi-view pointnet for 3d scene understanding},
  author={Jaritz, Maximilian and Gu, Jiayuan and Su, Hao},
  booktitle={Proceedings of the IEEE/CVF International Conference on Computer Vision Workshops},
  pages={0--0},
  year={2019}
}

@inproceedings{tang2020searching,
  title={Searching efficient 3d architectures with sparse point-voxel convolution},
  author={Tang, Haotian and Liu, Zhijian and Zhao, Shengyu and Lin, Yujun and Lin, Ji and Wang, Hanrui and Han, Song},
  booktitle={European conference on computer vision},
  pages={685--702},
  year={2020},
  organization={Springer}
}

@inproceedings{hou2022point,
  title={Point-to-voxel knowledge distillation for lidar semantic segmentation},
  author={Hou, Yuenan and Zhu, Xinge and Ma, Yuexin and Loy, Chen Change and Li, Yikang},
  booktitle={Proceedings of the IEEE/CVF conference on computer vision and pattern recognition},
  pages={8479--8488},
  year={2022}
}


@article{mao20223d,
  title={3d object detection for autonomous driving: A review and new outlooks},
  author={Mao, Jiageng and Shi, Shaoshuai and Wang, Xiaogang and Li, Hongsheng},
  journal={arXiv preprint arXiv:2206.09474},
  year={2022}
}


@article{guo2020deep,
  title={Deep learning for 3d point clouds: A survey},
  author={Guo, Yulan and Wang, Hanyun and Hu, Qingyong and Liu, Hao and Liu, Li and Bennamoun, Mohammed},
  journal={IEEE transactions on pattern analysis and machine intelligence},
  volume={43},
  number={12},
  pages={4338--4364},
  year={2020},
  publisher={IEEE}
}


@inproceedings{yan2021sparse,
  title={Sparse single sweep lidar point cloud segmentation via learning contextual shape priors from scene completion},
  author={Yan, Xu and Gao, Jiantao and Li, Jie and Zhang, Ruimao and Li, Zhen and Huang, Rui and Cui, Shuguang},
  booktitle={Proceedings of the AAAI Conference on Artificial Intelligence},
  volume={35},
  number={4},
  pages={3101--3109},
  year={2021}
}

@inproceedings{zhou2018voxelnet,
  title={Voxelnet: End-to-end learning for point cloud based 3d object detection},
  author={Zhou, Yin and Tuzel, Oncel},
  booktitle={Proceedings of the IEEE conference on computer vision and pattern recognition},
  pages={4490--4499},
  year={2018}
}

@inproceedings{liu2023uniseg,
  title={Uniseg: A unified multi-modal lidar segmentation network and the openpcseg codebase},
  author={Liu, Youquan and Chen, Runnan and Li, Xin and Kong, Lingdong and Yang, Yuchen and Xia, Zhaoyang and Bai, Yeqi and Zhu, Xinge and Ma, Yuexin and Li, Yikang and others},
  booktitle={Proceedings of the IEEE/CVF International Conference on Computer Vision},
  pages={21662--21673},
  year={2023}
}


%%%%%%%%%%%% POWER LINE DET %%%%%%%%%%%%%%%

@inproceedings{ding2021electric,
  title={Electric power line patrol operation based on vision and laser SLAM fusion perception},
  author={Ding, Leiqing and Wang, Jianjun and Wu, Yikai},
  booktitle={2021 IEEE 4th International Conference on Automation, Electronics and Electrical Engineering (AUTEEE)},
  pages={125--129},
  year={2021},
  organization={IEEE}
}

@inproceedings{guo2019research,
  title={Research on point cloud power line segmentation and fitting algorithm},
  author={Guo, Tao and Xu, Lianggang and Chen, Yuran and Liu, Yong and Zhao, Jian and Luo, Xiao and Wu, Shaohua},
  booktitle={2019 IEEE 4th Advanced Information Technology, Electronic and Automation Control Conference (IAEAC)},
  volume={1},
  pages={2404--2409},
  year={2019},
  organization={IEEE}
}

@inproceedings{tao2019study,
  title={Study on segmentation algorithm with missing point cloud in power line},
  author={Tao, Guo and Lianggang, Xu and Heng, Yang and Liugui, Yang and Jian, Zhao and Shaohua, Wu and Di, Wang},
  booktitle={2019 IEEE 3rd Advanced Information Management, Communicates, Electronic and Automation Control Conference (IMCEC)},
  pages={1895--1899},
  year={2019},
  organization={IEEE}
}



%%%%%%%%%%%% 2D IMAGES ML ON POWER GRID INSPECTION %%%%%%%%%%%%%%%%%%%%%%%%%%

@inproceedings{chandaliya2024uav,
  title={UAV-Based Powerline Problem Inspection and Classification using Machine Learning Approaches},
  author={Chandaliya, Mahavir and Goli, Teja Sree and Kotha, Swapna and Gao, Jerry},
  booktitle={2024 IEEE 10th International Conference on Big Data Computing Service and Machine Learning Applications (BigDataService)},
  pages={52--59},
  year={2024},
  organization={IEEE}
}

@article{maduako2022deep,
  title={Deep learning for component fault detection in electricity transmission lines},
  author={Maduako, Iyke and Igwe, Chukwuemeka Fortune and Abah, James Edebo and Onwuasaanya, Obianuju Esther and Chukwu, Grace Amarachi and Ezeji, Franklin and Okeke, Francis Ifeanyi},
  journal={Journal of Big Data},
  volume={9},
  number={1},
  pages={81},
  year={2022},
  publisher={Springer}
}

@article{jalil2019fault,
  title={Fault detection in power equipment via an unmanned aerial system using multi modal data},
  author={Jalil, Bushra and Leone, Giuseppe Riccardo and Martinelli, Massimo and Moroni, Davide and Pascali, Maria Antonietta and Berton, Andrea},
  journal={Sensors},
  volume={19},
  number={13},
  pages={3014},
  year={2019},
  publisher={MDPI}
}

@article{santos2024uav,
  title={UAV Visual and Thermographic Power Line Detection Using Deep Learning},
  author={Santos, Tiago and Cunha, Tiago and Dias, Andr{\'e} and Moreira, Ant{\'o}nio Paulo and Almeida, Jos{\'e}},
  journal={Sensors},
  volume={24},
  number={17},
  pages={5678},
  year={2024},
  publisher={MDPI}
}

@article{chatzargyros2024uav,
  title={UAV inspections of power transmission networks with AI technology: a case study of Lesvos Island in Greece},
  author={Chatzargyros, Georgios and Papakonstantinou, Apostolos and Kotoula, Vasiliki and Stimoniaris, Dimitrios and Tsiamitros, Dimitrios},
  journal={Energies},
  volume={17},
  number={14},
  pages={3518},
  year={2024},
  publisher={MDPI}
}

@article{hosseini2020intelligent,
  title={Intelligent damage classification and estimation in power distribution poles using unmanned aerial vehicles and convolutional neural networks},
  author={Hosseini, Mohammad Mehdi and Umunnakwe, Amarachi and Parvania, Masood and Tasdizen, Tolga},
  journal={IEEE Transactions on Smart Grid},
  volume={11},
  number={4},
  pages={3325--3333},
  year={2020},
  publisher={IEEE}
}
 

Those fields that are not to be changed can be left out.
@IEEEtranBSTCTL{IEEEexample:BSTcontrol,
  CTLuse_article_number     = "yes",
  CTLuse_paper              = "yes",
  CTLuse_forced_etal        = "no",
  CTLmax_names_forced_etal  = "10",
  CTLnames_show_etal        = "1",
  CTLuse_alt_spacing        = "yes",
  CTLalt_stretch_factor     = "4",
  CTLdash_repeated_names    = "yes",
  CTLname_format_string     = "{f.~}{vv~}{ll}{, jj}",
  CTLname_latex_cmd         = "",
  CTLname_url_prefix        = "[Online]. Available:"
}