@inproceedings{blanchard2011generalizing,
  author       = {Gilles Blanchard and
                  Gyemin Lee and
                  Clayton Scott},
  title        = {Generalizing from Several Related Classification Tasks to a New Unlabeled
                  Sample},
  booktitle    = {{NIPS}},
  pages        = {2178--2186},
  year         = {2011}
}

@article{blanchard2021domain,
  author       = {Gilles Blanchard and
                  Aniket Anand Deshmukh and
                  {\"{U}}r{\"{u}}n Dogan and
                  Gyemin Lee and
                  Clayton Scott},
  title        = {Domain Generalization by Marginal Transfer Learning},
  journal      = {J. Mach. Learn. Res.},
  volume       = {22},
  pages        = {1--55},
  year         = {2021}
}

@article{breiman2001random,
  author       = {Leo Breiman},
  title        = {Random Forests},
  journal      = {Mach. Learn.},
  volume       = {45},
  pages        = {5--32},
  year         = {2001}
}

@inproceedings{chen2016xgboost,
  author       = {Tianqi Chen and
                  Carlos Guestrin},
  title        = {XGBoost: {A} Scalable Tree Boosting System},
  booktitle    = {{KDD}},
  pages        = {785--794},
  year         = {2016}
}

@inproceedings{ganin2015unsupervised,
  author       = {Yaroslav Ganin and
                  Victor S. Lempitsky},
  title        = {Unsupervised Domain Adaptation by Backpropagation},
  booktitle    = {{ICML}},
  pages        = {1180--1189},
  year         = {2015}
}

@article{ganin2016domain,
  author       = {Yaroslav Ganin and
                  Evgeniya Ustinova and
                  Hana Ajakan and
                  Pascal Germain and
                  Hugo Larochelle and
                  Fran{\c{c}}ois Laviolette and
                  Mario Marchand and
                  Victor S. Lempitsky},
  title        = {Domain-Adversarial Training of Neural Networks},
  journal      = {J. Mach. Learn. Res.},
  volume       = {17},
  pages        = {59:1--59:35},
  year         = {2016}
}

@inproceedings{gardner2023benchmarking,
  author       = {Josh Gardner and
                  Zoran Popovic and
                  Ludwig Schmidt},
  title        = {Benchmarking Distribution Shift in Tabular Data with TableShift},
  booktitle    = {NeurIPS},
  pages        = {53385--53432},
  year         = {2023}
}

@inproceedings{gong2022note,
  author       = {Taesik Gong and
                  Jongheon Jeong and
                  Taewon Kim and
                  Yewon Kim and
                  Jinwoo Shin and
                  Sung-Ju Lee},
  title        = {{NOTE:} Robust Continual Test-time Adaptation Against Temporal Correlation},
  booktitle    = {NeurIPS},
  pages        = {27253--27266},
  year         = {2022}
}

@inproceedings{gorishniy2021revisiting,
  author       = {Yury Gorishniy and
                  Ivan Rubachev and
                  Valentin Khrulkov and
                  Artem Babenko},
  title        = {Revisiting Deep Learning Models for Tabular Data},
  booktitle    = {NeurIPS},
  pages        = {18932--18943},
  year         = {2021}
}

@inproceedings{gorishniy2022embeddings,
  author       = {Yury Gorishniy and
                  Ivan Rubachev and
                  Artem Babenko},
  title        = {On Embeddings for Numerical Features in Tabular Deep Learning},
  booktitle    = {NeurIPS},
  pages        = {24991--25004},
  year         = {2022}
}

@inproceedings{gorishniy2024tabm,
  author       = {Yury Gorishniy and
                  Akim Kotelnikov and
                  Artem Babenko},
  title        = {TabM: Advancing Tabular Deep Learning with Parameter-Efficient Ensembling},
  booktitle    = {{ICLR}},
  year         = {2025}
}

@inproceedings{gorishniy2024tabr,
  author       = {Yury Gorishniy and
                  Ivan Rubachev and
                  Nikolay Kartashev and
                  Daniil Shlenskii and
                  Akim Kotelnikov and
                  Artem Babenko},
  title        = {TabR: Tabular Deep Learning Meets Nearest Neighbors},
  booktitle    = {{ICLR}},
  year         = {2024}
}

@inproceedings{helli2024drift,
  author       = {Kai Helli and
                  David Schnurr and
                  Noah Hollmann and
                  Samuel M{\"{u}}ller and
                  Frank Hutter},
  title        = {Drift-Resilient TabPFN: In-Context Learning Temporal Distribution
                  Shifts on Tabular Data},
  booktitle    = {NeurIPS},
  pages        = {98742--98781},
  year         = {2024}
}

@inproceedings{hoang2024persistent,
  author       = {Trung{-}Hieu Hoang and
                  MinhDuc Vo and
                  Minh Do},
  title        = {Persistent Test-time Adaptation in Recurring Testing Scenarios},
  booktitle    = {NeurIPS},
  pages        = {123402--123442},
  year         = {2024}
}

@inproceedings{hollmann2022tabpfn,
  author       = {Noah Hollmann and
                  Samuel M{\"{u}}ller and
                  Katharina Eggensperger and
                  Frank Hutter},
  title        = {TabPFN: {A} Transformer That Solves Small Tabular Classification Problems
                  in a Second},
  booktitle    = {{ICLR}},
  year         = {2023}
}

@inproceedings{ke2017lightgbm,
  author       = {Guolin Ke and
                  Qi Meng and
                  Thomas Finley and
                  Taifeng Wang and
                  Wei Chen and
                  Weidong Ma and
                  Qiwei Ye and
                  Tie-Yan Liu},
  title        = {LightGBM: {A} Highly Efficient Gradient Boosting Decision Tree},
  booktitle    = {{NIPS}},
  pages        = {3146--3154},
  year         = {2017}
}

@article{kim2024adaptable,
  author       = {Changhun Kim and
                  Taewon Kim and
                  Seungyeon Woo and
                  June Yong Yang and
                  Eunho Yang},
  title        = {AdapTable: Test-Time Adaptation for Tabular Data via Shift-Aware Uncertainty
                  Calibrator and Label Distribution Handler},
  journal      = {CoRR},
  volume       = {abs/2407.10784},
  year         = {2024}
}

@inproceedings{klambauer2017self,
  author       = {G{\"{u}}nter Klambauer and
                  Thomas Unterthiner and
                  Andreas Mayr and
                  Sepp Hochreiter},
  title        = {Self-Normalizing Neural Networks},
  booktitle    = {{NIPS}},
  pages        = {971--980},
  year         = {2017}
}

@inproceedings{mcelfresh2023when,
  author       = {Duncan C. McElfresh and
                  Sujay Khandagale and
                  Jonathan Valverde and
                  Vishak Prasad C. and
                  Ganesh Ramakrishnan and
                  Micah Goldblum and
                  Colin White},
  title        = {When Do Neural Nets Outperform Boosted Trees on Tabular Data?},
  booktitle    = {NeurIPS},
  pages        = {76336--76369},
  year         = {2023}
}

@inproceedings{prokhorenkova2018catboost,
  author       = {Liudmila Ostroumova Prokhorenkova and
                  Gleb Gusev and
                  Aleksandr Vorobev and
                  Anna Veronika Dorogush and
                  Andrey Gulin},
  title        = {CatBoost: unbiased boosting with categorical features},
  booktitle    = {NeurIPS},
  pages        = {6639--6649},
  year         = {2018}
}

@inproceedings{rubachev2024tabred,
  author       = {Ivan Rubachev and
                  Nikolay Kartashev and
                  Yury Gorishniy and
                  Artem Babenko},
  title        = {TabReD: {A} Benchmark of Tabular Machine Learning in-the-Wild},
  booktitle    = {{ICLR}},
  year         = {2025}
}

@inproceedings{sun2016deepcoral,
  author       = {Baochen Sun and
                  Kate Saenko},
  title        = {Deep {CORAL:} Correlation Alignment for Deep Domain Adaptation},
  booktitle    = {{ECCV} Workshops {(3)}},
  pages        = {443--450},
  year         = {2016}
}

@inproceedings{wang2021dcn,
  author       = {Ruoxi Wang and
                  Rakesh Shivanna and
                  Derek Zhiyuan Cheng and
                  Sagar Jain and
                  Dong Lin and
                  Lichan Hong and
                  Ed H. Chi},
  title        = {{DCN} {V2:} Improved Deep {\&} Cross Network and Practical Lessons
                  for Web-scale Learning to Rank Systems},
  booktitle    = {{WWW}},
  pages        = {1785--1797},
  year         = {2021}
}

@inproceedings{wang2021tent,
  author       = {Dequan Wang and
                  Evan Shelhamer and
                  Shaoteng Liu and
                  Bruno A. Olshausen and
                  Trevor Darrell},
  title        = {Tent: Fully Test-Time Adaptation by Entropy Minimization},
  booktitle    = {{ICLR}},
  year         = {2021}
}

@inproceedings{wang2022continual,
  author       = {Qin Wang and
                  Olga Fink and
                  Luc Van Gool and
                  Dengxin Dai},
  title        = {Continual Test-Time Domain Adaptation},
  booktitle    = {{CVPR}},
  pages        = {7191--7201},
  year         = {2022}
}

@inproceedings{yao2022wild,
  author       = {Huaxiu Yao and
                  Caroline Choi and
                  Bochuan Cao and
                  Yoonho Lee and
                  Pang Wei Koh and
                  Chelsea Finn},
  title        = {Wild-Time: {A} Benchmark of in-the-Wild Distribution Shift over Time},
  booktitle    = {NeurIPS},
  pages        = {10309--10324},
  year         = {2022}
}

@article{ye2024closer,
  author       = {Han-Jia Ye and
                  Si-Yang Liu and
                  Hao-Run Cai and
                  Qi-Le Zhou and
                  De-Chuan Zhan},
  title        = {A Closer Look at Deep Learning Methods on Tabular Datasets},
  journal      = {CoRR},
  volume       = {abs/2407.00956},
  year         = {2024}
}

@inproceedings{ye2024modern,
  author       = {Han-Jia Ye and
                  Huai-Hong Yin and
                  De-Chuan Zhan and
                  Wei-Lun Chao},
  title        = {Revisiting Nearest Neighbor for Tabular Data: {A} Deep Tabular Baseline
                  Two Decades Later},
  booktitle    = {{ICLR}},
  year         = {2025}
}

