@article{nederstigt2014floppies,
  author       = {Lennart J. Nederstigt and
                  Steven S. Aanen and
                  Damir Vandic and
                  Flavius Frasincar},
  title        = {{FLOPPIES:} {A} Framework for Large-Scale Ontology Population of Product
                  Information from Tabular Data in E-commerce Stores},
  journal      = {Decis. Support Syst.},
  volume       = {59},
  pages        = {296--311},
  year         = {2014}
}

@article{hassan2020machine,
  author       = {Md. Rafiul Hassan and
                  Sadiq Al-Insaif and
                  Muhammad Imtiaz Hossain and
                  Joarder Kamruzzaman},
  title        = {A machine learning approach for prediction of pregnancy outcome following
                  {IVF} treatment},
  journal      = {Neural Comput. Appl.},
  volume       = {32},
  pages        = {2283--2297},
  year         = {2020}
}

@article{zhou2022open,
  author       = {Zhi-Hua Zhou},
  title        = {Open Environment Machine Learning},
  journal      = {National Science Review},
  volume       = {9},
  pages        = {nwac123},
  year         = {2022}
}

@book{bishop2007pattern,
  author       = {Christopher M. Bishop},
  title        = {Pattern recognition and machine learning, 5th Edition},
  series       = {Information science and statistics},
  publisher    = {Springer},
  year         = {2007}
}

@book{mohri2012foundations,
  author       = {Mehryar Mohri and
                  Afshin Rostamizadeh and
                  Ameet Talwalkar},
  title        = {Foundations of Machine Learning},
  series       = {Adaptive computation and machine learning},
  publisher    = {{MIT} Press},
  year         = {2012}
}

@article{bergmeir2012use,
  author       = {Christoph Bergmeir and
                  Jos{\'{e}} Manuel Ben{\'{\i}}tez},
  title        = {On the use of cross-validation for time series predictor evaluation},
  journal      = {Inf. Sci.},
  volume       = {191},
  pages        = {192--213},
  year         = {2012}
}

@inproceedings{zeng2023transformers,
  author       = {Ailing Zeng and
                  Muxi Chen and
                  Lei Zhang and
                  Qiang Xu},
  title        = {Are Transformers Effective for Time Series Forecasting?},
  booktitle    = {{AAAI}},
  pages        = {11121--11128},
  year         = {2023}
}

@article{han2024revisiting,
  author       = {Lu Han and
                  Han-Jia Ye and
                  De-Chuan Zhan},
  title        = {The Capacity and Robustness Trade-Off: Revisiting the Channel Independent
                  Strategy for Multivariate Time Series Forecasting},
  journal      = {{IEEE} Trans. Knowl. Data Eng.},
  volume       = {36},
  pages        = {7129--7142},
  year         = {2024}
}

@inproceedings{klambauer2017self,
  author       = {G{\"{u}}nter Klambauer and
                  Thomas Unterthiner and
                  Andreas Mayr and
                  Sepp Hochreiter},
  title        = {Self-Normalizing Neural Networks},
  booktitle    = {{NIPS}},
  pages        = {971--980},
  year         = {2017}
}

@inproceedings{wang2021dcn,
  author       = {Ruoxi Wang and
                  Rakesh Shivanna and
                  Derek Zhiyuan Cheng and
                  Sagar Jain and
                  Dong Lin and
                  Lichan Hong and
                  Ed H. Chi},
  title        = {{DCN} {V2:} Improved Deep {\&} Cross Network and Practical Lessons
                  for Web-scale Learning to Rank Systems},
  booktitle    = {{WWW}},
  pages        = {1785--1797},
  year         = {2021}
}

@inproceedings{gorishniy2021revisiting,
  author       = {Yury Gorishniy and
                  Ivan Rubachev and
                  Valentin Khrulkov and
                  Artem Babenko},
  title        = {Revisiting Deep Learning Models for Tabular Data},
  booktitle    = {NeurIPS},
  pages        = {18932--18943},
  year         = {2021}
}

@inproceedings{gorishniy2022embeddings,
  author       = {Yury Gorishniy and
                  Ivan Rubachev and
                  Artem Babenko},
  title        = {On Embeddings for Numerical Features in Tabular Deep Learning},
  booktitle    = {NeurIPS},
  pages        = {24991--25004},
  year         = {2022}
}

@inproceedings{gorishniy2024tabr,
  author       = {Yury Gorishniy and
                  Ivan Rubachev and
                  Nikolay Kartashev and
                  Daniil Shlenskii and
                  Akim Kotelnikov and
                  Artem Babenko},
  title        = {TabR: Tabular Deep Learning Meets Nearest Neighbors},
  booktitle    = {{ICLR}},
  year         = {2024}
}

@inproceedings{holzmuller2024better,
  author       = {David Holzm{\"{u}}ller and
                  L{\'{e}}o Grinsztajn and
                  Ingo Steinwart},
  title        = {Better by default: Strong pre-tuned MLPs and boosted trees on tabular
                  data},
  booktitle    = {NeurIPS},
  pages        = {26577--26658},
  year         = {2024}
}

@inproceedings{ye2024modern,
  author       = {Han-Jia Ye and
                  Huai-Hong Yin and
                  De-Chuan Zhan and
                  Wei-Lun Chao},
  title        = {Revisiting Nearest Neighbor for Tabular Data: {A} Deep Tabular Baseline
                  Two Decades Later},
  booktitle    = {{ICLR}},
  year         = {2025}
}

@inproceedings{gorishniy2024tabm,
  author       = {Yury Gorishniy and
                  Akim Kotelnikov and
                  Artem Babenko},
  title        = {TabM: Advancing Tabular Deep Learning with Parameter-Efficient Ensembling},
  booktitle    = {{ICLR}},
  year         = {2025}
}

@article{breiman2001random,
  author       = {Leo Breiman},
  title        = {Random Forests},
  journal      = {Mach. Learn.},
  volume       = {45},
  pages        = {5--32},
  year         = {2001}
}

@inproceedings{chen2016xgboost,
  author       = {Tianqi Chen and
                  Carlos Guestrin},
  title        = {XGBoost: {A} Scalable Tree Boosting System},
  booktitle    = {{KDD}},
  pages        = {785--794},
  year         = {2016}
}

@inproceedings{ke2017lightgbm,
  author       = {Guolin Ke and
                  Qi Meng and
                  Thomas Finley and
                  Taifeng Wang and
                  Wei Chen and
                  Weidong Ma and
                  Qiwei Ye and
                  Tie-Yan Liu},
  title        = {LightGBM: {A} Highly Efficient Gradient Boosting Decision Tree},
  booktitle    = {{NIPS}},
  pages        = {3146--3154},
  year         = {2017}
}

@inproceedings{prokhorenkova2018catboost,
  author       = {Liudmila Ostroumova Prokhorenkova and
                  Gleb Gusev and
                  Aleksandr Vorobev and
                  Anna Veronika Dorogush and
                  Andrey Gulin},
  title        = {CatBoost: unbiased boosting with categorical features},
  booktitle    = {NeurIPS},
  pages        = {6639--6649},
  year         = {2018}
}

@inproceedings{mcelfresh2023when,
  author       = {Duncan C. McElfresh and
                  Sujay Khandagale and
                  Jonathan Valverde and
                  Vishak Prasad C. and
                  Ganesh Ramakrishnan and
                  Micah Goldblum and
                  Colin White},
  title        = {When Do Neural Nets Outperform Boosted Trees on Tabular Data?},
  booktitle    = {NeurIPS},
  pages        = {76336--76369},
  year         = {2023}
}

@article{ye2024closer,
  author       = {Han-Jia Ye and
                  Si-Yang Liu and
                  Hao-Run Cai and
                  Qi-Le Zhou and
                  De-Chuan Zhan},
  title        = {A Closer Look at Deep Learning Methods on Tabular Datasets},
  journal      = {CoRR},
  volume       = {abs/2407.00956},
  year         = {2024}
}

@article{liu2024talent,
  author       = {Si-Yang Liu and
                  Hao-Run Cai and
                  Qi-Le Zhou and
                  Han-Jia Ye},
  title        = {{TALENT:} {A} Tabular Analytics and Learning Toolbox},
  journal      = {CoRR},
  volume       = {abs/2407.04057},
  year         = {2024}
}

@inproceedings{yao2022wild,
  author       = {Huaxiu Yao and
                  Caroline Choi and
                  Bochuan Cao and
                  Yoonho Lee and
                  Pang Wei Koh and
                  Chelsea Finn},
  title        = {Wild-Time: {A} Benchmark of in-the-Wild Distribution Shift over Time},
  booktitle    = {NeurIPS},
  pages        = {10309--10324},
  year         = {2022}
}

@inproceedings{gardner2023benchmarking,
  author       = {Josh Gardner and
                  Zoran Popovic and
                  Ludwig Schmidt},
  title        = {Benchmarking Distribution Shift in Tabular Data with TableShift},
  booktitle    = {NeurIPS},
  pages        = {53385--53432},
  year         = {2023}
}

@inproceedings{tschalzev2024data,
  author       = {Andrej Tschalzev and
                  Sascha Marton and
                  Stefan L{\"{u}}dtke and
                  Christian Bartelt and
                  Heiner Stuckenschmidt},
  title        = {A Data-Centric Perspective on Evaluating Machine Learning Models for
                  Tabular Data},
  booktitle    = {NeurIPS},
  pages        = {95896--95930},
  year         = {2024}
}

@inproceedings{rubachev2024tabred,
  author       = {Ivan Rubachev and
                  Nikolay Kartashev and
                  Yury Gorishniy and
                  Artem Babenko},
  title        = {TabReD: {A} Benchmark of Tabular Machine Learning in-the-Wild},
  booktitle    = {{ICLR}},
  year         = {2025}
}

@inproceedings{helli2024drift,
  author       = {Kai Helli and
                  David Schnurr and
                  Noah Hollmann and
                  Samuel M{\"{u}}ller and
                  Frank Hutter},
  title        = {Drift-Resilient TabPFN: In-Context Learning Temporal Distribution
                  Shifts on Tabular Data},
  booktitle    = {NeurIPS},
  pages        = {98742--98781},
  year         = {2024}
}

@inproceedings{hollmann2022tabpfn,
  author       = {Noah Hollmann and
                  Samuel M{\"{u}}ller and
                  Katharina Eggensperger and
                  Frank Hutter},
  title        = {TabPFN: {A} Transformer That Solves Small Tabular Classification Problems
                  in a Second},
  booktitle    = {{ICLR}},
  year         = {2023}
}

@article{ganin2016domain,
  author       = {Yaroslav Ganin and
                  Evgeniya Ustinova and
                  Hana Ajakan and
                  Pascal Germain and
                  Hugo Larochelle and
                  Fran{\c{c}}ois Laviolette and
                  Mario Marchand and
                  Victor S. Lempitsky},
  title        = {Domain-Adversarial Training of Neural Networks},
  journal      = {J. Mach. Learn. Res.},
  volume       = {17},
  pages        = {59:1--59:35},
  year         = {2016}
}

@inproceedings{sun2016deepcoral,
  author       = {Baochen Sun and
                  Kate Saenko},
  title        = {Deep {CORAL:} Correlation Alignment for Deep Domain Adaptation},
  booktitle    = {{ECCV} Workshops {(3)}},
  pages        = {443--450},
  year         = {2016}
}

@article{kim2024adaptable,
  author       = {Changhun Kim and
                  Taewon Kim and
                  Seungyeon Woo and
                  June Yong Yang and
                  Eunho Yang},
  title        = {AdapTable: Test-Time Adaptation for Tabular Data via Shift-Aware Uncertainty
                  Calibrator and Label Distribution Handler},
  journal      = {CoRR},
  volume       = {abs/2407.10784},
  year         = {2024}
}

@inproceedings{cai2024continuous,
  author       = {Zekun Cai and
                  Guangji Bai and
                  Renhe Jiang and
                  Xuan Song and
                  Liang Zhao},
  title        = {Continuous Temporal Domain Generalization},
  booktitle    = {NeurIPS},
  pages        = {127987--128014},
  year         = {2024}
}

@inproceedings{wang2022continual,
  author       = {Qin Wang and
                  Olga Fink and
                  Luc Van Gool and
                  Dengxin Dai},
  title        = {Continual Test-Time Domain Adaptation},
  booktitle    = {{CVPR}},
  pages        = {7191--7201},
  year         = {2022}
}

@inproceedings{yuan2023robust,
  author       = {Longhui Yuan and
                  Binhui Xie and
                  Shuang Li},
  title        = {Robust Test-Time Adaptation in Dynamic Scenarios},
  booktitle    = {{CVPR}},
  pages        = {15922--15932},
  year         = {2023}
}

@inproceedings{ganin2015unsupervised,
  author       = {Yaroslav Ganin and
                  Victor S. Lempitsky},
  title        = {Unsupervised Domain Adaptation by Backpropagation},
  booktitle    = {{ICML}},
  pages        = {1180--1189},
  year         = {2015}
}

@inproceedings{blanchard2011generalizing,
  author       = {Gilles Blanchard and
                  Gyemin Lee and
                  Clayton Scott},
  title        = {Generalizing from Several Related Classification Tasks to a New Unlabeled
                  Sample},
  booktitle    = {{NIPS}},
  pages        = {2178--2186},
  year         = {2011}
}

@article{blanchard2021domain,
  author       = {Gilles Blanchard and
                  Aniket Anand Deshmukh and
                  {\"{U}}r{\"{u}}n Dogan and
                  Gyemin Lee and
                  Clayton Scott},
  title        = {Domain Generalization by Marginal Transfer Learning},
  journal      = {J. Mach. Learn. Res.},
  volume       = {22},
  pages        = {1--55},
  year         = {2021}
}

@inproceedings{wang2021tent,
  author       = {Dequan Wang and
                  Evan Shelhamer and
                  Shaoteng Liu and
                  Bruno A. Olshausen and
                  Trevor Darrell},
  title        = {Tent: Fully Test-Time Adaptation by Entropy Minimization},
  booktitle    = {{ICLR}},
  year         = {2021}
}

@inproceedings{hoang2024persistent,
  author       = {Trung{-}Hieu Hoang and
                  MinhDuc Vo and
                  Minh Do},
  title        = {Persistent Test-time Adaptation in Recurring Testing Scenarios},
  booktitle    = {NeurIPS},
  pages        = {123402--123442},
  year         = {2024}
}

@inproceedings{gong2022note,
  author       = {Taesik Gong and
                  Jongheon Jeong and
                  Taewon Kim and
                  Yewon Kim and
                  Jinwoo Shin and
                  Sung-Ju Lee},
  title        = {{NOTE:} Robust Continual Test-time Adaptation Against Temporal Correlation},
  booktitle    = {NeurIPS},
  pages        = {27253--27266},
  year         = {2022}
}

@inproceedings{gretton2006kernel,
  author       = {Arthur Gretton and
                  Karsten M. Borgwardt and
                  Malte J. Rasch and
                  Bernhard Sch{\"{o}}lkopf and
                  Alexander J. Smola},
  title        = {A Kernel Method for the Two-Sample-Problem},
  booktitle    = {{NIPS}},
  pages        = {513--520},
  year         = {2006}
}

@misc{matveev2017sberbank,
  author       = {Alexey Matveev and
                  Anastasia Sidorova},
  title        = {Sberbank Russian Housing Market},
  year         = {2017},
  howpublished = {\url{https://kaggle.com/competitions/sberbank-russian-housing-market}},
  note         = {Kaggle}
}

@inproceedings{wang2024rethinking,
  author       = {Chengsen Wang and
                  Qi Qi and
                  Jingyu Wang and
                  Haifeng Sun and
                  Zirui Zhuang and
                  Jinming Wu and
                  Jianxin Liao},
  title        = {Rethinking the Power of Timestamps for Robust Time Series Forecasting:
                  {A} Global-Local Fusion Perspective},
  booktitle    = {NeurIPS},
  pages        = {22206--22232},
  year         = {2024}
}

@article{zeng2024howmuch,
  author       = {Chaolv Zeng and
                  Yuan Tian and
                  Guanjie Zheng and
                  Yunjun Gao},
  title        = {How Much Can Time-related Features Enhance Time Series Forecasting?},
  journal      = {CoRR},
  volume       = {abs/2412.01557},
  year         = {2024}
}

@inproceedings{li2021learnable,
  author       = {Yang Li and
                  Si Si and
                  Gang Li and
                  Cho-Jui Hsieh and
                  Samy Bengio},
  title        = {Learnable Fourier Features for Multi-dimensional Spatial Positional
                  Encoding},
  booktitle    = {NeurIPS},
  pages        = {15816--15829},
  year         = {2021}
}

@inproceedings{tancik2020fourier,
  author       = {Matthew Tancik and
                  Pratul P. Srinivasan and
                  Ben Mildenhall and
                  Sara Fridovich-Keil and
                  Nithin Raghavan and
                  Utkarsh Singhal and
                  Ravi Ramamoorthi and
                  Jonathan T. Barron and
                  Ren Ng},
  title        = {Fourier Features Let Networks Learn High Frequency Functions in Low
                  Dimensional Domains},
  booktitle    = {NeurIPS},
  pages        = {7537-7547},
  year         = {2020}
}

@inproceedings{akiba2019optuna,
  author       = {Takuya Akiba and
                  Shotaro Sano and
                  Toshihiko Yanase and
                  Takeru Ohta and
                  Masanori Koyama},
  title        = {Optuna: {A} Next-generation Hyperparameter Optimization Framework},
  booktitle    = {{KDD}},
  pages        = {2623--2631},
  publisher    = {{ACM}},
  year         = {2019}
}

@inproceedings{loshchilov2019decoupled,
  author       = {Ilya Loshchilov and
                  Frank Hutter},
  title        = {Decoupled Weight Decay Regularization},
  booktitle    = {{ICLR}},
  year         = {2019}
}

@article{liu2025tabpfnunleashed,
  author       = {Si-Yang Liu and
                  Han-Jia Ye},
  title        = {TabPFN Unleashed: A Scalable and Effective Solution to Tabular
                  Classification Problems},
  journal      = {CoRR},
  volume       = {abs/2502.02527},
  year         = {2025}
}

@article{ye2023rethinkingpretrainingtabulardata,
  author       = {Han-Jia Ye and
                  Qi-Le Zhou and
                  Huai-Hong Yin and
                  De-Chuan Zhan and
                  Wei-Lun Chao},
  title        = {Rethinking Pre-Training in Tabular Data: A Neighborhood Embedding Perspective}, 
  journal      = {CoRR},
  volume       = {abs/2311.00055}, 
  year         = {2023}
}

@article{hollmann2025accurate,
  author       = {Hollmann, Noah and
                  Müller, Samuel and
                  Purucker, Lennart and
                  Krishnakumar, Arjun and
                  Körfer, Max and
                  Hoo, Shi Bin and
                  Schirrmeister, Robin Tibor and
                  Hutter, Frank},
  title        = {Accurate predictions on small data with a tabular foundation model},
  journal      = {Nature},
  volume       = {637},
  pages        = {319--326},
  year         = {2025}
}
