@article{chen2022weighing,
  title={Weighing dynamic availability and consumption for Twitch recommendations},
  author={Chen, Edgar and Ally, Mark and Santana, Eder and Ali, Saad},
journal={Arxiv},
  year={2022}
}
@article{trinity,
  title={Trinity: Syncretizing Multi-/Long-tail/Long-term Interests All in One},
  author={Yan, Jing and Jiang, Liu and Cui, Jianfei and Zhao, Zhichen and Bin, Xingyan and Zhang, Feng and Liu, Zuotao},
  journal={Arxiv},
  year={2024}
}
@article{contentctr,
  title={ContentCTR: Frame-level Live Streaming Click-Through Rate Prediction with Multimodal Transformer},
  author={Deng, Jiaxin and Shen, Dong and Wang, Shiyao and Wu, Xiangyu and Yang, Fan and Zhou, Guorui and Meng, Gaofeng},
  journal={Arxiv},
  year={2023}
}
@article{flamingo,
  title={Openflamingo: An open-source framework for training large autoregressive vision-language models},
  author={Awadalla, Anas and Gao, Irena and Gardner, Josh and Hessel, Jack and Hanafy, Yusuf and Zhu, Wanrong and Marathe, Kalyani and Bitton, Yonatan and Gadre, Samir and Sagawa, Shiori and others},
  journal={Arxiv},
  year={2023}
}
@article{handlingdelay,
  title={Handling many conversions per click in modeling delayed feedback},
  author={Badanidiyuru, Ashwinkumar and Evdokimov, Andrew and Krishnan, Vinodh and Li, Pan and Vonnegut, Wynn and Wang, Jayden},
  journal={Arxiv},
  year={2021}
}
@article{eta,
  title={End-to-end user behavior retrieval in click-through rateprediction model},
  author={Chen, Qiwei and Pei, Changhua and Lv, Shanshan and Li, Chao and Ge, Junfeng and Ou, Wenwu},
  journal={Arxiv},
  year={2021}
}
@article{twinv2,
  title={TWIN V2: Scaling Ultra-Long User Behavior Sequence Modeling for Enhanced CTR Prediction at Kuaishou},
  author={Si, Zihua and Guan, Lin and Sun, ZhongXiang and Zang, Xiaoxue and Lu, Jing and Hui, Yiqun and Cao, Xingchao and Yang, Zeyu and Zheng, Yichen and Leng, Dewei and others},
  journal={Arxiv},
  year={2024}
}
@article{sliver,
  title={Ensure Timeliness and Accuracy: A Novel Sliding Window Data Stream Paradigm for Live Streaming Recommendation},
  author={Liang, Fengqi and Zheng, Baigong and Zhao, Liqin and Zhou, Guorui and Wang, Qian and Niu, Yanan},
  journal={Arxiv},
  year={2024}
}
@article{swing,
  title={Large scale product graph construction for recommendation in e-commerce},
  author={Yang, Xiaoyong and Zhu, Yadong and Zhang, Yi and Wang, Xiaobo and Yuan, Quan},
  journal={Arxiv},
  year={2020}
}
@article{kuaiformer,
  title={KuaiFormer: Transformer-Based Retrieval at Kuaishou},
  author={Liu, Chi and Cao, Jiangxia and Huang, Rui and Zheng, Kai and Luo, Qiang and Gai, Kun and Zhou, Guorui},
  journal={Arxiv},
  year={2024}
}
@article{recflow,
  title={RecFlow: An Industrial Full Flow Recommendation Dataset},
  author={Liu, Qi and Zheng, Kai and Huang, Rui and Li, Wuchao and Cai, Kuo and Chai, Yuan and Niu, Yanan and Hui, Yiqun and Han, Bing and Mou, Na and others},
  journal={Arxiv},
  year={2024}
}
@article{sutskever2014sequence,
  title={Sequence to Sequence Learning with Neural Networks},
  author={Sutskever, I},
  journal={Arxiv},
  year={2014}
}
@article{nie2022time,
  title={A time series is worth 64 words: Long-term forecasting with transformers},
  author={Nie, Yuqi and Nguyen, Nam H and Sinthong, Phanwadee and Kalagnanam, Jayant},
  journal={Arxiv},
  year={2022}
}
@article{liu2023itransformer,
  title={itransformer: Inverted transformers are effective for time series forecasting},
  author={Liu, Yong and Hu, Tengge and Zhang, Haoran and Wu, Haixu and Wang, Shiyu and Ma, Lintao and Long, Mingsheng},
  journal={Arxiv},
  year={2023}
}
@article{cao2024moment,
  title={Moment\&Cross: Next-Generation Real-Time Cross-Domain CTR Prediction for Live-Streaming Recommendation at Kuaishou},
  author={Cao, Jiangxia and Wang, Shen and Li, Yue and Wang, Shenghui and Tang, Jian and Wang, Shiyao and Yang, Shuang and Liu, Zhaojie and Zhou, Guorui},
  journal={Arxiv},
  year={2024}
}
@article{bai2023qwen,
  title={Qwen technical report},
  author={Bai, Jinze and Bai, Shuai and Chu, Yunfei and Cui, Zeyu and Dang, Kai and Deng, Xiaodong and Fan, Yang and Ge, Wenbin and Han, Yu and Huang, Fei and others},
  journal={Arxiv},
  year={2023}
}
@article{achiam2023gpt,
  title={Gpt-4 technical report},
  author={Achiam, Josh and Adler, Steven and Agarwal, Sandhini and Ahmad, Lama and Akkaya, Ilge and Aleman, Florencia Leoni and Almeida, Diogo and Altenschmidt, Janko and Altman, Sam and Anadkat, Shyamal and others},
  journal={Arxiv},
  year={2023}
}
@article{tian2024videotetris,
  title={VideoTetris: Towards Compositional Text-to-Video Generation},
  author={Tian, Ye and Yang, Ling and Yang, Haotian and Gao, Yuan and Deng, Yufan and Chen, Jingmin and Wang, Xintao and Yu, Zhaochen and Tao, Xin and Wan, Pengfei and others},
  journal={Arxiv},
  year={2024}
}
@article{an2024funaudiollm,
  title={Funaudiollm: Voice understanding and generation foundation models for natural interaction between humans and llms},
  author={An, Keyu and Chen, Qian and Deng, Chong and Du, Zhihao and Gao, Changfeng and Gao, Zhifu and Gu, Yue and He, Ting and Hu, Hangrui and Hu, Kai and others},
  journal={Arxiv},
  year={2024}
}
@article{yang2024unifying,
  title={Unifying Generative and Dense Retrieval for Sequential Recommendation},
  author={Yang, Liu and Paischer, Fabian and Hassani, Kaveh and Li, Jiacheng and Shao, Shuai and Li, Zhang Gabriel and He, Yun and Feng, Xue and Noorshams, Nima and Park, Sem and others},
  journal={Arxiv},
  year={2024}
}
@article{zhai2024actions,
  title={Actions speak louder than words: Trillion-parameter sequential transducers for generative recommendations},
  author={Zhai, Jiaqi and Liao, Lucy and Liu, Xing and Wang, Yueming and Li, Rui and Cao, Xuan and Gao, Leon and Gong, Zhaojie and Gu, Fangda and He, Michael and others},
  journal={Arxiv},
  year={2024}
}
@article{lv2024marm,
  title={MARM: Unlocking the Future of Recommendation Systems through Memory Augmentation and Scalable Complexity},
  author={Lv, Xiao and Cao, Jiangxia and Guan, Shijie and Zhou, Xiaoyou and Qi, Zhiguang and Zang, Yaqiang and Li, Ming and Wang, Ben and Gai, Kun and Zhou, Guorui},
  journal={Arxiv},
  year={2024}
}
@article{chen2024hllm,
  title={Hllm: Enhancing sequential recommendations via hierarchical large language models for item and user modeling},
  author={Chen, Junyi and Chi, Lu and Peng, Bingyue and Yuan, Zehuan},
  journal={Arxiv},
  year={2024}
}
@article{luo2024qarm,
  title={QARM: Quantitative Alignment Multi-Modal Recommendation at Kuaishou},
  author={Luo, Xinchen and Cao, Jiangxia and Sun, Tianyu and Yu, Jinkai and Huang, Rui and Yuan, Wei and Lin, Hezheng and Zheng, Yichen and Wang, Shiyao and Hu, Qigen and others},
  journal={Arxiv},
  year={2024}
}

@article{xi2023multimodal,
  title={A multimodal time-series method for gifting prediction in live streaming platforms},
  author={Xi, Dinghao and Tang, Liumin and Chen, Runyu and Xu, Wei},
  journal={Information Processing \& Management (IPM)},
  year={2023},
}






@article{MTLSurvey,
  title={A Survey on Multi-Task Learning},
  author={Zhang, Yu and Yang, Qiang},
  journal={IEEE Transactions on Knowledge and Data Engineering (TKDE)},
  year={2022}
}






@inproceedings{deng2024mmbee,
  title={MMBee: Live Streaming Gift-Sending Recommendations via Multi-Modal Fusion and Behaviour Expansion},
  author={Deng, Jiaxin and Wang, Shiyao and Wang, Yuchen and Qi, Jiansong and Zhao, Liqin and Zhou, Guorui and Meng, Gaofeng},
  booktitle={ACM SIGKDD Conference on Knowledge Discovery and Data Mining (KDD)},
  year={2024}
}
@inproceedings{din,
  title = {Deep Interest Network for Click-Through Rate Prediction},
  author = {Zhou, Guorui and Zhu, Xiaoqiang and Song, Chenru and Fan, Ying and Zhu, Han and Ma, Xiao and Yan, Yanghui and Jin, Junqi and Li, Han and Gai, Kun},
  booktitle = {ACM SIGKDD Conference on Knowledge Discovery and Data Mining (KDD)},
  year = {2018}
}
@inproceedings{pepnet,
  title={Pepnet: Parameter and embedding personalized network for infusing with personalized prior information},
  author={Chang, Jianxin and Zhang, Chenbin and Hui, Yiqun and Leng, Dewei and Niu, Yanan and Song, Yang and Gai, Kun},
  booktitle = {ACM SIGKDD Conference on Knowledge Discovery and Data Mining (KDD)},
  year={2023}
}
@inproceedings{twin,
  title={TWIN: TWo-stage interest network for lifelong user behavior modeling in CTR prediction at kuaishou},
  author={Chang, Jianxin and Zhang, Chenbin and Fu, Zhiyi and Zang, Xiaoxue and Guan, Lin and Lu, Jing and Hui, Yiqun and Leng, Dewei and Niu, Yanan and Song, Yang and others},
  booktitle = {ACM SIGKDD Conference on Knowledge Discovery and Data Mining (KDD)},
  year={2023}
}
@inproceedings{dfm,
  title={Modeling delayed feedback in display advertising},
  author={Chapelle, Olivier},
  booktitle = {ACM SIGKDD Conference on Knowledge Discovery and Data Mining (KDD)},
  year={2014}
}
@inproceedings{home,
  title={HoME: Hierarchy of Multi-Gate Experts for Multi-Task Learning at Kuaishou},
  author={Wang, Xu and Cao, Jiangxia and Fu, Zhiyi and Gai, Kun and Zhou, Guorui},
  booktitle = {ACM SIGKDD Conference on Knowledge Discovery and Data Mining (KDD)},
  year={2025}
}
@inproceedings{ebr,
  title={Embedding-based retrieval in facebook search},
  author={Huang, Jui-Ting and Sharma, Ashish and Sun, Shuying and Xia, Li and Zhang, David and Pronin, Philip and Padmanabhan, Janani and Ottaviano, Giuseppe and Yang, Linjun},
  booktitle={ACM SIGKDD Conference on Knowledge Discovery and Data Mining (KDD)},
  year={2020}
}






@inproceedings{zheng2023dual,
  title={Dual Interests-Aligned Graph Auto-Encoders for Cross-domain Recommendation in WeChat},
  author={Zheng, Jiawei and Gu, Hao and Song, Chonggang and Lin, Dandan and Yi, Lingling and Chen, Chuan},
  booktitle={ACM International Conference on Information and Knowledge Management (CIKM)},
  year={2023}
}
@inproceedings{sim,
  title={Search-based User Interest Modeling with Lifelong Sequential Behavior Data for Click-Through Rate Prediction},
  author={Pi, Qi and Zhou, Guorui and Zhang, Yujing and Wang, Zhe and Ren, Lejian and Fan, Ying and Zhu, Xiaoqiang and Gai, Kun},
  booktitle={ACM International Conference on Information and Knowledge Management (CIKM)},
  year={2020}
}
@inproceedings{sdim,
  title={Sampling is all you need on modeling long-term user behaviors for CTR prediction},
  author={Cao, Yue and Zhou, Xiaojiang and Feng, Jiaqi and Huang, Peihao and Xiao, Yao and Chen, Dayao and Chen, Sheng},
  booktitle={ACM International Conference on Information and Knowledge Management (CIKM)},
  year={2022}
}
@inproceedings{fuxictr,
  title={Open benchmarking for click-through rate prediction},
  author={Zhu, Jieming and Liu, Jinyang and Yang, Shuai and Zhang, Qi and He, Xiuqiang},
  booktitle={ACM International Conference on Information and Knowledge Management (CIKM)},
  year={2021}
}
@inproceedings{c2dsr,
  title={Contrastive cross-domain sequential recommendation},
  author={Cao, Jiangxia and Cong, Xin and Sheng, Jiawei and Liu, Tingwen and Wang, Bin},
  booktitle={ACM International Conference on Information and Knowledge Management (CIKM)},
  year={2022}
}




@inproceedings{liverec,
  title={Recommendation on live-streaming platforms: Dynamic availability and repeat consumption},
  author={Rappaz, J{\'e}r{\'e}mie and McAuley, Julian and Aberer, Karl},
  booktitle={ACM Conference on Recommender Systems (RecSys)},
  year={2021}
}
@inproceedings{ple,
  title={Progressive Layered Extraction (PLE): A Novel Multi-Task Learning (MTL) Model for Personalized Recommendations},
  author={Tang, Hongyan and Liu, Junning and Zhao, Ming and Gong, Xudong},
  booktitle={ACM Conference on Recommender Systems (RecSys)},
  year={2020}
}
@inproceedings{youtube,
  title={Deep Neural Networks for YouTube Recommendations},
  author={Covington, Paul and Adams, Jay and Sargin, Emre},
  booktitle={ACM Conference on Recommender Systems (RecSys)},
  year={2016}
}
@inproceedings{puloss,
  title={Addressing delayed feedback for continuous training with neural networks in CTR prediction},
  author={Ktena, Sofia Ira and Tejani, Alykhan and Theis, Lucas and Myana, Pranay Kumar and Dilipkumar, Deepak and Husz{\'a}r, Ferenc and Yoo, Steven and Shi, Wenzhe},
  booktitle={ACM Conference on Recommender Systems (RecSys)},
  year={2019}
}
@inproceedings{youtubemmoe,
  title={Recommending what video to watch next: a multitask ranking system},
  author={Zhao, Zhe and Hong, Lichan and Wei, Li and Chen, Jilin and Nath, Aniruddh and Andrews, Shawn and Kumthekar, Aditee and Sathiamoorthy, Maheswaran and Yi, Xinyang and Chi, Ed},
  booktitle={ACM Conference on Recommender Systems (RecSys)},
  year={2019}
}
@inproceedings{widedeep,
  title={Wide \& deep learning for recommender systems},
  author={Cheng, Heng-Tze and Koc, Levent and Harmsen, Jeremiah and Shaked, Tal and Chandra, Tushar and Aradhye, Hrishi and Anderson, Glen and Corrado, Greg and Chai, Wei and Ispir, Mustafa and others},
  booktitle={ACM Conference on Recommender Systems (RecSys Workshop)},
  year={2016}
}



@inproceedings{unicdr,
  title={Towards universal cross-domain recommendation},
  author={Cao, Jiangxia and Li, Shaoshuai and Yu, Bowen and Guo, Xiaobo and Liu, Tingwen and Wang, Bin},
  booktitle={ACM International Conference on Web Search and Data Mining (WSDM)},
  year={2023}
}



@inproceedings{eliverec,
  title={Cross-domain disentangled learning for e-commerce live streaming recommendation},
  author={Zhang, Yixin and Liu, Yong and Xiong, Hao and Liu, Yi and Yu, Fuqiang and He, Wei and Xu, Yonghui and Cui, Lizhen and Miao, Chunyan},
  booktitle={IEEE International Conference on Data Engineering (ICDE)},
  year={2023},
}
@inproceedings{cdrib,
  title={Cross-domain recommendation to cold-start users via variational information bottleneck},
  author={Cao, Jiangxia and Sheng, Jiawei and Cong, Xin and Liu, Tingwen and Wang, Bin},
  booktitle={IEEE International Conference on Data Engineering (ICDE)},
  year={2022},
}








@inproceedings{interestclock,
  title={Interest Clock: Time Perception in Real-Time Streaming Recommendation System},
  author={Zhu, Yongchun and Chen, Jingwu and Chen, Ling and Li, Yitan and Zhang, Feng and Liu, Zuotao},
  booktitle={International ACM SIGIR Conference on Research and Development in Information Retrieval (SIGIR)},
  year={2024}
}
@inproceedings{esmm,
  title={Entire space multi-task model: An effective approach for estimating post-click conversion rate},
  author={Ma, Xiao and Zhao, Liqin and Huang, Guan and Wang, Zhi and Hu, Zelin and Zhu, Xiaoqiang and Gai, Kun},
  booktitle={International ACM SIGIR Conference on Research and Development in Information Retrieval (SIGIR)},
  year={2018}
}
@inproceedings{disencdr,
  title={Disencdr: Learning disentangled representations for cross-domain recommendation},
  author={Cao, Jiangxia and Lin, Xixun and Cong, Xin and Ya, Jing and Liu, Tingwen and Wang, Bin},
  booktitle={International ACM SIGIR Conference on Research and Development in Information Retrieval (SIGIR)},
  year={2022}
}







@inproceedings{gpt,
  title={Language models are few-shot learners},
  author={Brown, Tom and Mann, Benjamin and Ryder, Nick and Subbiah, Melanie and Kaplan, Jared D and Dhariwal, Prafulla and Neelakantan, Arvind and Shyam, Pranav and Sastry, Girish and Askell, Amanda and others},
  booktitle={Conference on Neural Information Processing Systems (NeurIPS)},
  year={2020}
}
@@inproceedings{tiger,
  title={Recommender systems with generative retrieval},
  author={Rajput, Shashank and Mehta, Nikhil and Singh, Anima and Hulikal Keshavan, Raghunandan and Vu, Trung and Heldt, Lukasz and Hong, Lichan and Tay, Yi and Tran, Vinh and Samost, Jonah and others},
  booktitle = {Advances in Neural Information Processing Systems (NeurIPS)}, 
  year={2023}
}
@inproceedings{tdm,
  title={Joint optimization of tree-based index and deep model for recommender systems},
  author={Zhu, Han and Chang, Daqing and Xu, Ziru and Zhang, Pengye and Li, Xiang and He, Jie and Li, Han and Xu, Jian and Gai, Kun},
  booktitle = {Advances in Neural Information Processing Systems (NeurIPS)}, 
  year={2019}
}
@inproceedings{vaswani2017attention,
  title={Attention is all you need},
  author={Vaswani, A},
  booktitle = {Advances in Neural Information Processing Systems (NeurIPS)}, 
  year={2017}
}








@inproceedings{dien,
  title={Deep interest evolution network for click-through rate prediction},
  author={Zhou, Guorui and Mou, Na and Fan, Ying and Pi, Qi and Bian, Weijie and Zhou, Chang and Zhu, Xiaoqiang and Gai, Kun},
  booktitle={AAAI Conference on Artificial Intelligence (AAAI)},
  year={2019}
}



@inproceedings{fm,
  title={Factorization machines},
  author={Rendle, Steffen},
  booktitle={IEEE International Conference on Data Mining (ICDM)},
  year={2010},
}




@inproceedings{kim2021reversible,
  title={Reversible instance normalization for accurate time-series forecasting against distribution shift},
  author={Kim, Taesung and Kim, Jinhee and Tae, Yunwon and Park, Cheonbok and Choi, Jang-Ho and Choo, Jaegul},
  booktitle={International Conference on Learning Representations (ICLR)},
  year={2021}
}




@inproceedings{ipw,
  title={Recommendations as treatments: Debiasing learning and evaluation},
  author={Schnabel, Tobias and Swaminathan, Adith and Singh, Ashudeep and Chandak, Navin and Joachims, Thorsten},
  booktitle={International Conference on Machine Learning (ICML)},
  year={2016},
}
@inproceedings{liutimer,
  title={Timer: Generative Pre-trained Transformers Are Large Time Series Models},
  author={Liu, Yong and Zhang, Haoran and Li, Chenyu and Huang, Xiangdong and Wang, Jianmin and Long, Mingsheng},
  booktitle={International Conference on Machine Learning (ICML)},
    year={2024},
}



@inproceedings{zhang2024notellm,
  title={NoteLLM: A Retrievable Large Language Model for Note Recommendation},
  author={Zhang, Chao and Wu, Shiwei and Zhang, Haoxin and Xu, Tong and Gao, Yan and Hu, Yao and Chen, Enhong},
  booktitle={Companion Proceedings of the ACM on Web Conference},
  year={2024}
}