@INPROCEEDINGS{yurochkin2019bayesian,
  title={Bayesian nonparametric federated learning of neural networks},
  author={Yurochkin, Mikhail and Agarwal, Mayank and Ghosh, Soumya and Greenewald, Kristjan and Hoang, Nghia and Khazaeni, Yasaman},
  booktitle={International conference on machine learning},
  pages={7252--7261},
  year={2019},
  organization={PMLR}
}

@inproceedings{mcmahan2017communication,
  title={Communication-efficient learning of deep networks from decentralized data},
  author={McMahan, Brendan and Moore, Eider and Ramage, Daniel and Hampson, Seth and y Arcas, Blaise Aguera},
  booktitle={Artificial intelligence and statistics},
  pages={1273--1282},
  year={2017},
  organization={PMLR}
}

@article{li2020federated,
  title={Federated optimization in heterogeneous networks},
  author={Li, Tian and Sahu, Anit Kumar and Zaheer, Manzil and Sanjabi, Maziar and Talwalkar, Ameet and Smith, Virginia},
  journal={Proceedings of Machine learning and systems},
  volume={2},
  pages={429--450},
  year={2020}
}

@inproceedings{zhu2023fedlp,
  title={Fedlp: Layer-wise pruning mechanism for communication-computation efficient federated learning},
  author={Zhu, Zheqi and Shi, Yuchen and Luo, Jiajun and Wang, Fei and Peng, Chenghui and Fan, Pingyi and Letaief, Khaled B},
  booktitle={ICC 2023-IEEE International Conference on Communications},
  pages={1250--1255},
  year={2023},
  organization={IEEE}
}

@inproceedings{ma2022layer,
  title={Layer-wised model aggregation for personalized federated learning},
  author={Ma, Xiaosong and Zhang, Jie and Guo, Song and Xu, Wenchao},
  booktitle={Proceedings of the IEEE/CVF conference on computer vision and pattern recognition},
  pages={10092--10101},
  year={2022}
}

@article{wang2024towards,
  title={Towards personalized federated learning via heterogeneous model reassembly},
  author={Wang, Jiaqi and Yang, Xingyi and Cui, Suhan and Che, Liwei and Lyu, Lingjuan and Xu, Dongkuan DK and Ma, Fenglong},
  journal={Advances in Neural Information Processing Systems},
  volume={36},
  year={2024}
}

@inproceedings{lee2023layer,
  title={Layer-wise adaptive model aggregation for scalable federated learning},
  author={Lee, Sunwoo and Zhang, Tuo and Avestimehr, A Salman},
  booktitle={Proceedings of the AAAI Conference on Artificial Intelligence},
  volume={37},
  pages={8491--8499},
  year={2023}
}
@article{kairouz2021advances,
  title={Advances and open problems in federated learning},
  author={Kairouz, Peter and McMahan, H Brendan and Avent, Brendan and Bellet, Aur{\'e}lien and Bennis, Mehdi and Bhagoji, Arjun Nitin and Bonawitz, Kallista and Charles, Zachary and Cormode, Graham and Cummings, Rachel and others},
  journal={Foundations and trends{\textregistered} in machine learning},
  volume={14},
  number={1--2},
  pages={1--210},
  year={2021},
  publisher={Now Publishers, Inc.}
}
@article{pati2022federated,
  title={Federated learning enables big data for rare cancer boundary detection},
  author={Pati, Sarthak and Baid, Ujjwal and Edwards, Brandon and Sheller, Micah and Wang, Shih-Han and Reina, G Anthony and Foley, Patrick and Gruzdev, Alexey and Karkada, Deepthi and Davatzikos, Christos and others},
  journal={Nature communications},
  volume={13},
  number={1},
  pages={7346},
  year={2022},
  publisher={Nature Publishing Group UK London}
}

@article{pati2021federated,
  title={The federated tumor segmentation (fets) challenge},
  author={Pati, Sarthak and Baid, Ujjwal and Zenk, Maximilian and Edwards, Brandon and Sheller, Micah and Reina, G Anthony and Foley, Patrick and Gruzdev, Alexey and Martin, Jason and Albarqouni, Shadi and others},
  journal={arXiv preprint arXiv:2105.05874},
  year={2021}
}

@article{dayan2021federated,
  title={Federated learning for predicting clinical outcomes in patients with COVID-19},
  author={Dayan, Ittai and Roth, Holger R and Zhong, Aoxiao and Harouni, Ahmed and Gentili, Amilcare and Abidin, Anas Z and Liu, Andrew and Costa, Anthony Beardsworth and Wood, Bradford J and Tsai, Chien-Sung and others},
  journal={Nature medicine},
  volume={27},
  number={10},
  pages={1735--1743},
  year={2021},
  publisher={Nature Publishing Group US New York}
}

@article{t2020pfedme,
  title={Personalized federated learning with moreau envelopes},
  author={T Dinh, Canh and Tran, Nguyen and Nguyen, Josh},
  journal={Advances in Neural Information Processing Systems},
  volume={33},
  pages={21394--21405},
  year={2020}
}
@article{yu2020salvaging,
  title={Salvaging federated learning by local adaptation},
  author={Yu, Tao and Bagdasaryan, Eugene and Shmatikov, Vitaly},
  journal={arXiv preprint arXiv:2002.04758},
  year={2020}
}

@inproceedings{li2021ditto,
  title={Ditto: Fair and robust federated learning through personalization},
  author={Li, Tian and Hu, Shengyuan and Beirami, Ahmad and Smith, Virginia},
  booktitle={International Conference on Machine Learning},
  pages={6357--6368},
  year={2021},
  organization={PMLR}
}

@article{liu2018rethinking,
  title={Rethinking the value of network pruning},
  author={Liu, Zhuang and Sun, Mingjie and Zhou, Tinghui and Huang, Gao and Darrell, Trevor},
  journal={arXiv preprint arXiv:1810.05270},
  year={2018}
}

@article{daubechies2004iterative,
  title={An iterative thresholding algorithm for linear inverse problems with a sparsity constraint},
  author={Daubechies, Ingrid and Defrise, Michel and De Mol, Christine},
  journal={Communications on Pure and Applied Mathematics: A Journal Issued by the Courant Institute of Mathematical Sciences},
  volume={57},
  number={11},
  pages={1413--1457},
  year={2004},
  publisher={Wiley Online Library}
}

@article{mozer1988skeletonization,
  title={Skeletonization: A technique for trimming the fat from a network via relevance assessment},
  author={Mozer, Michael C and Smolensky, Paul},
  journal={Advances in neural information processing systems},
  volume={1},
  year={1988}
}

@article{li2016pruning,
  title={Pruning filters for efficient convnets},
  author={Li, Hao and Kadav, Asim and Durdanovic, Igor and Samet, Hanan and Graf, Hans Peter},
  journal={arXiv preprint arXiv:1608.08710},
  year={2016}
}

@inproceedings{li2022federated,
  title={Federated learning on non-iid data silos: An experimental study},
  author={Li, Qinbin and Diao, Yiqun and Chen, Quan and He, Bingsheng},
  booktitle={2022 IEEE 38th International Conference on Data Engineering (ICDE)},
  pages={965--978},
  year={2022},
  organization={IEEE}
}

@article{oh2021fedbabu,
  title={Fedbabu: Towards enhanced representation for federated image classification},
  author={Oh, Jaehoon and Kim, Sangmook and Yun, Se-Young},
  journal={arXiv preprint arXiv:2106.06042},
  year={2021}
}

@article{divi2021new,
  title={New metrics to evaluate the performance and fairness of personalized federated learning},
  author={Divi, Siddharth and Lin, Yi-Shan and Farrukh, Habiba and Celik, Z Berkay},
  journal={arXiv preprint arXiv:2107.13173},
  year={2021}
}

@article{cho2022federate,
  title={To federate or not to federate: Incentivizing client participation in federated learning},
  author={Cho, Yae Jee and Jhunjhunwala, Divyansh and Li, Tian and Smith, Virginia and Joshi, Gauri},
  journal={arXiv preprint arXiv:2205.14840},
  year={2022}
}

@article{demvsar2006statistical,
  title={Statistical comparisons of classifiers over multiple data sets},
  author={Dem{\v{s}}ar, Janez},
  journal={The Journal of Machine learning research},
  volume={7},
  pages={1--30},
  year={2006},
  publisher={JMLR. org}
}

@article{zhao2018federated,
  title={Federated learning with non-iid data},
  author={Zhao, Yue and Li, Meng and Lai, Liangzhen and Suda, Naveen and Civin, Damon and Chandra, Vikas},
  journal={arXiv preprint arXiv:1806.00582},
  year={2018}
}

@inproceedings{briggs2020federated,
  title={Federated learning with hierarchical clustering of local updates to improve training on non-IID data},
  author={Briggs, Christopher and Fan, Zhong and Andras, Peter},
  booktitle={2020 International Joint Conference on Neural Networks (IJCNN)},
  pages={1--9},
  year={2020},
  organization={IEEE}
}

@article{fallah2020personalized,
  title={Personalized federated learning: A meta-learning approach},
  author={Fallah, Alireza and Mokhtari, Aryan and Ozdaglar, Asuman},
  journal={arXiv preprint arXiv:2002.07948},
  year={2020}
}

@inproceedings{duan2019astraea,
  title={Astraea: Self-balancing federated learning for improving classification accuracy of mobile deep learning applications},
  author={Duan, Moming and Liu, Duo and Chen, Xianzhang and Tan, Yujuan and Ren, Jinting and Qiao, Lei and Liang, Liang},
  booktitle={2019 IEEE 37th international conference on computer design (ICCD)},
  pages={246--254},
  year={2019},
  organization={IEEE}
}

@article{mansour2020three,
  title={Three approaches for personalization with applications to federated learning},
  author={Mansour, Yishay and Mohri, Mehryar and Ro, Jae and Suresh, Ananda Theertha},
  journal={arXiv preprint arXiv:2002.10619},
  year={2020}
}

@article{smith2017federated,
  title={Federated multi-task learning},
  author={Smith, Virginia and Chiang, Chao-Kai and Sanjabi, Maziar and Talwalkar, Ameet S},
  journal={Advances in neural information processing systems},
  volume={30},
  year={2017}
}

@article{dinh2021fedu,
  title={Fedu: A unified framework for federated multi-task learning with laplacian regularization},
  author={Dinh, Canh T and Vu, Tung T and Tran, Nguyen H and Dao, Minh N and Zhang, Hongyu},
  journal={arXiv preprint arXiv:2102.07148},
  volume={400},
  year={2021}
}

@article{yang2020fedsteg,
  title={FedSteg: A federated transfer learning framework for secure image steganalysis},
  author={Yang, Hongwei and He, Hui and Zhang, Weizhe and Cao, Xiaochun},
  journal={IEEE Transactions on Network Science and Engineering},
  volume={8},
  number={2},
  pages={1084--1094},
  year={2020},
  publisher={IEEE}
}

@inproceedings{finn2017model,
  title={Model-agnostic meta-learning for fast adaptation of deep networks},
  author={Finn, Chelsea and Abbeel, Pieter and Levine, Sergey},
  booktitle={International conference on machine learning},
  pages={1126--1135},
  year={2017},
  organization={PMLR}
}

@article{arivazhagan2019federated,
  title={Federated learning with personalization layers},
  author={Arivazhagan, Manoj Ghuhan and Aggarwal, Vinay and Singh, Aaditya Kumar and Choudhary, Sunav},
  journal={arXiv preprint arXiv:1912.00818},
  year={2019}
}

@article{liang2020think,
  title={Think locally, act globally: Federated learning with local and global representations},
  author={Liang, Paul Pu and Liu, Terrance and Ziyin, Liu and Allen, Nicholas B and Auerbach, Randy P and Brent, David and Salakhutdinov, Ruslan and Morency, Louis-Philippe},
  journal={arXiv preprint arXiv:2001.01523},
  year={2020}
}

@inproceedings{collins2021exploiting,
  title={Exploiting shared representations for personalized federated learning},
  author={Collins, Liam and Hassani, Hamed and Mokhtari, Aryan and Shakkottai, Sanjay},
  booktitle={International conference on machine learning},
  pages={2089--2099},
  year={2021},
  organization={PMLR}
}

@inproceedings{molchanov2019importance,
  title={Importance estimation for neural network pruning},
  author={Molchanov, Pavlo and Mallya, Arun and Tyree, Stephen and Frosio, Iuri and Kautz, Jan},
  booktitle={Proceedings of the IEEE/CVF conference on computer vision and pattern recognition},
  pages={11264--11272},
  year={2019}
}

@article{jiang2019fantastic,
  title={Fantastic generalization measures and where to find them},
  author={Jiang, Yiding and Neyshabur, Behnam and Mobahi, Hossein and Krishnan, Dilip and Bengio, Samy},
  journal={arXiv preprint arXiv:1912.02178},
  year={2019}
}

@inproceedings{kornblith2019similarity,
  title={Similarity of neural network representations revisited},
  author={Kornblith, Simon and Norouzi, Mohammad and Lee, Honglak and Hinton, Geoffrey},
  booktitle={International conference on machine learning},
  pages={3519--3529},
  year={2019},
  organization={PMLR}
}
@article{chaudhari2019entropy,
  title={Entropy-sgd: Biasing gradient descent into wide valleys},
  author={Chaudhari, Pratik and Choromanska, Anna and Soatto, Stefano and LeCun, Yann and Baldassi, Carlo and Borgs, Christian and Chayes, Jennifer and Sagun, Levent and Zecchina, Riccardo},
  journal={Journal of Statistical Mechanics: Theory and Experiment},
  volume={2019},
  number={12},
  pages={124018},
  year={2019},
  publisher={IOP Publishing}
}

@article{reed1993pruning,
  title={Pruning algorithms-a survey},
  author={Reed, Russell},
  journal={IEEE transactions on Neural Networks},
  volume={4},
  number={5},
  pages={740--747},
  year={1993},
  publisher={IEEE}
}

@article{lecun1989optimal,
  title={Optimal brain damage},
  author={LeCun, Yann and Denker, John and Solla, Sara},
  journal={Advances in neural information processing systems},
  volume={2},
  year={1989}
}

@article{han2015learning,
  title={Learning both weights and connections for efficient neural network},
  author={Han, Song and Pool, Jeff and Tran, John and Dally, William},
  journal={Advances in neural information processing systems},
  volume={28},
  year={2015}
}

@article{molchanov2016pruning,
  title={Pruning convolutional neural networks for resource efficient inference},
  author={Molchanov, Pavlo and Tyree, Stephen and Karras, Tero and Aila, Timo and Kautz, Jan},
  journal={arXiv preprint arXiv:1611.06440},
  year={2016}
}

@inproceedings{liu2017learning,
  title={Learning efficient convolutional networks through network slimming},
  author={Liu, Zhuang and Li, Jianguo and Shen, Zhiqiang and Huang, Gao and Yan, Shoumeng and Zhang, Changshui},
  booktitle={Proceedings of the IEEE international conference on computer vision},
  pages={2736--2744},
  year={2017}
}

@article{mallat2016understanding,
  title={Understanding deep convolutional networks},
  author={Mallat, St{\'e}phane},
  journal={Philosophical Transactions of the Royal Society A: Mathematical, Physical and Engineering Sciences},
  volume={374},
  number={2065},
  pages={20150203},
  year={2016},
  publisher={The Royal Society Publishing}
}

@article{simonyan2013deep,
  title={Deep inside convolutional networks: Visualising image classification models and saliency maps},
  author={Simonyan, Karen and Vedaldi, Andrea and Zisserman, Andrew},
  journal={arXiv preprint arXiv:1312.6034},
  year={2013}
}

@inproceedings{zeiler2014visualizing,
  title={Visualizing and understanding convolutional networks},
  author={Zeiler, Matthew D and Fergus, Rob},
  booktitle={Computer Vision--ECCV 2014: 13th European Conference, Zurich, Switzerland, September 6-12, 2014, Proceedings, Part I 13},
  pages={818--833},
  year={2014},
  organization={Springer}
}

@article{li2015convergent,
  title={Convergent learning: Do different neural networks learn the same representations?},
  author={Li, Yixuan and Yosinski, Jason and Clune, Jeff and Lipson, Hod and Hopcroft, John},
  journal={arXiv preprint arXiv:1511.07543},
  year={2015}
}

@article{morcos2018insights,
  title={Insights on representational similarity in neural networks with canonical correlation},
  author={Morcos, Ari and Raghu, Maithra and Bengio, Samy},
  journal={Advances in neural information processing systems},
  volume={31},
  year={2018}
}

@article{williams2021generalized,
  title={Generalized shape metrics on neural representations},
  author={Williams, Alex H and Kunz, Erin and Kornblith, Simon and Linderman, Scott},
  journal={Advances in Neural Information Processing Systems},
  volume={34},
  pages={4738--4750},
  year={2021}
}

@article{terrail2022flamby,
  title={Flamby: Datasets and benchmarks for cross-silo federated learning in realistic healthcare settings},
  author={Terrail, Jean Ogier du and Ayed, Samy-Safwan and Cyffers, Edwige and Grimberg, Felix and He, Chaoyang and Loeb, Regis and Mangold, Paul and Marchand, Tanguy and Marfoq, Othmane and Mushtaq, Erum and others},
  journal={arXiv preprint arXiv:2210.04620},
  year={2022}
}

@article{huang2022cross,
  title={Cross-silo federated learning: Challenges and opportunities},
  author={Huang, Chao and Huang, Jianwei and Liu, Xin},
  journal={arXiv preprint arXiv:2206.12949},
  year={2022}
}

@article{acar2021federated,
  title={Federated learning based on dynamic regularization},
  author={Acar, Durmus Alp Emre and Zhao, Yue and Navarro, Ramon Matas and Mattina, Matthew and Whatmough, Paul N and Saligrama, Venkatesh},
  journal={arXiv preprint arXiv:2111.04263},
  year={2021}
}

@article{yosinski2014transferable,
  title={How transferable are features in deep neural networks?},
  author={Yosinski, Jason and Clune, Jeff and Bengio, Yoshua and Lipson, Hod},
  journal={Advances in neural information processing systems},
  volume={27},
  year={2014}
}

@article{kang2019decoupling,
  title={Decoupling representation and classifier for long-tailed recognition},
  author={Kang, Bingyi and Xie, Saining and Rohrbach, Marcus and Yan, Zhicheng and Gordo, Albert and Feng, Jiashi and Kalantidis, Yannis},
  journal={arXiv preprint arXiv:1910.09217},
  year={2019}
}

@article{chen2018shallowing,
  title={Shallowing deep networks: Layer-wise pruning based on feature representations},
  author={Chen, Shi and Zhao, Qi},
  journal={IEEE transactions on pattern analysis and machine intelligence},
  volume={41},
  number={12},
  pages={3048--3056},
  year={2018},
  publisher={IEEE}
}

@article{dong2017learning,
  title={Learning to prune deep neural networks via layer-wise optimal brain surgeon},
  author={Dong, Xin and Chen, Shangyu and Pan, Sinno},
  journal={Advances in neural information processing systems},
  volume={30},
  year={2017}
}
@article{fan2021layer,
  title={Layer-wise model pruning based on mutual information},
  author={Fan, Chun and Li, Jiwei and Ao, Xiang and Wu, Fei and Meng, Yuxian and Sun, Xiaofei},
  journal={arXiv preprint arXiv:2108.12594},
  year={2021}
}

@article{wang2018towards,
  title={Towards understanding learning representations: To what extent do different neural networks learn the same representation},
  author={Wang, Liwei and Hu, Lunjia and Gu, Jiayuan and Hu, Zhiqiang and Wu, Yue and He, Kun and Hopcroft, John},
  journal={Advances in neural information processing systems},
  volume={31},
  year={2018}
}

@article{johnson2016mimic,
  title={MIMIC-III, a freely accessible critical care database},
  author={Johnson, Alistair EW and Pollard, Tom J and Shen, Lu and Lehman, Li-wei H and Feng, Mengling and Ghassemi, Mohammad and Moody, Benjamin and Szolovits, Peter and Anthony Celi, Leo and Mark, Roger G},
  journal={Scientific data},
  volume={3},
  number={1},
  pages={1--9},
  year={2016},
  publisher={Nature Publishing Group}
}

@article{caldas2018leaf,
  title={Leaf: A benchmark for federated settings},
  author={Caldas, Sebastian and Duddu, Sai Meher Karthik and Wu, Peter and Li, Tian and Kone{\v{c}}n{\`y}, Jakub and McMahan, H Brendan and Smith, Virginia and Talwalkar, Ameet},
  journal={arXiv preprint arXiv:1812.01097},
  year={2018}
}