@article{arivazhagan2019federated,
  title={Federated learning with personalization layers},
  author={Arivazhagan, Manoj Ghuhan and Aggarwal, Vinay and Singh, Aaditya Kumar and Choudhary, Sunav},
  journal={arXiv preprint arXiv:1912.00818},
  year={2019}
}

@inproceedings{briggs2020federated,
  title={Federated learning with hierarchical clustering of local updates to improve training on non-IID data},
  author={Briggs, Christopher and Fan, Zhong and Andras, Peter},
  booktitle={2020 International Joint Conference on Neural Networks (IJCNN)},
  pages={1--9},
  year={2020},
  organization={IEEE}
}

@inproceedings{collins2021exploiting,
  title={Exploiting shared representations for personalized federated learning},
  author={Collins, Liam and Hassani, Hamed and Mokhtari, Aryan and Shakkottai, Sanjay},
  booktitle={International conference on machine learning},
  pages={2089--2099},
  year={2021},
  organization={PMLR}
}

@article{dinh2021fedu,
  title={Fedu: A unified framework for federated multi-task learning with laplacian regularization},
  author={Dinh, Canh T and Vu, Tung T and Tran, Nguyen H and Dao, Minh N and Zhang, Hongyu},
  journal={arXiv preprint arXiv:2102.07148},
  volume={400},
  year={2021}
}

@inproceedings{duan2019astraea,
  title={Astraea: Self-balancing federated learning for improving classification accuracy of mobile deep learning applications},
  author={Duan, Moming and Liu, Duo and Chen, Xianzhang and Tan, Yujuan and Ren, Jinting and Qiao, Lei and Liang, Liang},
  booktitle={2019 IEEE 37th international conference on computer design (ICCD)},
  pages={246--254},
  year={2019},
  organization={IEEE}
}

@inproceedings{lee2023layer,
  title={Layer-wise adaptive model aggregation for scalable federated learning},
  author={Lee, Sunwoo and Zhang, Tuo and Avestimehr, A Salman},
  booktitle={Proceedings of the AAAI Conference on Artificial Intelligence},
  volume={37},
  pages={8491--8499},
  year={2023}
}

@article{li2020federated,
  title={Federated optimization in heterogeneous networks},
  author={Li, Tian and Sahu, Anit Kumar and Zaheer, Manzil and Sanjabi, Maziar and Talwalkar, Ameet and Smith, Virginia},
  journal={Proceedings of Machine learning and systems},
  volume={2},
  pages={429--450},
  year={2020}
}

@inproceedings{li2021ditto,
  title={Ditto: Fair and robust federated learning through personalization},
  author={Li, Tian and Hu, Shengyuan and Beirami, Ahmad and Smith, Virginia},
  booktitle={International Conference on Machine Learning},
  pages={6357--6368},
  year={2021},
  organization={PMLR}
}

@inproceedings{ma2022layer,
  title={Layer-wised model aggregation for personalized federated learning},
  author={Ma, Xiaosong and Zhang, Jie and Guo, Song and Xu, Wenchao},
  booktitle={Proceedings of the IEEE/CVF conference on computer vision and pattern recognition},
  pages={10092--10101},
  year={2022}
}

@article{mansour2020three,
  title={Three approaches for personalization with applications to federated learning},
  author={Mansour, Yishay and Mohri, Mehryar and Ro, Jae and Suresh, Ananda Theertha},
  journal={arXiv preprint arXiv:2002.10619},
  year={2020}
}

@inproceedings{mcmahan2017communication,
  title={Communication-efficient learning of deep networks from decentralized data},
  author={McMahan, Brendan and Moore, Eider and Ramage, Daniel and Hampson, Seth and y Arcas, Blaise Aguera},
  booktitle={Artificial intelligence and statistics},
  pages={1273--1282},
  year={2017},
  organization={PMLR}
}

@article{oh2021fedbabu,
  title={Fedbabu: Towards enhanced representation for federated image classification},
  author={Oh, Jaehoon and Kim, Sangmook and Yun, Se-Young},
  journal={arXiv preprint arXiv:2106.06042},
  year={2021}
}

@article{smith2017federated,
  title={Federated multi-task learning},
  author={Smith, Virginia and Chiang, Chao-Kai and Sanjabi, Maziar and Talwalkar, Ameet S},
  journal={Advances in neural information processing systems},
  volume={30},
  year={2017}
}

@article{t2020pfedme,
  title={Personalized federated learning with moreau envelopes},
  author={T Dinh, Canh and Tran, Nguyen and Nguyen, Josh},
  journal={Advances in Neural Information Processing Systems},
  volume={33},
  pages={21394--21405},
  year={2020}
}

@article{wang2024towards,
  title={Towards personalized federated learning via heterogeneous model reassembly},
  author={Wang, Jiaqi and Yang, Xingyi and Cui, Suhan and Che, Liwei and Lyu, Lingjuan and Xu, Dongkuan DK and Ma, Fenglong},
  journal={Advances in Neural Information Processing Systems},
  volume={36},
  year={2024}
}

@article{yu2020salvaging,
  title={Salvaging federated learning by local adaptation},
  author={Yu, Tao and Bagdasaryan, Eugene and Shmatikov, Vitaly},
  journal={arXiv preprint arXiv:2002.04758},
  year={2020}
}

@article{zhao2018federated,
  title={Federated learning with non-iid data},
  author={Zhao, Yue and Li, Meng and Lai, Liangzhen and Suda, Naveen and Civin, Damon and Chandra, Vikas},
  journal={arXiv preprint arXiv:1806.00582},
  year={2018}
}

@inproceedings{zhu2023fedlp,
  title={Fedlp: Layer-wise pruning mechanism for communication-computation efficient federated learning},
  author={Zhu, Zheqi and Shi, Yuchen and Luo, Jiajun and Wang, Fei and Peng, Chenghui and Fan, Pingyi and Letaief, Khaled B},
  booktitle={ICC 2023-IEEE International Conference on Communications},
  pages={1250--1255},
  year={2023},
  organization={IEEE}
}

