@book{BGG2024,
	address = {Philadelphia},
	author = {Bohn, Bastian and Garcke, Jochen and Griebel, Michael},
	isbn = {978-1-61197-788-2 978-1-61197-787-5},
	langid = {english},
	publisher = {{Society for Industrial and Applied Mathematics}},
	title = {Algorithmic Mathematics in Machine Learning},
	year = {2024}}

@article{BGKP2019,
	author = {B{\"o}lcskei, Helmut and Grohs, Philipp and Kutyniok, Gitta and Petersen, Philipp},
	doi = {10.1137/18M118709X},
	issn = {2577-0187},
	journal = {SIAM Journal on Mathematics of Data Science},
	langid = {english},
	month = jan,
	number = {1},
	pages = {8--45},
	title = {Optimal {{Approximation}} with {{Sparsely Connected Deep Neural Networks}}},
	urldate = {2024-06-14},
	volume = {1},
	year = {2019},
	bdsk-url-1 = {https://doi.org/10.1137/18M118709X}}

@article{Cyb1989,
	author = {Cybenko, G.},
	copyright = {http://www.springer.com/tdm},
	doi = {10.1007/BF02551274},
	issn = {0932-4194, 1435-568X},
	journal = {Mathematics of Control, Signals, and Systems},
	langid = {english},
	month = dec,
	number = {4},
	pages = {303--314},
	title = {Approximation by Superpositions of a Sigmoidal Function},
	urldate = {2024-06-14},
	volume = {2},
	year = {1989},
	bdsk-url-1 = {https://doi.org/10.1007/BF02551274}}

@article{DHP2021,
	author = {DeVore, Ronald and Hanin, Boris and Petrova, Guergana},
	copyright = {http://creativecommons.org/licenses/by/4.0/},
	doi = {10.1017/S0962492921000052},
	issn = {0962-4929, 1474-0508},
	journal = {Acta Numerica},
	langid = {english},
	month = may,
	pages = {327--444},
	title = {Neural Network Approximation},
	urldate = {2024-06-14},
	volume = {30},
	year = {2021},
	bdsk-url-1 = {https://doi.org/10.1017/S0962492921000052}}

@article{DLM21,
	author = {De Ryck, Tim and Lanthaler, Samuel and Mishra, Siddhartha},
	date-added = {2023-05-09 14:22:23 +0200},
	date-modified = {2023-05-09 14:22:32 +0200},
	journal = {Neural Networks},
	pages = {732--750},
	publisher = {Elsevier},
	title = {On the approximation of functions by tanh neural networks},
	volume = {143},
	year = {2021}}

@book{GK2022,
	copyright = {https://www.cambridge.org/core/terms},
	doi = {10.1017/9781009025096},
	edition = {1},
	editor = {Grohs, Philipp and Kutyniok, Gitta},
	isbn = {978-1-00-902509-6 978-1-316-51678-2},
	month = dec,
	publisher = {Cambridge University Press},
	title = {Mathematical {{Aspects}} of {{Deep Learning}}},
	urldate = {2024-06-14},
	year = {2022},
	bdsk-url-1 = {https://doi.org/10.1017/9781009025096}}

@article{HOS22,
	author = {Herrmann, Lukas and Opschoor, Joost AA and Schwab, Christoph},
	date-added = {2023-05-21 12:46:04 +0200},
	date-modified = {2023-05-30 09:50:05 +0200},
	journal = {Journal of Scientific Computing},
	number = {2},
	pages = {1--37},
	publisher = {Springer},
	title = {Constructive deep {ReLU} neural network approximation},
	volume = {90},
	year = {2022}}

@article{HU18,
	author = {Hesthaven, Jan S and Ubbiali, Stefano},
	date-added = {2022-08-30 15:40:27 +0200},
	date-modified = {2022-08-30 15:40:37 +0200},
	journal = {Journal of Computational Physics},
	pages = {55--78},
	publisher = {Elsevier},
	title = {Non-intrusive reduced order modeling of nonlinear problems using neural networks},
	volume = {363},
	year = {2018}}

@article{Hor1991,
	author = {Hornik, Kurt},
	copyright = {https://www.elsevier.com/tdm/userlicense/1.0/},
	doi = {10.1016/0893-6080(91)90009-T},
	issn = {08936080},
	journal = {Neural Networks},
	langid = {english},
	number = {2},
	pages = {251--257},
	title = {Approximation Capabilities of Multilayer Feedforward Networks},
	urldate = {2024-06-14},
	volume = {4},
	year = {1991},
	bdsk-url-1 = {https://doi.org/10.1016/0893-6080(91)90009-T}}

@article{PV2018,
	author = {Petersen, Philipp and Voigtlaender, Felix},
	doi = {10.1016/j.neunet.2018.08.019},
	issn = {08936080},
	journal = {Neural Networks},
	langid = {english},
	month = dec,
	pages = {296--330},
	title = {Optimal Approximation of Piecewise Smooth Functions Using Deep {{ReLU}} Neural Networks},
	urldate = {2024-06-14},
	volume = {108},
	year = {2018},
	bdsk-url-1 = {https://doi.org/10.1016/j.neunet.2018.08.019}}

@book{QMNMOR2016,
	author = {Quarteroni, Alfio and Manzoni, Andrea and Negri, Federico},
	date-added = {2023-01-04 19:20:10 +0100},
	date-modified = {2023-01-04 19:20:10 +0100},
	doi = {10.1007/978-3-319-15431-2},
	isbn = {978-3-319-15430-5; 978-3-319-15431-2},
	mrclass = {65-02 (35A35)},
	mrnumber = {3379913},
	mrreviewer = {Gianluigi Rozza},
	note = {An introduction, La Matematica per il 3+2},
	pages = {xi+296},
	publisher = {Springer, Cham},
	series = {Unitext},
	title = {Reduced basis methods for partial differential equations},
	url = {https://doi.org/10.1007/978-3-319-15431-2},
	volume = {92},
	year = {2016},
	bdsk-url-1 = {https://doi.org/10.1007/978-3-319-15431-2}}

@article{SZ2019,
	author = {Schwab, Christoph and Zech, Jakob},
	doi = {10.1142/S0219530518500203},
	issn = {0219-5305, 1793-6861},
	journal = {Analysis and Applications},
	langid = {english},
	month = jan,
	number = {01},
	pages = {19--55},
	shorttitle = {Deep Learning in High Dimension},
	title = {Deep Learning in High Dimension: {{Neural}} Network Expression Rates for Generalized Polynomial Chaos Expansions in {{UQ}}},
	urldate = {2024-06-12},
	volume = {17},
	year = {2019},
	bdsk-url-1 = {https://doi.org/10.1142/S0219530518500203}}

@article{barrault2004empirical,
  title={An ‘empirical interpolation’ method: application to efficient reduced-basis discretization of partial differential equations},
  author={Barrault, Maxime and Maday, Yvon and Nguyen, Ngoc Cuong and Patera, Anthony T},
  journal={Comptes Rendus Mathematique},
  volume={339},
  number={9},
  pages={667--672},
  year={2004},
  publisher={Elsevier}
}

@article{bhattacharya2021model,
	author = {Bhattacharya, Kaushik and Hosseini, Bamdad and Kovachki, Nikola B and Stuart, Andrew M},
	journal = {The SMAI journal of computational mathematics},
	pages = {121--157},
	title = {{Model reduction and neural networks for parametric PDEs}},
	volume = {7},
	year = {2021}}

@article{chaturantabut2010nonlinear,
  title={Nonlinear model reduction via discrete empirical interpolation},
  author={Chaturantabut, Saifon and Sorensen, Danny C},
  journal={SIAM Journal on Scientific Computing},
  volume={32},
  number={5},
  pages={2737--2764},
  year={2010},
  publisher={SIAM}
}

@article{de2022generic,
	author = {De Ryck, Tim and Mishra, Siddhartha},
	date-added = {2025-01-20 11:31:51 +0100},
	date-modified = {2025-01-20 11:31:51 +0100},
	journal = {Advances in Neural Information Processing Systems},
	pages = {10945--10958},
	title = {Generic bounds on the approximation error for physics-informed (and) operator learning},
	volume = {35},
	year = {2022}}

@article{franco2023approximation,
	author = {Franco, Nicola Rares and Fresca, Stefania and Manzoni, Andrea and Zunino, Paolo},
	journal = {Neural Networks},
	pages = {129--141},
	publisher = {Elsevier},
	title = {Approximation bounds for convolutional neural networks in operator learning},
	volume = {161},
	year = {2023}}

@article{guibas2021adaptive,
	author = {Guibas, John and Mardani, Morteza and Li, Zongyi and Tao, Andrew and Anandkumar, Anima and Catanzaro, Bryan},
	journal = {arXiv preprint arXiv:2111.13587},
	title = {{Adaptive fourier neural operators: Efficient token mixers for transformers}},
	year = {2021}}

@article{guo2019data,
  title={Data-driven reduced order modeling for time-dependent problems},
  author={Guo, Mengwu and Hesthaven, Jan S},
  journal={Computer methods in applied mechanics and engineering},
  volume={345},
  pages={75--99},
  year={2019},
  publisher={Elsevier}
}

@article{herrmann2024neural,
  title={Neural and spectral operator surrogates: unified construction and expression rate bounds},
  author={Herrmann, Lukas and Schwab, Christoph and Zech, Jakob},
  journal={Advances in Computational Mathematics},
  volume={50},
  number={4},
  pages={72},
  year={2024},
  publisher={Springer}
}

@book{hesthaven2016certified,
  title={Certified reduced basis methods for parametrized partial differential equations},
  author={Hesthaven, Jan S and Rozza, Gianluigi and Stamm, Benjamin and others},
  volume={590},
  year={2016},
  publisher={Springer}
}

@article{kovachki2021universal,
	author = {Kovachki, Nikola and Lanthaler, Samuel and Mishra, Siddhartha},
	journal = {Journal of Machine Learning Research},
	number = {290},
	pages = {1--76},
	title = {{On universal approximation and error bounds for Fourier neural operators}},
	volume = {22},
	year = {2021}}

@article{lanthaler2022error,
	author = {Lanthaler, Samuel and Mishra, Siddhartha and Karniadakis, George E},
	journal = {Transactions of Mathematics and Its Applications},
	number = {1},
	pages = {tnac001},
	publisher = {Oxford University Press},
	title = {Error estimates for deeponets: A deep learning framework in infinite dimensions},
	volume = {6},
	year = {2022}}

@article{lanthaler2022nonlinear,
	author = {Lanthaler, Samuel and Molinaro, Roberto and Hadorn, Patrik and Mishra, Siddhartha},
	journal = {arXiv preprint arXiv:2210.01074},
	title = {{Nonlinear reconstruction for operator learning of PDEs with discontinuities}},
	year = {2022}}

@article{lanthaler2023operator,
	author = {Lanthaler, Samuel},
	journal = {Journal of Machine Learning Research},
	number = {318},
	pages = {1--67},
	title = {{Operator learning with PCA-Net: upper and lower complexity bounds}},
	volume = {24},
	year = {2023}}

@article{li2020fourier,
	author = {Li, Zongyi and Kovachki, Nikola and Azizzadenesheli, Kamyar and Liu, Burigede and Bhattacharya, Kaushik and Stuart, Andrew and Anandkumar, Anima},
	journal = {arXiv preprint arXiv:2010.08895},
	title = {{Fourier neural operator for parametric partial differential equations}},
	year = {2020}}

@article{lu2021learning,
	author = {Lu, Lu and Jin, Pengzhan and Pang, Guofei and Zhang, Zhongqiang and Karniadakis, George Em},
	journal = {Nature machine intelligence},
	number = {3},
	pages = {218--229},
	publisher = {Nature Publishing Group UK London},
	title = {Learning nonlinear operators via DeepONet based on the universal approximation theorem of operators},
	volume = {3},
	year = {2021}}

@article{pichi2024graph,
	author = {Pichi, Federico and Moya, Beatriz and Hesthaven, Jan S},
	journal = {Journal of Computational Physics},
	pages = {112762},
	publisher = {Elsevier},
	title = {{A graph convolutional autoencoder approach to model order reduction for parametrized PDEs}},
	volume = {501},
	year = {2024}}

@article{prasthofer2022variable,
	author = {Prasthofer, Michael and De Ryck, Tim and Mishra, Siddhartha},
	journal = {arXiv preprint arXiv:2205.11404},
	title = {Variable-input deep operator networks},
	year = {2022}}

@inproceedings{raonic2023convolutional,
	author = {Raonic, Bogdan and Molinaro, Roberto and Rohner, Tobias and Mishra, Siddhartha and de Bezenac, Emmanuel},
	booktitle = {ICLR 2023 Workshop on Physics for Machine Learning},
	title = {Convolutional neural operators},
	year = {2023}}

@article{wang2019non,
	author = {Wang, Qian and Hesthaven, Jan S and Ray, Deep},
	journal = {Journal of computational physics},
	pages = {289--307},
	publisher = {Elsevier},
	title = {{Non-intrusive reduced order modeling of unsteady flows using artificial neural networks with application to a combustion problem}},
	volume = {384},
	year = {2019}}

@article{wang2020recurrent,
  title={{Recurrent neural network closure of parametric POD-Galerkin reduced-order models based on the Mori-Zwanzig formalism}},
  author={Wang, Qian and Ripamonti, Nicol{\`o} and Hesthaven, Jan S},
  journal={Journal of Computational Physics},
  volume={410},
  pages={109402},
  year={2020},
  publisher={Elsevier}
}

@article{wang2021learning,
	author = {Wang, Sifan and Wang, Hanwen and Perdikaris, Paris},
	journal = {Science advances},
	number = {40},
	pages = {eabi8605},
	publisher = {American Association for the Advancement of Science},
	title = {{Learning the solution operator of parametric partial differential equations with physics-informed DeepONets}},
	volume = {7},
	year = {2021}}

