@InProceedings{BCPS19,
    author = {Bianco, Simone and Cusano, Claudio and Piccoli, Flavio and Schettini, Raimondo},
    title = {Content-Preserving Tone Adjustment for Image Enhancement},
    booktitle = {Proceedings of the IEEE/CVF Conference on Computer Vision and Pattern Recognition (CVPR) Workshops},
    month = {June},
    year = {2019}
}

@inproceedings{DLT18,
    author = {Deng, Yubin and Loy, Chen Change and Tang, Xiaoou},
    title = {Aesthetic-Driven Image Enhancement by Adversarial Learning},
    year = {2018},
    isbn = {9781450356657},
    publisher = {Association for Computing Machinery},
    address = {New York, NY, USA},
    url = {https://doi.org/10.1145/3240508.3240531},
    doi = {10.1145/3240508.3240531},
    booktitle = {Proceedings of the 26th ACM International Conference on Multimedia},
    pages = {870–878},
    numpages = {9},
    keywords = {image enhancement, weakly-supervised learning},
    location = {Seoul, Republic of Korea},
    series = {MM '18}
}

@inbook{FRGG13,
author = {Flatla, David R. and Reinecke, Katharina and Gutwin, Carl and Gajos, Krzysztof Z.},
title = {SPRWeb: Preserving Subjective Responses to Website Colour Schemes through Automatic Recolouring},
year = {2013},
isbn = {9781450318990},
publisher = {Association for Computing Machinery},
address = {New York, NY, USA},
url = {https://doi.org/10.1145/2470654.2481283},
booktitle = {Proceedings of the SIGCHI Conference on Human Factors in Computing Systems},
pages = {2069–2078},
numpages = {10}
}

@InProceedings{GLG*20,
    author = {Guo, Chunle and Li, Chongyi and Guo, Jichang and Loy, Chen Change and Hou, Junhui and Kwong, Sam and Cong, Runmin},
    title = {Zero-Reference Deep Curve Estimation for Low-Light Image Enhancement},
    booktitle = {Proceedings of the IEEE/CVF Conference on Computer Vision and Pattern Recognition (CVPR)},
    month = {June},
    year = {2020}
}

@inproceedings{IMPS06,
author = {Iaccarino, Gennaro and Malandrino, Delfina and Del Percio, Marco and Scarano, Vittorio},
title = {Efficient Edge-Services for Colorblind Users},
year = {2006},
isbn = {1595933239},
publisher = {Association for Computing Machinery},
address = {New York, NY, USA},
url = {https://doi.org/10.1145/1135777.1135944},
doi = {10.1145/1135777.1135944},
booktitle = {Proceedings of the 15th International Conference on World Wide Web},
pages = {919–920},
numpages = {2},
keywords = {vision, edge services, web accessibility, colorblindness},
location = {Edinburgh, Scotland},
series = {WWW '06}
}

@InProceedings{IZZE17,
    author = {Isola, Phillip and Zhu, Jun-Yan and Zhou, Tinghui and Efros, Alexei A.},
    title = {Image-To-Image Translation With Conditional Adversarial Networks},
    booktitle = {Proceedings of the IEEE Conference on Computer Vision and Pattern Recognition (CVPR)},
    month = {July},
    year = {2017}
}

@ARTICLE{JGL*21,
  author={Y. {Jiang} and X. {Gong} and D. {Liu} and Y. {Cheng} and C. {Fang} and X. {Shen} and J. {Yang} and P. {Zhou} and Z. {Wang}},
  journal={IEEE Transactions on Image Processing}, 
  title={EnlightenGAN: Deep Light Enhancement Without Paired Supervision}, 
  year={2021},
  volume={30},
  number={},
  pages={2340-2349},
  doi={10.1109/TIP.2021.3051462}
}

@inproceedings{KWK21,
    title={Colorization Transformer},
    author={Manoj Kumar and Dirk Weissenborn and Nal Kalchbrenner},
    booktitle={International Conference on Learning Representations},
    year={2021},
    url={https://openreview.net/forum?id=5NA1PinlGFu}
}

@InProceedings{MMM*20,
    author = {Moran, Sean and Marza, Pierre and McDonagh, Steven and Parisot, Sarah and Slabaugh, Gregory},
    title = {DeepLPF: Deep Local Parametric Filters for Image Enhancement},
    booktitle = {Proceedings of the IEEE/CVF Conference on Computer Vision and Pattern Recognition (CVPR)},
    month = {June},
    year = {2020}
}

@InProceedings{PEZZ20,
    author="Park, Taesung
    and Efros, Alexei A.
    and Zhang, Richard
    and Zhu, Jun-Yan",
    editor="Vedaldi, Andrea
    and Bischof, Horst
    and Brox, Thomas
    and Frahm, Jan-Michael",
    title="Contrastive Learning for Unpaired Image-to-Image Translation",
    booktitle="Computer Vision -- ECCV 2020",
    year="2020",
    publisher="Springer International Publishing",
    address="Cham",
    pages="319--345",
    isbn="978-3-030-58545-7"
}

@article{RG19a,
  title={Recoloring Algorithms for Colorblind People},
  author={Madalena G. Ribeiro and A. Gomes},
  journal={ACM Computing Surveys (CSUR)},
  year={2019},
  volume={52},
  pages={1 - 37}
}

@InProceedings{WZF*19,
    author = {Wang, Ruixing and Zhang, Qing and Fu, Chi-Wing and Shen, Xiaoyong and Zheng, Wei-Shi and Jia, Jiaya},
    title = {Underexposed Photo Enhancement Using Deep Illumination Estimation},
    booktitle = {Proceedings of the IEEE/CVF Conference on Computer Vision and Pattern Recognition (CVPR)},
    month = {June},
    year = {2019}
}

