@inproceedings{brahma2023probabilistic,
  title={A probabilistic framework for lifelong test-time adaptation},
  author={Brahma, Dhanajit and Rai, Piyush},
  booktitle={Proceedings of the Computer Vision and Pattern Recognition},
  year={2023}
}

@inproceedings{caruana2015intelligible,
  title={Intelligible models for healthcare: Predicting pneumonia risk and hospital 30-day readmission},
  author={Caruana, Rich and Lou, Yin and Gehrke, Johannes and Koch, Paul and Sturm, Marc and Elhadad, Noemie},
  booktitle={Proceedings of the ACM SIGKDD international conference on knowledge discovery and data mining},
  pages={1721--1730},
  year={2015}
}

@article{chakrabarty2023sata,
  title={SATA: Source anchoring and target alignment network for continual test time adaptation},
  author={Chakrabarty, Goirik and Sreenivas, Manogna and Biswas, Soma},
  journal={arXiv preprint arXiv:2304.10113},
  year={2023}
}

@inproceedings{dobler2023robust,
  title={Robust mean teacher for continual and gradual test-time adaptation},
  author={D{\"o}bler, Mario and Marsden, Robert A and Yang, Bin},
  booktitle={Proceedings of the Computer Vision and Pattern Recognition},
  year={2023}
}

@article{farinhas2023non,
  title={Non-exchangeable conformal risk control},
  author={Farinhas, Ant{\'o}nio and Zerva, Chrysoula and Ulmer, Dennis and Martins, Andr{\'e} FT},
  journal={arXiv preprint arXiv:2310.01262},
  year={2023}
}

@inproceedings{jain2011online,
  title={Online domain adaptation of a pre-trained cascade of classifiers},
  author={Jain, Vidit and Learned-Miller, Erik},
  booktitle={Proceedings of the Computer Vision and Pattern Recognition},
  year={2011},
}

@article{lekeufack2023conformal,
  title={Conformal decision theory: Safe autonomous decisions from imperfect predictions},
  author={Lekeufack, Jordan and Angelopoulos, Anastasios A and Bajcsy, Andrea and Jordan, Michael I and Malik, Jitendra},
  journal={arXiv preprint arXiv:2310.05921},
  year={2023}
}

@article{lyu2024variational,
  title={Variational continual test-time adaptation},
  author={Lyu, Fan and Du, Kaile and Li, Yuyang and Zhao, Hanyu and Zhang, Zhang and Liu, Guangcan and Wang, Liang},
  journal={arXiv preprint arXiv:2402.08182},
  year={2024}
}

@inproceedings{sun2020test,
  title={Test-time training with self-supervision for generalization under distribution shifts},
  author={Sun, Yu and Wang, Xiaolong and Liu, Zhuang and Miller, John and Efros, Alexei and Hardt, Moritz},
  booktitle={International Conference on Machine Learning},
  year={2020},
}

@article{tan2024less,
  title={Less is More: Pseudo-Label Filtering for Continual Test-Time Adaptation},
  author={Tan, Jiayao and Lyu, Fan and Ni, Chenggong and Feng, Tingliang and Hu, Fuyuan and Zhang, Zhang and Zhao, Shaochuang and Wang, Liang},
  journal={arXiv preprint arXiv:2406.02609},
  year={2024}
}

@inproceedings{tarvainen2017mean,
  title={Mean teachers are better role models: Weight-averaged consistency targets improve semi-supervised deep learning results},
  author={Tarvainen, Antti and Valpola, Harri},
  booktitle={Proceedings of the Advances in Neural Information Processing Systems},
  year={2017}
}

@book{vovk2005algorithmic,
  title={Algorithmic learning in a random world},
  author={Vovk, Vladimir and Gammerman, Alexander and Shafer, Glenn},
  volume={29},
  year={2005},
  publisher={Springer}
}

@inproceedings{wang2020tent,
  title={Tent: Fully test-time adaptation by entropy minimization},
  author={Wang, Dequan and Shelhamer, Evan and Liu, Shaoteng and Olshausen, Bruno and Darrell, Trevor},
  booktitle={Proceedings of the International Conference on Learning Representations},
  year={2020}
}

@inproceedings{wang2022continual,
  title={Continual test-time domain adaptation},
  author={Wang, Qin and Fink, Olga and Van Gool, Luc and Dai, Dengxin},
  booktitle={Proceedings of the Computer Vision and Pattern Recognition},
  year={2022}
}

@inproceedings{yang2023exploring,
  title={Exploring safety supervision for continual test-time domain adaptation},
  author={Yang, Xu and Gu, Yanan and Wei, Kun and Deng, Cheng},
  booktitle={Proceedings of the International Joint Conference on Artificial Intelligence},
  year={2023}
}

