@inproceedings{gammerman2013learning,
  title={Learning by transduction},
  author={Gammerman, Alex and Vovk, Volodya and Vapnik, Vladimir},
  booktitle={Proceedings of the Conference on Uncertainty in Artificial Intelligence},
  pages= {148--155},
  year={1998}
}


@book{vovk2005algorithmic,
  title={Algorithmic learning in a random world},
  author={Vovk, Vladimir and Gammerman, Alexander and Shafer, Glenn},
  volume={29},
  year={2005},
  publisher={Springer}
}

@article{barber2023conformal,
  title={Conformal prediction beyond exchangeability},
  author={Barber, Rina Foygel and Candes, Emmanuel J and Ramdas, Aaditya and Tibshirani, Ryan J},
  journal={The Annals of Statistics},
  volume={51},
  number={2},
  pages={816--845},
  year={2023},
}

@inproceedings{zaffran2022adaptive,
  title={Adaptive conformal predictions for time series},
  author={Zaffran, Margaux and F{\'e}ron, Olivier and Goude, Yannig and Josse, Julie and Dieuleveut, Aymeric},
  booktitle={International Conference on Machine Learning},
  pages={25834--25866},
  year={2022},
}

@inproceedings{bhatnagar2023improved,
  title={Improved online conformal prediction via strongly adaptive online learning},
  author={Bhatnagar, Aadyot and Wang, Huan and Xiong, Caiming and Bai, Yu},
  booktitle={International Conference on Machine Learning},
  pages={2337--2363},
  year={2023},
}

@article{gibbs2022conformal,
  title={Conformal inference for online prediction with arbitrary distribution shifts},
  author={Gibbs, Isaac and Cand{\`e}s, Emmanuel},
  journal={arXiv preprint arXiv:2208.08401},
  year={2022}
}

@article{farinhas2023non,
  title={Non-exchangeable conformal risk control},
  author={Farinhas, Ant{\'o}nio and Zerva, Chrysoula and Ulmer, Dennis and Martins, Andr{\'e} FT},
  journal={arXiv preprint arXiv:2310.01262},
  year={2023}
}

@inproceedings{zou2024coverage,
  title={Coverage-Guaranteed Prediction Sets for Out-of-Distribution Data},
  author={Zou, Xin and Liu, Weiwei},
  booktitle={Proceedings of the AAAI Conference on Artificial Intelligence},
  volume={38},
  number={15},
  pages={17263--17270},
  year={2024}
}

@inproceedings{werner2021evaluation,
  title={Evaluation of updating strategies for conformal predictive systems in the presence of extreme events},
  author={Werner, Hugo and Carlsson, Lars and Ahlberg, Ernst and Bostr{\"o}m, Henrik},
  booktitle={Conformal and Probabilistic Prediction and Applications},
  pages={229--242},
  year={2021},
}


@inproceedings{fedorova2012plug,
  title={Plug-in martingales for testing exchangeability on-line},
  author={Fedorova, Valentina and Gammerman, Alex and Nouretdinov, Ilia and Vovk, Vladimir},
  booktitle={Proceedings of the International Conference on International Conference on Machine Learning},
  pages={923--930},
  year={2012}
}

@inproceedings{volkhonskiy2017inductive,
  title={Inductive conformal martingales for change-point detection},
  author={Volkhonskiy, Denis and Burnaev, Evgeny and Nouretdinov, Ilia and Gammerman, Alexander and Vovk, Vladimir},
  booktitle={Conformal and Probabilistic Prediction and Applications},
  pages={132--153},
  year={2017},
}

@article{vovk2020computationally,
  title={Computationally efficient versions of conformal predictive distributions},
  author={Vovk, Vladimir and Petej, Ivan and Nouretdinov, Ilia and Manokhin, Valery and Gammerman, Alexander},
  journal={Neurocomputing},
  volume={397},
  pages={292--308},
  year={2020},
}

@article{sadinle2019least,
  title={Least ambiguous set-valued classifiers with bounded error levels},
  author={Sadinle, Mauricio and Lei, Jing and Wasserman, Larry},
  journal={Journal of the American Statistical Association},
  volume={114},
  number={525},
  pages={223--234},
  year={2019},
}

@inproceedings{nguyen2018variational,
  title={Variational continual learning},
  author={Nguyen, Cuong V and Li, Yingzhen and Bui, Thang D and Turner, Richard E},
  booktitle={Proceedings of the International Conference on Learning Representations},
  year={2018}
}

@inproceedings{grandvalet2004semi,
  title={Semi-supervised learning by entropy minimization},
  author={Grandvalet, Yves and Bengio, Yoshua},
  booktitle={Proceedings of the Advances in Neural Information Processing Systems},
  year={2004}
}

@inproceedings{wang2022continual,
  title={Continual test-time domain adaptation},
  author={Wang, Qin and Fink, Olga and Van Gool, Luc and Dai, Dengxin},
  booktitle={Proceedings of the Computer Vision and Pattern Recognition},
  year={2022}
}

@book{box2011bayesian,
  title={Bayesian inference in statistical analysis},
  author={Box, George EP and Tiao, George C},
  year={2011},
  publisher={John Wiley \& Sons}
}

@inproceedings{ovadia2019can,
  title={Can you trust your model's uncertainty? evaluating predictive uncertainty under dataset shift},
  author={Ovadia, Yaniv and Fertig, Emily and Ren, Jie and Nado, Zachary and Sculley, David and Nowozin, Sebastian and Dillon, Joshua and Lakshminarayanan, Balaji and Snoek, Jasper},
  booktitle={Proceedings of the Advances in Neural Information Processing Systems},
  year={2019}
}

@inproceedings{zhou2021training,
 author = {Zhou, Aurick and Levine, Sergey},
 booktitle = {Proceedings of the Advances in Neural Information Processing Systems},
 title = {Bayesian adaptation for covariate shift},
 year = {2021}
}

@inproceedings{huang2022extrapolative,
  title={Extrapolative continuous-time bayesian neural network for fast training-free test-time adaptation},
  author={Huang, Hengguan and Gu, Xiangming and Wang, Hao and Xiao, Chang and Liu, Hongfu and Wang, Ye},
  booktitle={Proceedings of the Advances in Neural Information Processing Systems},
  year={2022}
}

@article{french1999catastrophic,
  title={Catastrophic forgetting in connectionist networks},
  author={French, Robert M},
  journal={Journal of the Trends in Cognitive Sciences},
  volume={3},
  pages={128--135},
  year={1999},
}

@article{kirkpatrick2017overcoming,
  title={Overcoming catastrophic forgetting in neural networks},
  author={Kirkpatrick, James and Pascanu, Razvan and Rabinowitz, Neil and Veness, Joel and Desjardins, Guillaume and Rusu, Andrei A and Milan, Kieran and Quan, John and Ramalho, Tiago and Grabska-Barwinska, Agnieszka and others},
  journal={Journal of the National Academy of Sciences},
  volume={114},
  pages={3521--3526},
  year={2017},
}

@article{zhao2022deep,
  title={Deep bayesian unsupervised lifelong learning},
  author={Zhao, Tingting and Wang, Zifeng and Masoomi, Aria and Dy, Jennifer},
  journal={Journal of the Neural Networks},
  volume={149},
  pages={95--106},
  year={2022},
}


@inproceedings{brahma2023probabilistic,
  title={A probabilistic framework for lifelong test-time adaptation},
  author={Brahma, Dhanajit and Rai, Piyush},
  booktitle={Proceedings of the Computer Vision and Pattern Recognition},
  year={2023}
}

@inproceedings{tarvainen2017mean,
  title={Mean teachers are better role models: Weight-averaged consistency targets improve semi-supervised deep learning results},
  author={Tarvainen, Antti and Valpola, Harri},
  booktitle={Proceedings of the Advances in Neural Information Processing Systems},
  year={2017}
}

@article{chakrabarty2023sata,
  title={SATA: Source anchoring and target alignment network for continual test time adaptation},
  author={Chakrabarty, Goirik and Sreenivas, Manogna and Biswas, Soma},
  journal={arXiv preprint arXiv:2304.10113},
  year={2023}
}

@inproceedings{wang2020tent,
  title={Tent: Fully test-time adaptation by entropy minimization},
  author={Wang, Dequan and Shelhamer, Evan and Liu, Shaoteng and Olshausen, Bruno and Darrell, Trevor},
  booktitle={Proceedings of the International Conference on Learning Representations},
  year={2020}
}

@inproceedings{dobler2023robust,
  title={Robust mean teacher for continual and gradual test-time adaptation},
  author={D{\"o}bler, Mario and Marsden, Robert A and Yang, Bin},
  booktitle={Proceedings of the Computer Vision and Pattern Recognition},
  year={2023}
}

@inproceedings{yang2023exploring,
  title={Exploring safety supervision for continual test-time domain adaptation},
  author={Yang, Xu and Gu, Yanan and Wei, Kun and Deng, Cheng},
  booktitle={Proceedings of the International Joint Conference on Artificial Intelligence},
  year={2023}
}

@inproceedings{bui2016deep,
  title={Deep Gaussian processes for regression using approximate expectation propagation},
  author={Bui, Thang and Hern{\'a}ndez-Lobato, Daniel and Hernandez-Lobato, Jose and Li, Yingzhen and Turner, Richard},
  booktitle={Proceedings of the International Conference on Machine Learning},
  year={2016},
}

@article{liu2019variational,
  title={Variational inference with Gaussian mixture model and householder flow},
  author={Liu, GuoJun and Liu, Yang and Guo, MaoZu and Li, Peng and Li, MingYu},
  journal={Journal of the Neural Networks},
  volume={109},
  pages={43--55},
  year={2019},
}

@inproceedings{kingma2015variational,
  title={Variational dropout and the local reparameterization trick},
  author={Kingma, Durk P and Salimans, Tim and Welling, Max},
  booktitle={Proceedings of the Advances in Neural Information Processing Systems},
  year={2015}
}

@inproceedings{wang2011online,
  title={Online variational inference for the hierarchical Dirichlet process},
  author={Wang, Chong and Paisley, John and Blei, David M},
  booktitle={Proceedings of the International Conference on Artificial Intelligence and Statistics},
  year={2011},
}

@article{sato2001online,
  title={Online model selection based on the variational Bayes},
  author={Sato, Masa-Aki},
  journal={Journal of the Neural Computation},
  volume={13},
  pages={1649--1681},
  year={2001},
}

@inproceedings{singer1998batch,
  title={Batch and on-line parameter estimation of Gaussian mixtures based on the joint entropy},
  author={Singer, Yoram and Warmuth, Manfred KK},
  booktitle={Advances in Neural Information Processing Systems},
  year={1998}
}

@book{cover1999elements,
  title={Elements of information theory},
  author={Cover, Thomas M},
  year={1999},
  publisher={John Wiley \& Sons}
}

@inproceedings{jain2011online,
  title={Online domain adaptation of a pre-trained cascade of classifiers},
  author={Jain, Vidit and Learned-Miller, Erik},
  booktitle={Proceedings of the Computer Vision and Pattern Recognition},
  year={2011},
}

@inproceedings{sun2020test,
  title={Test-time training with self-supervision for generalization under distribution shifts},
  author={Sun, Yu and Wang, Xiaolong and Liu, Zhuang and Miller, John and Efros, Alexei and Hardt, Moritz},
  booktitle={International Conference on Machine Learning},
  year={2020},
}

@article{mummadi2021test,
  title={Test-time adaptation to distribution shift by confidence maximization and input transformation},
  author={Mummadi, Chaithanya Kumar and Hutmacher, Robin and Rambach, Kilian and Levinkov, Evgeny and Brox, Thomas and Metzen, Jan Hendrik},
  journal={arXiv preprint arXiv:2106.14999},
  year={2021}
}

@inproceedings{zhang2022memo,
  title={Memo: Test time robustness via adaptation and augmentation},
  author={Zhang, Marvin and Levine, Sergey and Finn, Chelsea},
  booktitle={Advances in Neural Information Processing Systems},
  year={2022}
}

@inproceedings{liu2021ttt++,
  title={Ttt++: When does self-supervised test-time training fail or thrive?},
  author={Liu, Yuejiang and Kothari, Parth and Van Delft, Bastien and Bellot-Gurlet, Baptiste and Mordan, Taylor and Alahi, Alexandre},
  booktitle={Advances in Neural Information Processing Systems},
  year={2021}
}

@inproceedings{choi2022improving,
  title={Improving test-time adaptation via shift-agnostic weight regularization and nearest source prototypes},
  author={Choi, Sungha and Yang, Seunghan and Choi, Seokeon and Yun, Sungrack},
  booktitle={Procedings of the European Conference on Computer Vision},
  year={2022},
}

@inproceedings{chen2022contrastive,
  title={Contrastive test-time adaptation},
  author={Chen, Dian and Wang, Dequan and Darrell, Trevor and Ebrahimi, Sayna},
  booktitle={Proceedings of the Computer Vision and Pattern Recognition},
  year={2022}
}

@inproceedings{gandelsman2022test,
  title={Test-time training with masked autoencoders},
  author={Gandelsman, Yossi and Sun, Yu and Chen, Xinlei and Efros, Alexei},
  booktitle={Advances in Neural Information Processing Systems},
  year={2022}
}



@inproceedings{hernandez2015probabilistic,
  title={Probabilistic backpropagation for scalable learning of bayesian neural networks},
  author={Hern{\'a}ndez-Lobato, Jos{\'e} Miguel and Adams, Ryan},
  booktitle={International Conference on Machine Learning},
  year={2015},
}

@inproceedings{louizos2017multiplicative,
  title={Multiplicative normalizing flows for variational bayesian neural networks},
  author={Louizos, Christos and Welling, Max},
  booktitle={International Conference on Machine Learning},
  year={2017},
}

@inproceedings{ritter2018scalable,
  title={A scalable laplace approximation for neural networks},
  author={Ritter, Hippolyt and Botev, Aleksandar and Barber, David},
  booktitle={International Conference on Learning Representations},
  year={2018},
}

@article{friston2007variational,
  title={Variational free energy and the Laplace approximation},
  author={Friston, Karl and Mattout, J{\'e}r{\'e}mie and Trujillo-Barreto, Nelson and Ashburner, John and Penny, Will},
  journal={Journal of the Neuroimage},
  volume={34},
  number={1},
  pages={220--234},
  year={2007},
}

@book{gelman1995bayesian,
  title={Bayesian data analysis},
  author={Gelman, Andrew and Carlin, John B and Stern, Hal S and Rubin, Donald B},
  year={1995},
  publisher={Chapman and Hall/CRC}
}

@inproceedings{fortuin2021bayesian,
  title={Bayesian Neural Network Priors Revisited},
  author={Fortuin, Vincent and Garriga-Alonso, Adri{\`a} and Ober, Sebastian W and Wenzel, Florian and Ratsch, Gunnar and Turner, Richard E and van der Wilk, Mark and Aitchison, Laurence},
  booktitle={International Conference on Learning Representations},
  year={2021}
}

@inproceedings{ebrahimi2019uncertainty,
  title={Uncertainty-guided Continual Learning with Bayesian Neural Networks},
  author={Ebrahimi, Sayna and Elhoseiny, Mohamed and Darrell, Trevor and Rohrbach, Marcus},
  booktitle={International Conference on Learning Representations},
  year={2019}
}

@inproceedings{wu2018deterministic,
  title={Deterministic Variational Inference for Robust Bayesian Neural Networks},
  author={Wu, Anqi and Nowozin, Sebastian and Meeds, Edward and Turner, Richard E and Hern{\'a}ndez-Lobato, Jos{\'e} Miguel and Gaunt, Alexander L},
  booktitle={International Conference on Learning Representations},
  year={2018}
}

@article{farquhar2019unifying,
  title={A unifying bayesian view of continual learning},
  author={Farquhar, Sebastian and Gal, Yarin},
  journal={arXiv preprint arXiv:1902.06494},
  year={2019}
}

@inproceedings{kurle2019continual,
  title={Continual learning with bayesian neural networks for non-stationary data},
  author={Kurle, Richard and Cseke, Botond and Klushyn, Alexej and Van Der Smagt, Patrick and G{\"u}nnemann, Stephan},
  booktitle={International Conference on Learning Representations},
  year={2019}
}

@inproceedings{zagoruyko2016wide,
  title={Wide Residual Networks},
  author={Zagoruyko, Sergey and Komodakis, Nikos},
  booktitle={Procedings of the British Machine Vision Conference},
  year={2016},
}

@inproceedings{xie2017aggregated,
  title={Aggregated residual transformations for deep neural networks},
  author={Xie, Saining and Girshick, Ross and Doll{\'a}r, Piotr and Tu, Zhuowen and He, Kaiming},
  booktitle={Proceedings of the Computer Vision and Pattern Recognition},
  year={2017}
}

@inproceedings{he2016deep,
  title={Deep residual learning for image recognition},
  author={He, Kaiming and Zhang, Xiangyu and Ren, Shaoqing and Sun, Jian},
  booktitle={Proceedings of the Computer Vision and Pattern Recognition},
  year={2016}
}

@article{li2017learning,
  title={Learning without forgetting},
  author={Li, Zhizhong and Hoiem, Derek},
  journal={Journal of the IEEE Transactions on Pattern Analysis and Machine Intelligence},
  volume={40},
  number={12},
  pages={2935--2947},
  year={2017},
}

@inproceedings{schneider2020improving,
  title={Improving robustness against common corruptions by covariate shift adaptation},
  author={Schneider, Steffen and Rusak, Evgenia and Eck, Luisa and Bringmann, Oliver and Brendel, Wieland and Bethge, Matthias},
  booktitle={Proceedings of the Advances in Neural Information Processing Systems},
  year={2020}
}

@article{brier1950verification,
  title={Verification of forecasts expressed in terms of probability},
  author={Brier, Glenn W},
  journal={Journal of the Monthly Weather Review},
  volume={78},
  number={1},
  pages={1--3},
  year={1950}
}

@article{gneiting2007strictly,
  title={Strictly proper scoring rules, prediction, and estimation},
  author={Gneiting, Tilmann and Raftery, Adrian E},
  journal={Journal of the American Statistical Association},
  volume={102},
  number={477},
  pages={359--378},
  year={2007},
}

@inproceedings{wang2019symmetric,
  title={Symmetric cross entropy for robust learning with noisy labels},
  author={Wang, Yisen and Ma, Xingjun and Chen, Zaiyi and Luo, Yuan and Yi, Jinfeng and Bailey, James},
  booktitle={Proceedings of the Computer Vision and Pattern Recognition},
  year={2019}
}

@article{hunter1986exponentially,
  title={The exponentially weighted moving average},
  author={Hunter, J Stuart},
  journal={Journal of the Quality Technology},
  volume={18},
  number={4},
  pages={203--210},
  year={1986},
}

@inproceedings{caruana2015intelligible,
  title={Intelligible models for healthcare: Predicting pneumonia risk and hospital 30-day readmission},
  author={Caruana, Rich and Lou, Yin and Gehrke, Johannes and Koch, Paul and Sturm, Marc and Elhadad, Noemie},
  booktitle={Proceedings of the ACM SIGKDD international conference on knowledge discovery and data mining},
  pages={1721--1730},
  year={2015}
}

@article{lekeufack2023conformal,
  title={Conformal decision theory: Safe autonomous decisions from imperfect predictions},
  author={Lekeufack, Jordan and Angelopoulos, Anastasios A and Bajcsy, Andrea and Jordan, Michael I and Malik, Jitendra},
  journal={arXiv preprint arXiv:2310.05921},
  year={2023}
}


@article{tibshirani2019conformal,
  title={Conformal prediction under covariate shift},
  author={Tibshirani, Ryan J and Foygel Barber, Rina and Candes, Emmanuel and Ramdas, Aaditya},
  journal={Advances in neural information processing systems},
  volume={32},
  year={2019}
}


@article{lei2014distribution,
  title={Distribution-free prediction bands for non-parametric regression},
  author={Lei, Jing and Wasserman, Larry},
  journal={Journal of the Royal Statistical Society Series B: Statistical Methodology},
  volume={76},
  number={1},
  pages={71--96},
  year={2014},
  publisher={Oxford University Press}
}


@article{dabah2024calibration,
  title={On Calibration and Conformal Prediction of Deep Classifiers},
  author={Dabah, Lahav and Tirer, Tom},
  journal={arXiv preprint arXiv:2402.05806},
  year={2024}
}

@inproceedings{sojka2023ar,
  title={AR-TTA: A Simple Method for Real-World Continual Test-Time Adaptation},
  author={S{\'o}jka, Damian and Cygert, Sebastian and Twardowski, Bart{\l}omiej and Trzci{\'n}ski, Tomasz},
  booktitle={Proceedings of the IEEE/CVF International Conference on Computer Vision},
  pages={3491--3495},
  year={2023}
}


@inproceedings{chen2024each,
  title={Each test image deserves a specific prompt: Continual test-time adaptation for 2d medical image segmentation},
  author={Chen, Ziyang and Pan, Yongsheng and Ye, Yiwen and Lu, Mengkang and Xia, Yong},
  booktitle={Proceedings of the IEEE/CVF Conference on Computer Vision and Pattern Recognition},
  pages={11184--11193},
  year={2024}
}

@inproceedings{maddox2019simple,
  title={A simple baseline for bayesian uncertainty in deep learning},
  author={Maddox, Wesley J and Izmailov, Pavel and Garipov, Timur and Vetrov, Dmitry P and Wilson, Andrew Gordon},
  booktitle={Advances in neural information processing systems},
  volume={32},
  year={2019}
}

@inproceedings{gal2016dropout,
  title={Dropout as a bayesian approximation: Representing model uncertainty in deep learning},
  author={Gal, Yarin and Ghahramani, Zoubin},
  booktitle={International conference on Machine Ltoearning},
  pages={1050--1059},
  year={2016},
  organization={PMLR}
}

@article{yilmaz2022test,
  title={Test-time recalibration of conformal predictors under distribution shift based on unlabeled examples},
  author={Yilmaz, Fatih Furkan and Heckel, Reinhard},
  journal={arXiv preprint arXiv:2210.04166},
  year={2022}
}

@inproceedings{chakrabarty2023simple,
  title={A Simple Signal for Domain Shift},
  author={Chakrabarty, Goirik and Sreenivas, Manogna and Biswas, Soma},
  booktitle={Proceedings of the IEEE/CVF International Conference on Computer Vision},
  pages={3577--3584},
  year={2023}
}

@article{angelopoulos2021gentle,
  title={A gentle introduction to conformal prediction and distribution-free uncertainty quantification},
  author={Angelopoulos, Anastasios N and Bates, Stephen},
  journal={arXiv preprint arXiv:2107.07511},
  year={2021}
}

@inproceedings{naeini2015obtaining,
  title={Obtaining well calibrated probabilities using bayesian binning},
  author={Naeini, Mahdi Pakdaman and Cooper, Gregory and Hauskrecht, Milos},
  booktitle={Proceedings of the AAAI conference on artificial intelligence},
  year={2015}
}

@book{ross2023second,
  title={A second course in probability},
  author={Ross, Sheldon M and Pek{\"o}z, Erol A},
  year={2023},
  publisher={Cambridge University Press}
}

@article{den2012probability,
  title={Probability theory: The coupling method},
  author={Den Hollander, Frank},
  journal={Lecture notes available online (http://websites. math. leidenuniv. nl/probability/lecturenotes/CouplingLectures. pdf)},
  year={2012}
}

@inproceedings{deng2009imagenet,
  title={Imagenet: A large-scale hierarchical image database},
  author={Deng, Jia and Dong, Wei and Socher, Richard and Li, Li-Jia and Li, Kai and Fei-Fei, Li},
  booktitle={IEEE/CVF Conference on Computer Vision and Pattern Recognition},
  year={2009},
}

@article{rolnick2019experience,
  title={Experience replay for continual learning},
  author={Rolnick, David and Ahuja, Arun and Schwarz, Jonathan and Lillicrap, Timothy and Wayne, Gregory},
  journal={Advances in neural information processing systems},
  volume={32},
  year={2019}
}

@article{van2020brain,
  title={Brain-inspired replay for continual learning with artificial neural networks},
  author={Van de Ven, Gido M and Siegelmann, Hava T and Tolias, Andreas S},
  journal={Nature communications},
  volume={11},
  number={1},
  pages={4069},
  year={2020},
  publisher={Nature Publishing Group UK London}
}

@inproceedings{goldman2000enhancing,
  title={Enhancing supervised learning with unlabeled data},
  author={Goldman, Sally and Zhou, Yan},
  booktitle={ICML},
  pages={327--334},
  year={2000},
  organization={Citeseer}
}

@book{zhu2022introduction,
  title={Introduction to semi-supervised learning},
  author={Zhu, Xiaojin and Goldberg, Andrew B},
  year={2022},
  publisher={Springer Nature}
}

@inproceedings{tomani2021post,
  title={Post-hoc uncertainty calibration for domain drift scenarios},
  author={Tomani, Christian and Gruber, Sebastian and Erdem, Muhammed Ebrar and Cremers, Daniel and Buettner, Florian},
  booktitle={Proceedings of the IEEE/CVF Conference on Computer Vision and Pattern Recognition},
  pages={10124--10132},
  year={2021}
}

@article{rahimi2020post,
  title={Post-hoc calibration of neural networks},
  author={Rahimi, Amir and Gupta, Kartik and Ajanthan, Thalaiyasingam and Mensink, Thomas and Sminchisescu, Cristian and Hartley, Richard},
  journal={arXiv preprint arXiv:2006.12807},
  volume={2},
  year={2020}
}

@article{shi2024controllable,
  title={Controllable Continual Test-Time Adaptation},
  author={Shi, Ziqi and Lyu, Fan and Liu, Ye and Shang, Fanhua and Hu, Fuyuan and Feng, Wei and Zhang, Zhang and Wang, Liang},
  journal={arXiv preprint arXiv:2405.14602},
  year={2024}
}

@article{press2024rdumb,
  title={Rdumb: A simple approach that questions our progress in continual test-time adaptation},
  author={Press, Ori and Schneider, Steffen and K{\"u}mmerer, Matthias and Bethge, Matthias},
  journal={Advances in Neural Information Processing Systems},
  volume={36},
  year={2024}
}

@article{lyu2024variational,
  title={Variational continual test-time adaptation},
  author={Lyu, Fan and Du, Kaile and Li, Yuyang and Zhao, Hanyu and Zhang, Zhang and Liu, Guangcan and Wang, Liang},
  journal={arXiv preprint arXiv:2402.08182},
  year={2024}
}

@article{tan2024less,
  title={Less is More: Pseudo-Label Filtering for Continual Test-Time Adaptation},
  author={Tan, Jiayao and Lyu, Fan and Ni, Chenggong and Feng, Tingliang and Hu, Fuyuan and Zhang, Zhang and Zhao, Shaochuang and Wang, Liang},
  journal={arXiv preprint arXiv:2406.02609},
  year={2024}
}

@article{sun2022exploring,
  title={Exploring example influence in continual learning},
  author={Sun, Qing and Lyu, Fan and Shang, Fanhua and Feng, Wei and Wan, Liang},
  journal={Advances in Neural Information Processing Systems},
  volume={35},
  pages={27075--27086},
  year={2022}
}

@inproceedings{lyu2021multi,
  title={Multi-domain multi-task rehearsal for lifelong learning},
  author={Lyu, Fan and Wang, Shuai and Feng, Wei and Ye, Zihan and Hu, Fuyuan and Wang, Song},
  booktitle={Proceedings of the AAAI Conference on Artificial Intelligence},
  volume={35},
  number={10},
  pages={8819--8827},
  year={2021}
}
