@inproceedings{bai2024badclip,
  title={BadCLIP: Trigger-Aware Prompt Learning for Backdoor Attacks on CLIP},
  author={Bai, Jiawang and Gao, Kuofeng and Min, Shaobo and Xia, Shu-Tao and Li, Zhifeng and Liu, Wei},
  booktitle={Proceedings of the IEEE/CVF Conference on Computer Vision and Pattern Recognition},
  pages={24239--24250},
  year={2024}
}

@inproceedings{chen2020simple,
  title={A simple framework for contrastive learning of visual representations},
  author={Chen, Ting and Kornblith, Simon and Norouzi, Mohammad and Hinton, Geoffrey},
  booktitle={Proceedings of the International Conference on Machine Learning},
  pages={1597--1607},
  year={2020},
  organization={PMLR}
}

@article{goodfellow2014generative,
  title={Generative adversarial nets},
  author={Goodfellow, Ian and Pouget-Abadie, Jean and Mirza, Mehdi and Xu, Bing and Warde-Farley, David and Ozair, Sherjil and Courville, Aaron and Bengio, Yoshua},
  journal={Advances in neural information processing systems},
  volume={27},
  year={2014}
}

@inproceedings{guo2023calip,
  title={Calip: Zero-shot enhancement of clip with parameter-free attention},
  author={Guo, Ziyu and Zhang, Renrui and Qiu, Longtian and Ma, Xianzheng and Miao, Xupeng and He, Xuming and Cui, Bin},
  booktitle={Proceedings of the AAAI Conference on Artificial Intelligence},
  volume={37},
  number={1},
  pages={746--754},
  year={2023}
}

@inproceedings{hanif2024baple,
  title={Baple: Backdoor attacks on medical foundational models using prompt learning},
  author={Hanif, Asif and Shamshad, Fahad and Awais, Muhammad and Naseer, Muzammal and Khan, Fahad Shahbaz and Nandakumar, Karthik and Khan, Salman and Anwer, Rao Muhammad},
  booktitle={International Conference on Medical Image Computing and Computer-Assisted Intervention},
  pages={443--453},
  year={2024},
  organization={Springer}
}

@inproceedings{he2020momentum,
  title={Momentum contrast for unsupervised visual representation learning},
  author={He, Kaiming and Fan, Haoqi and Wu, Yuxin and Xie, Saining and Girshick, Ross},
  booktitle={Proceedings of the IEEE/CVF Conference on Computer Vision and Pattern Recognition},
  pages={9729--9738},
  year={2020}
}

@inproceedings{hendrycks2021natural,
  title={Natural adversarial examples},
  author={Hendrycks, Dan and Zhao, Kevin and Basart, Steven and Steinhardt, Jacob and Song, Dawn},
  booktitle={Proceedings of the IEEE/CVF conference on computer vision and pattern recognition},
  pages={15262--15271},
  year={2021}
}

@article{ho2020denoising,
  title={Denoising diffusion probabilistic models},
  author={Ho, Jonathan and Jain, Ajay and Abbeel, Pieter},
  journal={Advances in neural information processing systems},
  volume={33},
  pages={6840--6851},
  year={2020}
}

@inproceedings{jia2021scaling,
  title={Scaling up visual and vision-language representation learning with noisy text supervision},
  author={Jia, Chao and Yang, Yinfei and Xia, Ye and Chen, Yi-Ting and Parekh, Zarana and Pham, Hieu and Le, Quoc and Sung, Yun-Hsuan and Li, Zhen and Duerig, Tom},
  booktitle={International conference on machine learning},
  pages={4904--4916},
  year={2021},
  organization={PMLR}
}

@article{kingma2013auto,
  title={Auto-encoding variational bayes},
  author={Kingma, Diederik P},
  journal={arXiv preprint arXiv:1312.6114},
  year={2013}
}

@article{murugesan2024robust,
  title={Robust Calibration of Large Vision-Language Adapters},
  author={Murugesan, Balamurali and Silva-Rodriguez, Julio and Ayed, Ismail Ben and Dolz, Jose},
  journal={arXiv preprint arXiv:2407.13588},
  year={2024}
}

@article{radford2015unsupervised,
  title={Unsupervised representation learning with deep convolutional generative adversarial networks},
  author={Radford, Alec},
  journal={arXiv preprint arXiv:1511.06434},
  year={2015}
}

@inproceedings{radford2021learning,
  title={Learning transferable visual models from natural language supervision},
  author={Radford, Alec and Kim, Jong Wook and Hallacy, Chris and Ramesh, Aditya and Goh, Gabriel and Agarwal, Sandhini and Sastry, Girish and Askell, Amanda and Mishkin, Pamela and Clark, Jack and others},
  booktitle={International conference on machine learning},
  pages={8748--8763},
  year={2021},
  organization={PMLR}
}

@inproceedings{rezende2014stochastic,
  title={Stochastic backpropagation and approximate inference in deep generative models},
  author={Rezende, Danilo Jimenez and Mohamed, Shakir and Wierstra, Daan},
  booktitle={International conference on machine learning},
  pages={1278--1286},
  year={2014},
  organization={PMLR}
}

@article{shu2022test,
  title={Test-time prompt tuning for zero-shot generalization in vision-language models},
  author={Shu, Manli and Nie, Weili and Huang, De-An and Yu, Zhiding and Goldstein, Tom and Anandkumar, Anima and Xiao, Chaowei},
  journal={Advances in Neural Information Processing Systems},
  volume={35},
  pages={14274--14289},
  year={2022}
}

@article{taori2020measuring,
  title={Measuring robustness to natural distribution shifts in image classification},
  author={Taori, Rohan and Dave, Achal and Shankar, Vaishaal and Carlini, Nicholas and Recht, Benjamin and Schmidt, Ludwig},
  journal={Advances in Neural Information Processing Systems},
  volume={33},
  pages={18583--18599},
  year={2020}
}

@inproceedings{yooncctpt,
  title={C-TPT: Calibrated Test-Time Prompt Tuning for Vision-Language Models via Text Feature Dispersion},
  author={Yoon, Hee Suk and Yoon, Eunseop and Tee, Joshua Tian Jin and Hasegawa-Johnson, Mark A and Li, Yingzhen and Yoo, Chang D},
  booktitle={The Twelfth International Conference on Learning Representations}
}

@article{zhao2023test,
  title={Test-time adaptation with clip reward for zero-shot generalization in vision-language models},
  author={Zhao, Shuai and Wang, Xiaohan and Zhu, Linchao and Yang, Yi},
  journal={arXiv preprint arXiv:2305.18010},
  year={2023}
}

@inproceedings{zhaotestrlcf,
  title={Test-Time Adaptation with CLIP Reward for Zero-Shot Generalization in Vision-Language Models},
  author={Zhao, Shuai and Wang, Xiaohan and Zhu, Linchao and Yang, Yi},
  booktitle={The Twelfth International Conference on Learning Representations}
}

@inproceedings{zhou2022cocoop,
    title={Conditional Prompt Learning for Vision-Language Models},
    author={Zhou, Kaiyang and Yang, Jingkang and Loy, Chen Change and Liu, Ziwei},
    booktitle={IEEE/CVF Conference on Computer Vision and Pattern Recognition (CVPR)},
    year={2022}
}

@article{zhou2022coop,
    title={Learning to Prompt for Vision-Language Models},
    author={Zhou, Kaiyang and Yang, Jingkang and Loy, Chen Change and Liu, Ziwei},
    journal={International Journal of Computer Vision (IJCV)},
    year={2022}
}

