@String(PAMI = {IEEE Trans. Pattern Anal. Mach. Intell.})
@String(IJCV = {Int. J. Comput. Vis.})
@String(CVPR= {IEEE Conf. Comput. Vis. Pattern Recog.})
@String(ICCV= {Int. Conf. Comput. Vis.})
@String(ECCV= {Eur. Conf. Comput. Vis.})
@String(NIPS= {Adv. Neural Inform. Process. Syst.})
@String(ICPR = {Int. Conf. Pattern Recog.})
@String(BMVC= {Brit. Mach. Vis. Conf.})
@String(TOG= {ACM Trans. Graph.})
@String(TIP  = {IEEE Trans. Image Process.})
@String(TVCG  = {IEEE Trans. Vis. Comput. Graph.})
@String(TMM  = {IEEE Trans. Multimedia})
@String(ACMMM= {ACM Int. Conf. Multimedia})
@String(ICME = {Int. Conf. Multimedia and Expo})
@String(ICASSP=	{ICASSP})
@String(ICIP = {IEEE Int. Conf. Image Process.})
@String(ACCV  = {ACCV})
@String(ICLR = {Int. Conf. Learn. Represent.})
@String(IJCAI = {IJCAI})
@String(PR   = {Pattern Recognition})
@String(AAAI = {AAAI})
@String(CVPRW= {IEEE Conf. Comput. Vis. Pattern Recog. Worksh.})
@String(CSVT = {IEEE Trans. Circuit Syst. Video Technol.})

@String(SPL	= {IEEE Sign. Process. Letters})
@String(VR   = {Vis. Res.})
@String(JOV	 = {J. Vis.})
@String(TVC  = {The Vis. Comput.})
@String(JCST  = {J. Comput. Sci. Tech.})
@String(CGF  = {Comput. Graph. Forum})
@String(CVM = {Computational Visual Media})


@String(PAMI  = {IEEE TPAMI})
@String(IJCV  = {IJCV})
@String(CVPR  = {CVPR})
@String(ICCV  = {ICCV})
@String(ECCV  = {ECCV})
@String(NIPS  = {NeurIPS})
@String(ICPR  = {ICPR})
@String(BMVC  =	{BMVC})
@String(TOG   = {ACM TOG})
@String(TIP   = {IEEE TIP})
@String(TVCG  = {IEEE TVCG})
@String(TCSVT = {IEEE TCSVT})
@String(TMM   =	{IEEE TMM})
@String(ACMMM = {ACM MM})
@String(ICME  =	{ICME})
@String(ICASSP=	{ICASSP})
@String(ICIP  = {ICIP})
@String(ACCV  = {ACCV})
@String(ICLR  = {ICLR})
@String(IJCAI = {IJCAI})
@String(PR = {PR})
@String(AAAI = {AAAI})
@String(CVPRW= {CVPRW})
@String(CSVT = {IEEE TCSVT})



@misc{Authors14,
 author = {FirstName LastName},
 title = {The frobnicatable foo filter},
 note = {Face and Gesture submission ID 324. Supplied as supplemental material {\tt fg324.pdf}},
 year = 2014
}

@misc{Authors14b,
 author = {FirstName LastName},
 title = {Frobnication tutorial},
 note = {Supplied as supplemental material {\tt tr.pdf}},
 year = 2014
}

@article{Alpher02,
author = {FirstName Alpher},
title = {Frobnication},
journal = PAMI,
volume = 12,
number = 1,
pages = {234--778},
year = 2002
}

@article{Alpher03,
author = {FirstName Alpher and  FirstName Fotheringham-Smythe},
title = {Frobnication revisited},
journal = {Journal of Foo},
volume = 13,
number = 1,
pages = {234--778},
year = 2003
}

@article{Alpher04,
author = {FirstName Alpher and FirstName Fotheringham-Smythe and FirstName Gamow},
title = {Can a machine frobnicate?},
journal = {Journal of Foo},
volume = 14,
number = 1,
pages = {234--778},
year = 2004
}

@inproceedings{Alpher05,
author = {FirstName Alpher and FirstName Gamow},
title = {Can a computer frobnicate?},
booktitle = CVPR,
pages = {234--778},
year = 2005
}

@article{shu2022test,
  title={Test-time prompt tuning for zero-shot generalization in vision-language models},
  author={Shu, Manli and Nie, Weili and Huang, De-An and Yu, Zhiding and Goldstein, Tom and Anandkumar, Anima and Xiao, Chaowei},
  journal={Advances in Neural Information Processing Systems},
  volume={35},
  pages={14274--14289},
  year={2022}
}

@article{murugesan2024robust,
  title={Robust Calibration of Large Vision-Language Adapters},
  author={Murugesan, Balamurali and Silva-Rodriguez, Julio and Ayed, Ismail Ben and Dolz, Jose},
  journal={arXiv preprint arXiv:2407.13588},
  year={2024}
}
@inproceedings{yuan2024tea,
  title={TEA: Test-time Energy Adaptation},
  author={Yuan, Yige and Xu, Bingbing and Hou, Liang and Sun, Fei and Shen, Huawei and Cheng, Xueqi},
  booktitle={Proceedings of the IEEE/CVF Conference on Computer Vision and Pattern Recognition},
  pages={23901--23911},
  year={2024}
}
@article{press2024entropy,
  title={The entropy enigma: Success and failure of entropy minimization},
  author={Press, Ori and Shwartz-Ziv, Ravid and LeCun, Yann and Bethge, Matthias},
  journal={arXiv preprint arXiv:2405.05012},
  year={2024}
}
@inproceedings{hendrycks2021natural,
  title={Natural adversarial examples},
  author={Hendrycks, Dan and Zhao, Kevin and Basart, Steven and Steinhardt, Jacob and Song, Dawn},
  booktitle={Proceedings of the IEEE/CVF conference on computer vision and pattern recognition},
  pages={15262--15271},
  year={2021}
}
@inproceedings{hendrycks2021many,
  title={The many faces of robustness: A critical analysis of out-of-distribution generalization},
  author={Hendrycks, Dan and Basart, Steven and Mu, Norman and Kadavath, Saurav and Wang, Frank and Dorundo, Evan and Desai, Rahul and Zhu, Tyler and Parajuli, Samyak and Guo, Mike and others},
  booktitle={Proceedings of the IEEE/CVF international conference on computer vision},
  pages={8340--8349},
  year={2021}
}

@inproceedings{recht2019imagenet,
  title={Do imagenet classifiers generalize to imagenet?},
  author={Recht, Benjamin and Roelofs, Rebecca and Schmidt, Ludwig and Shankar, Vaishaal},
  booktitle={International conference on machine learning},
  pages={5389--5400},
  year={2019},
  organization={PMLR}
}

@article{wang2019learning,
  title={Learning robust global representations by penalizing local predictive power},
  author={Wang, Haohan and Ge, Songwei and Lipton, Zachary and Xing, Eric P},
  journal={Advances in Neural Information Processing Systems},
  volume={32},
  year={2019}
}
@inproceedings{nilsback2008automated,
  title={Automated flower classification over a large number of classes},
  author={Nilsback, Maria-Elena and Zisserman, Andrew},
  booktitle={2008 Sixth Indian conference on computer vision, graphics \& image processing},
  pages={722--729},
  year={2008},
  organization={IEEE}
}
@article{van2008visualizing,
  title={Visualizing data using t-SNE.},
  author={Van der Maaten, Laurens and Hinton, Geoffrey},
  journal={Journal of machine learning research},
  volume={9},
  number={11},
  year={2008}
}

@article{zhou2022learning,
  title={Learning to prompt for vision-language models},
  author={Zhou, Kaiyang and Yang, Jingkang and Loy, Chen Change and Liu, Ziwei},
  journal={International Journal of Computer Vision},
  volume={130},
  number={9},
  pages={2337--2348},
  year={2022},
  publisher={Springer}
}

@inproceedings{cimpoi2014describing,
  title={Describing textures in the wild},
  author={Cimpoi, Mircea and Maji, Subhransu and Kokkinos, Iasonas and Mohamed, Sammy and Vedaldi, Andrea},
  booktitle={Proceedings of the IEEE conference on computer vision and pattern recognition},
  pages={3606--3613},
  year={2014}
}
@inproceedings{parkhi2012cats,
  title={Cats and dogs},
  author={Parkhi, Omkar M and Vedaldi, Andrea and Zisserman, Andrew and Jawahar, CV},
  booktitle={2012 IEEE conference on computer vision and pattern recognition},
  pages={3498--3505},
  year={2012},
  organization={IEEE}
}
@article{soomro2012ucf101,
  title={UCF101: A dataset of 101 human actions classes from videos in the wild},
  author={Soomro, K},
  journal={arXiv preprint arXiv:1212.0402},
  year={2012}
}
@inproceedings{fei2004learning,
  title={Learning generative visual models from few training examples: An incremental bayesian approach tested on 101 object categories},
  author={Fei-Fei, Li and Fergus, Rob and Perona, Pietro},
  booktitle={2004 conference on computer vision and pattern recognition workshop},
  pages={178--178},
  year={2004},
  organization={IEEE}
}
@article{maji2013fine,
  title={Fine-grained visual classification of aircraft},
  author={Maji, Subhransu and Rahtu, Esa and Kannala, Juho and Blaschko, Matthew and Vedaldi, Andrea},
  journal={arXiv preprint arXiv:1306.5151},
  year={2013}
}
@article{helber2019eurosat,
  title={Eurosat: A novel dataset and deep learning benchmark for land use and land cover classification},
  author={Helber, Patrick and Bischke, Benjamin and Dengel, Andreas and Borth, Damian},
  journal={IEEE Journal of Selected Topics in Applied Earth Observations and Remote Sensing},
  volume={12},
  number={7},
  pages={2217--2226},
  year={2019},
  publisher={IEEE}
}
@inproceedings{krause20133d,
  title={3d object representations for fine-grained categorization},
  author={Krause, Jonathan and Stark, Michael and Deng, Jia and Fei-Fei, Li},
  booktitle={Proceedings of the IEEE international conference on computer vision workshops},
  pages={554--561},
  year={2013}
}
@inproceedings{bossard2014food,
  title={Food-101--mining discriminative components with random forests},
  author={Bossard, Lukas and Guillaumin, Matthieu and Van Gool, Luc},
  booktitle={Computer vision--ECCV 2014: 13th European conference, zurich, Switzerland, September 6-12, 2014, proceedings, part VI 13},
  pages={446--461},
  year={2014},
  organization={Springer}
}
@inproceedings{xiao2010sun,
  title={Sun database: Large-scale scene recognition from abbey to zoo},
  author={Xiao, Jianxiong and Hays, James and Ehinger, Krista A and Oliva, Aude and Torralba, Antonio},
  booktitle={2010 IEEE computer society conference on computer vision and pattern recognition},
  pages={3485--3492},
  year={2010},
  organization={IEEE}
}
@inproceedings{radford2021learning,
  title={Learning transferable visual models from natural language supervision},
  author={Radford, Alec and Kim, Jong Wook and Hallacy, Chris and Ramesh, Aditya and Goh, Gabriel and Agarwal, Sandhini and Sastry, Girish and Askell, Amanda and Mishkin, Pamela and Clark, Jack and others},
  booktitle={International conference on machine learning},
  pages={8748--8763},
  year={2021},
  organization={PMLR}
}
@article{zhao2023test,
  title={Test-time adaptation with clip reward for zero-shot generalization in vision-language models},
  author={Zhao, Shuai and Wang, Xiaohan and Zhu, Linchao and Yang, Yi},
  journal={arXiv preprint arXiv:2305.18010},
  year={2023}
}

@inproceedings{jia2021scaling,
  title={Scaling up visual and vision-language representation learning with noisy text supervision},
  author={Jia, Chao and Yang, Yinfei and Xia, Ye and Chen, Yi-Ting and Parekh, Zarana and Pham, Hieu and Le, Quoc and Sung, Yun-Hsuan and Li, Zhen and Duerig, Tom},
  booktitle={International conference on machine learning},
  pages={4904--4916},
  year={2021},
  organization={PMLR}
}
@article{mokady2021clipcap,
  title={Clipcap: Clip prefix for image captioning},
  author={Mokady, Ron and Hertz, Amir and Bermano, Amit H},
  journal={arXiv preprint arXiv:2111.09734},
  year={2021}
}
@inproceedings{sun2020test,
  title={Test-time training with self-supervision for generalization under distribution shifts},
  author={Sun, Yu and Wang, Xiaolong and Liu, Zhuang and Miller, John and Efros, Alexei and Hardt, Moritz},
  booktitle={International conference on machine learning},
  pages={9229--9248},
  year={2020},
  organization={PMLR}
}

@inproceedings{wang2021accelerate,
  title={Accelerate cnns from three dimensions: A comprehensive pruning framework},
  author={Wang, Wenxiao and Chen, Minghao and Zhao, Shuai and Chen, Long and Hu, Jinming and Liu, Haifeng and Cai, Deng and He, Xiaofei and Liu, Wei},
  booktitle={International Conference on Machine Learning},
  pages={10717--10726},
  year={2021},
  organization={PMLR}
}

@article{goodfellow2014explaining,
  title={Explaining and harnessing adversarial examples},
  author={Goodfellow, Ian J and Shlens, Jonathon and Szegedy, Christian},
  journal={arXiv preprint arXiv:1412.6572},
  year={2014}
}

@inproceedings{xie2019feature,
  title={Feature denoising for improving adversarial robustness},
  author={Xie, Cihang and Wu, Yuxin and Maaten, Laurens van der and Yuille, Alan L and He, Kaiming},
  booktitle={Proceedings of the IEEE/CVF conference on computer vision and pattern recognition},
  pages={501--509},
  year={2019}
}

@article{goodfellow2014generative,
  title={Generative adversarial nets},
  author={Goodfellow, Ian and Pouget-Abadie, Jean and Mirza, Mehdi and Xu, Bing and Warde-Farley, David and Ozair, Sherjil and Courville, Aaron and Bengio, Yoshua},
  journal={Advances in neural information processing systems},
  volume={27},
  year={2014}
}

@article{kingma2013auto,
  title={Auto-encoding variational bayes},
  author={Kingma, Diederik P},
  journal={arXiv preprint arXiv:1312.6114},
  year={2013}
}

@article{ho2020denoising,
  title={Denoising diffusion probabilistic models},
  author={Ho, Jonathan and Jain, Ajay and Abbeel, Pieter},
  journal={Advances in neural information processing systems},
  volume={33},
  pages={6840--6851},
  year={2020}
}

%%%%%%%%%%%%% Domains Shift %%%%%%%%%
@article{taori2020measuring,
  title={Measuring robustness to natural distribution shifts in image classification},
  author={Taori, Rohan and Dave, Achal and Shankar, Vaishaal and Carlini, Nicholas and Recht, Benjamin and Schmidt, Ludwig},
  journal={Advances in Neural Information Processing Systems},
  volume={33},
  pages={18583--18599},
  year={2020}
}



%%%%%%%% Adaption %%%%%%%%%

@article{wang2020tent,
  title={Tent: Fully test-time adaptation by entropy minimization},
  author={Wang, Dequan and Shelhamer, Evan and Liu, Shaoteng and Olshausen, Bruno and Darrell, Trevor},
  journal={arXiv preprint arXiv:2006.10726},
  year={2020}
}

@article{zhang2022memo,
  title={Memo: Test time robustness via adaptation and augmentation},
  author={Zhang, Marvin and Levine, Sergey and Finn, Chelsea},
  journal={Advances in neural information processing systems},
  volume={35},
  pages={38629--38642},
  year={2022}
}

%%%%%%%% learnable noise %%%%%%

@inproceedings{rezende2014stochastic,
  title={Stochastic backpropagation and approximate inference in deep generative models},
  author={Rezende, Danilo Jimenez and Mohamed, Shakir and Wierstra, Daan},
  booktitle={International conference on machine learning},
  pages={1278--1286},
  year={2014},
  organization={PMLR}
}

@article{radford2015unsupervised,
  title={Unsupervised representation learning with deep convolutional generative adversarial networks},
  author={Radford, Alec},
  journal={arXiv preprint arXiv:1511.06434},
  year={2015}
}

@inproceedings{
zhao2024testtime,
title={Test-Time Adaptation with {CLIP} Reward for Zero-Shot Generalization in Vision-Language Models},
author={Shuai Zhao and Xiaohan Wang and Linchao Zhu and Yi Yang},
booktitle={The Twelfth International Conference on Learning Representations},
year={2024},
url={https://openreview.net/forum?id=kIP0duasBb}
}


@article{tu2024empirical,
  title={An Empirical Study Into What Matters for Calibrating Vision-Language Models},
  author={Tu, Weijie and Deng, Weijian and Campbell, Dylan and Gould, Stephen and Gedeon, Tom},
  journal={arXiv preprint arXiv:2402.07417},
  year={2024}
}


@inproceedings{bai2024badclip,
  title={BadCLIP: Trigger-Aware Prompt Learning for Backdoor Attacks on CLIP},
  author={Bai, Jiawang and Gao, Kuofeng and Min, Shaobo and Xia, Shu-Tao and Li, Zhifeng and Liu, Wei},
  booktitle={Proceedings of the IEEE/CVF Conference on Computer Vision and Pattern Recognition},
  pages={24239--24250},
  year={2024}
}

@inproceedings{hanif2024baple,
  title={Baple: Backdoor attacks on medical foundational models using prompt learning},
  author={Hanif, Asif and Shamshad, Fahad and Awais, Muhammad and Naseer, Muzammal and Khan, Fahad Shahbaz and Nandakumar, Karthik and Khan, Salman and Anwer, Rao Muhammad},
  booktitle={International Conference on Medical Image Computing and Computer-Assisted Intervention},
  pages={443--453},
  year={2024},
  organization={Springer}
}

@article{bengio2013representation,
  title={Representation learning: A review and new perspectives},
  author={Bengio, Yoshua and Courville, Aaron and Vincent, Pascal},
  journal={IEEE Transactions on Pattern Analysis and Machine Intelligence},
  volume={35},
  number={8},
  pages={1798--1828},
  year={2013},
  publisher={IEEE}
}

@inproceedings{song2019generative,
  title={Generative modeling by estimating gradients of the data distribution},
  author={Song, Yang and Sohl-Dickstein, Jascha and Kingma, Diederik P and Kumar, Abhishek and Ermon, Stefano and Poole, Ben},
  booktitle={Advances in Neural Information Processing Systems},
  volume={32},
  pages={11918--11930},
  year={2019}
}

@inproceedings{chen2020simple,
  title={A simple framework for contrastive learning of visual representations},
  author={Chen, Ting and Kornblith, Simon and Norouzi, Mohammad and Hinton, Geoffrey},
  booktitle={Proceedings of the International Conference on Machine Learning},
  pages={1597--1607},
  year={2020},
  organization={PMLR}
}

@inproceedings{he2020momentum,
  title={Momentum contrast for unsupervised visual representation learning},
  author={He, Kaiming and Fan, Haoqi and Wu, Yuxin and Xie, Saining and Girshick, Ross},
  booktitle={Proceedings of the IEEE/CVF Conference on Computer Vision and Pattern Recognition},
  pages={9729--9738},
  year={2020}
}

@article{zhou2022coop,
    title={Learning to Prompt for Vision-Language Models},
    author={Zhou, Kaiyang and Yang, Jingkang and Loy, Chen Change and Liu, Ziwei},
    journal={International Journal of Computer Vision (IJCV)},
    year={2022}
}

@inproceedings{zhou2022cocoop,
    title={Conditional Prompt Learning for Vision-Language Models},
    author={Zhou, Kaiyang and Yang, Jingkang and Loy, Chen Change and Liu, Ziwei},
    booktitle={IEEE/CVF Conference on Computer Vision and Pattern Recognition (CVPR)},
    year={2022}
}


@inproceedings{khattakMaPLe,
    title={MaPLe: Multi-modal Prompt Learning},
    author={Khattak, Muhammad Uzair and Rasheed, Hanoona and Maaz, Muhammad and Khan, Salman and Khan, Fahad Shahbaz},
    booktitle={The IEEE/CVF Conference on Computer Vision and Pattern Recognition},
    year={2023}
}

@inproceedings{guo2023calip,
  title={Calip: Zero-shot enhancement of clip with parameter-free attention},
  author={Guo, Ziyu and Zhang, Renrui and Qiu, Longtian and Ma, Xianzheng and Miao, Xupeng and He, Xuming and Cui, Bin},
  booktitle={Proceedings of the AAAI Conference on Artificial Intelligence},
  volume={37},
  number={1},
  pages={746--754},
  year={2023}
}

@inproceedings{zhaotestrlcf,
  title={Test-Time Adaptation with CLIP Reward for Zero-Shot Generalization in Vision-Language Models},
  author={Zhao, Shuai and Wang, Xiaohan and Zhu, Linchao and Yang, Yi},
  booktitle={The Twelfth International Conference on Learning Representations}
}

@inproceedings{yooncctpt,
  title={C-TPT: Calibrated Test-Time Prompt Tuning for Vision-Language Models via Text Feature Dispersion},
  author={Yoon, Hee Suk and Yoon, Eunseop and Tee, Joshua Tian Jin and Hasegawa-Johnson, Mark A and Li, Yingzhen and Yoo, Chang D},
  booktitle={The Twelfth International Conference on Learning Representations}
}

@article{hendrycks2019augmix,
  title={Augmix: A simple data processing method to improve robustness and uncertainty},
  author={Hendrycks, Dan and Mu, Norman and Cubuk, Ekin D and Zoph, Barret and Gilmer, Justin and Lakshminarayanan, Balaji},
  journal={arXiv preprint arXiv:1912.02781},
  year={2019}
}

@inproceedings{Kingma2014,
  added-at = {2020-10-15T14:36:56.000+0200},
  author = {Kingma, Diederik P. and Welling, Max},
  biburl = {https://www.bibsonomy.org/bibtex/242e5be6faa01cba2587f4907ac99dce8/annakrause},
  booktitle = {2nd International Conference on Learning Representations, {ICLR} 2014, Banff, AB, Canada, April 14-16, 2014, Conference Track Proceedings},
  eprint = {http://arxiv.org/abs/1312.6114v10},
  eprintclass = {stat.ML},
  eprinttype = {arXiv},
  file = {:http\://arxiv.org/pdf/1312.6114v10:PDF;:KingmaWelling_Auto-EncodingVariationalBayes.pdf:PDF},
  interhash = {a626a9d77a123c52405a08da983203cb},
  intrahash = {42e5be6faa01cba2587f4907ac99dce8},
  keywords = {cs.LG stat.ML vae},
  timestamp = {2021-02-01T17:13:18.000+0100},
  title = {{Auto-Encoding Variational Bayes}},
  year = 2014}

@article{Zhao2017TowardsDU,
  title={Towards Deeper Understanding of Variational Autoencoding Models},
  author={Shengjia Zhao and Jiaming Song and Stefano Ermon},
  journal={ArXiv},
  year={2017},
  volume={abs/1702.08658},
  url={https://api.semanticscholar.org/CorpusID:17860047}
}

@inproceedings{zhu2017unpaired,
  title={Unpaired image-to-image translation using cycle-consistent adversarial networks},
  author={Zhu, Jun-Yan and Park, Taesung and Isola, Phillip and Efros, Alexei A},
  booktitle={Proceedings of the IEEE international conference on computer vision},
  pages={2223--2232},
  year={2017}
}

@inproceedings{zhang2019self,
  title={Self-attention generative adversarial networks},
  author={Zhang, Han and Goodfellow, Ian and Metaxas, Dimitris and Odena, Augustus},
  booktitle={International conference on machine learning},
  pages={7354--7363},
  year={2019},
  organization={PMLR}
}



@article{xiao2024beyond,
  title={Beyond Model Adaptation at Test Time: A Survey},
  author={Xiao, Zehao and Snoek, Cees GM},
  journal={arXiv preprint arXiv:2411.03687},
  year={2024}
}


@misc{tu2024closerlookrobustnesscontrastive,
      title={A Closer Look at the Robustness of Contrastive Language-Image Pre-Training (CLIP)}, 
      author={Weijie Tu and Weijian Deng and Tom Gedeon},
      year={2024},
      eprint={2402.07410},
      archivePrefix={arXiv},
      primaryClass={cs.CV},
      url={https://arxiv.org/abs/2402.07410}, 
}

@misc{imam2024testtimelowrankadaptation,
      title={Test-Time Low Rank Adaptation via Confidence Maximization for Zero-Shot Generalization of Vision-Language Models}, 
      author={Raza Imam and Hanan Gani and Muhammad Huzaifa and Karthik Nandakumar},
      year={2024},
      eprint={2407.15913},
      archivePrefix={arXiv},
      primaryClass={cs.CV},
      url={https://arxiv.org/abs/2407.15913}, 
}

@misc{li2016revisitingbatchnormalizationpractical,
      title={Revisiting Batch Normalization For Practical Domain Adaptation}, 
      author={Yanghao Li and Naiyan Wang and Jianping Shi and Jiaying Liu and Xiaodi Hou},
      year={2016},
      eprint={1603.04779},
      archivePrefix={arXiv},
      primaryClass={cs.CV},
      url={https://arxiv.org/abs/1603.04779}, 
}
@misc{zhang2022memotesttimerobustness,
      title={MEMO: Test Time Robustness via Adaptation and Augmentation}, 
      author={Marvin Zhang and Sergey Levine and Chelsea Finn},
      year={2022},
      eprint={2110.09506},
      archivePrefix={arXiv},
      primaryClass={cs.LG},
      url={https://arxiv.org/abs/2110.09506}, 
}

@misc{goodfellow2015explainingharnessingadversarialexamples,
      title={Explaining and Harnessing Adversarial Examples}, 
      author={Ian J. Goodfellow and Jonathon Shlens and Christian Szegedy},
      year={2015},
      eprint={1412.6572},
      archivePrefix={arXiv},
      primaryClass={stat.ML},
      url={https://arxiv.org/abs/1412.6572}, 
}

@inproceedings{wang2022continual,
  title={Continual test-time domain adaptation},
  author={Wang, Qin and Fink, Olga and Van Gool, Luc and Dai, Dengxin},
  booktitle={Proceedings of the IEEE/CVF Conference on Computer Vision and Pattern Recognition},
  pages={7201--7211},
  year={2022}
}

@inproceedings{jia2022visual,
  title={Visual prompt tuning},
  author={Jia, Menglin and Tang, Luming and Chen, Bor-Chun and Cardie, Claire and Belongie, Serge and Hariharan, Bharath and Lim, Ser-Nam},
  booktitle={European Conference on Computer Vision},
  pages={709--727},
  year={2022},
  organization={Springer}
}