@article{tran2023inferring,
  title={Inferring the Long-Term Causal Effects of Long-Term Treatments from Short-Term Experiments},
  author={Tran, Allen and Bibaut, Aur{\'e}lien and Kallus, Nathan},
  journal={arXiv preprint arXiv:2311.08527},
  year={2023}
}

@article{zeng2024continuous,
  title={Continuous Treatment Effects with Surrogate Outcomes},
  author={Zeng, Zhenghao and Arbour, David and Feller, Avi and Addanki, Raghavendra and Rossi, Ryan and Sinha, Ritwik and Kennedy, Edward H},
  journal={arXiv preprint arXiv:2402.00168},
  year={2024}
}


@article{weinstein2013cancer,
  title={The cancer genome atlas pan-cancer analysis project},
  author={Weinstein, John N and Collisson, Eric A and Mills, Gordon B and Shaw, Kenna R and Ozenberger, Brad A and Ellrott, Kyle and Shmulevich, Ilya and Sander, Chris and Stuart, Joshua M},
  journal={Nature genetics},
  volume={45},
  number={10},
  pages={1113--1120},
  year={2013},
  publisher={Nature Publishing Group}
}

@inproceedings{johansson2016learning,
  title={Learning representations for counterfactual inference},
  author={Johansson, Fredrik and Shalit, Uri and Sontag, David},
  booktitle={International conference on machine learning},
  pages={3020--3029},
  year={2016},
  organization={PMLR}
}

@inproceedings{schwab2020learning,
  title={Learning counterfactual representations for estimating individual dose-response curves},
  author={Schwab, Patrick and Linhardt, Lorenz and Bauer, Stefan and Buhmann, Joachim M and Karlen, Walter},
  booktitle={Proceedings of the AAAI Conference on Artificial Intelligence},
  volume={34},
  number={04},
  pages={5612--5619},
  year={2020}
}
@article{lauritzen2004discussion,
  title={Discussion on causality [with reply]},
  author={Lauritzen, Steffen L and Aalen, Odd O and Rubin, Donald B and Arjas, Elja},
  journal={Scandinavian Journal of Statistics},
  volume={31},
  number={2},
  pages={189--201},
  year={2004},
  publisher={JSTOR}
}

@article{kingma2014adam,
  title={Adam: A method for stochastic optimization},
  author={Kingma, Diederik P and Ba, Jimmy},
  journal={arXiv preprint arXiv:1412.6980},
  year={2014}
}

@article{wang2022generalization,
  title={Generalization bounds for estimating causal effects of continuous treatments},
  author={Wang, Xin and Lyu, Shengfei and Wu, Xingyu and Wu, Tianhao and Chen, Huanhuan},
  journal={Advances in Neural Information Processing Systems},
  volume={35},
  pages={8605--8617},
  year={2022}
}

@article{cai2024long,
  title={Long-term causal effects estimation via latent surrogates representation learning},
  author={Cai, Ruichu and Chen, Weilin and Yang, Zeqin and Wan, Shu and Zheng, Chen and Yang, Xiaoqing and Guo, Jiecheng},
  journal={Neural Networks},
  volume={176},
  pages={106336},
  year={2024},
  publisher={Elsevier}
}

@article{yang2024estimating,
  title={Estimating Long-term Heterogeneous Dose-response Curve: Generalization Bound Leveraging Optimal Transport Weights},
  author={Yang, Zeqin and Chen, Weilin and Cai, Ruichu and Yan, Yuguang and Hao, Zhifeng and Yu, Zhipeng and Zou, Zhichao and Peng, Zhen and Guo, Jiecheng},
  journal={arXiv preprint arXiv:2406.19195},
  year={2024}
}
@article{prentice1989surrogate,
  title={Surrogate endpoints in clinical trials: definition and operational criteria},
  author={Prentice, Ross L},
  journal={Statistics in medicine},
  volume={8},
  number={4},
  pages={431--440},
  year={1989},
  publisher={Wiley Online Library}
}

@article{frangakis2002principal,
  title={Principal stratification in causal inference},
  author={Frangakis, Constantine E and Rubin, Donald B},
  journal={Biometrics},
  volume={58},
  number={1},
  pages={21--29},
  year={2002},
  publisher={Wiley Online Library}
}

@techreport{athey2019surrogate,
  title={The surrogate index: Combining short-term proxies to estimate long-term treatment effects more rapidly and precisely},
  author={Athey, Susan and Chetty, Raj and Imbens, Guido W and Kang, Hyunseung},
  year={2019},
  institution={National Bureau of Economic Research}
}


@inproceedings{van2023estimating,
  title={Estimating long-term causal effects from short-term experiments and long-term observational data with unobserved confounding},
  author={Van Goffrier, Graham and Maystre, Lucas and Gilligan-Lee, Ciar{\'a}n Mark},
  booktitle={Conference on Causal Learning and Reasoning},
  pages={791--813},
  year={2023},
  organization={PMLR}
}

@article{kallus2020role,
  title={On the role of surrogates in the efficient estimation of treatment effects with limited outcome data},
  author={Kallus, Nathan and Mao, Xiaojie},
  journal={arXiv preprint arXiv:2003.12408},
  year={2020}
}

@inproceedings{cheng2021long,
  title={Long-term effect estimation with surrogate representation},
  author={Cheng, Lu and Guo, Ruocheng and Liu, Huan},
  booktitle={Proceedings of the 14th ACM International Conference on Web Search and Data Mining},
  pages={274--282},
  year={2021}
}


@article{chen2007criteria,
  title={Criteria for surrogate end points},
  author={Chen, Hua and Geng, Zhi and Jia, Jinzhu},
  journal={Journal of the Royal Statistical Society: Series B (Statistical Methodology)},
  volume={69},
  number={5},
  pages={919--932},
  year={2007},
  publisher={Wiley Online Library}
}

@article{ju2010criteria,
  title={Criteria for surrogate end points based on causal distributions},
  author={Ju, Chuan and Geng, Zhi},
  journal={Journal of the Royal Statistical Society: Series B (Statistical Methodology)},
  volume={72},
  number={1},
  pages={129--142},
  year={2010},
  publisher={Wiley Online Library}
}

@article{gilbert2008evaluating,
  title={Evaluating candidate principal surrogate endpoints},
  author={Gilbert, Peter B and Hudgens, Michael G},
  journal={Biometrics},
  volume={64},
  number={4},
  pages={1146--1154},
  year={2008},
  publisher={Wiley Online Library}
}

@article{yin2020novel,
  title={Novel criteria to exclude the surrogate paradox and their optimalities},
  author={Yin, Yunjian and Liu, Lan and Geng, Zhi and Luo, Peng},
  journal={Scandinavian Journal of Statistics},
  volume={47},
  number={1},
  pages={84--103},
  year={2020},
  publisher={Wiley Online Library}
}

@article{imbens2000role,
  title={The role of the propensity score in estimating dose-response functions},
  author={Imbens, Guido W},
  journal={Biometrika},
  volume={87},
  number={3},
  pages={706--710},
  year={2000},
  publisher={Oxford University Press}
}

@article{wu2024policy,
  title={Policy Learning for Balancing Short-Term and Long-Term Rewards},
  author={Wu, Peng and Shen, Ziyu and Xie, Feng and Wang, Zhongyao and Liu, Chunchen and Zeng, Yan},
  journal={arXiv preprint arXiv:2405.03329},
  year={2024}
}
@article{rosenbaum1983central,
  title={The central role of the propensity score in observational studies for causal effects},
  author={Rosenbaum, Paul R and Rubin, Donald B},
  journal={Biometrika},
  volume={70},
  number={1},
  pages={41--55},
  year={1983},
  publisher={Oxford University Press}
}

@article{robins1994estimation,
  title={Estimation of regression coefficients when some regressors are not always observed},
  author={Robins, James M and Rotnitzky, Andrea and Zhao, Lue Ping},
  journal={Journal of the American statistical Association},
  volume={89},
  number={427},
  pages={846--866},
  year={1994},
  publisher={Taylor \& Francis}
}

@article{wang2018bounded,
  title={Bounded, efficient and multiply robust estimation of average treatment effects using instrumental variables},
  author={Wang, Linbo and Tchetgen Tchetgen, Eric},
  journal={Journal of the Royal Statistical Society Series B: Statistical Methodology},
  volume={80},
  number={3},
  pages={531--550},
  year={2018},
  publisher={Oxford University Press}
}

@inproceedings{
frauen2023estimating,
title={Estimating individual treatment effects under unobserved confounding using binary instruments},
author={Dennis Frauen and Stefan Feuerriegel},
booktitle={The Eleventh International Conference on Learning Representations },
year={2023},
url={https://openreview.net/forum?id=ULsuEVQbV-9}
}

@article{singh2024double,
  title={Double robustness for complier parameters and a semi-parametric test for complier characteristics},
  author={Singh, Rahul and Sun, Liyang},
  journal={The Econometrics Journal},
  volume={27},
  number={1},
  pages={1--20},
  year={2024},
  publisher={Oxford University Press}
}


@article{tchetgen2012semiparametric,
  title={Semiparametric theory for causal mediation analysis: efficiency bounds, multiple robustness, and sensitivity analysis},
  author={Tchetgen, Eric J Tchetgen and Shpitser, Ilya},
  journal={Annals of statistics},
  volume={40},
  number={3},
  pages={1816},
  year={2012},
  publisher={NIH Public Access}
}


@article{kennedy2017non,
  title={Non-parametric methods for doubly robust estimation of continuous treatment effects},
  author={Kennedy, Edward H and Ma, Zongming and McHugh, Matthew D and Small, Dylan S},
  journal={Journal of the Royal Statistical Society Series B: Statistical Methodology},
  volume={79},
  number={4},
  pages={1229--1245},
  year={2017},
  publisher={Oxford University Press}
}

@article{kennedy2023towards,
  title={Towards optimal doubly robust estimation of heterogeneous causal effects},
  author={Kennedy, Edward H},
  journal={Electronic Journal of Statistics},
  volume={17},
  number={2},
  pages={3008--3049},
  year={2023},
  publisher={The Institute of Mathematical Statistics and the Bernoulli Society}
}

@inproceedings{frauenestimating,
  title={Estimating individual treatment effects under unobserved confounding using binary instruments},
  author={Frauen, Dennis and Feuerriegel, Stefan},
  booktitle={The Eleventh International Conference on Learning Representations}
}

@article{zhu2015boosting,
  title={A boosting algorithm for estimating generalized propensity scores with continuous treatments},
  author={Zhu, Yeying and Coffman, Donna L and Ghosh, Debashis},
  journal={Journal of causal inference},
  volume={3},
  number={1},
  pages={25--40},
  year={2015},
  publisher={De Gruyter}
}


@article{chen2023semiparametric,
  title={Semiparametric estimation of long-term treatment effects},
  author={Chen, Jiafeng and Ritzwoller, David M},
  journal={Journal of Econometrics},
  volume={237},
  number={2},
  pages={105545},
  year={2023},
  publisher={Elsevier}
}

@inproceedings{shalit2017estimating,
  title={Estimating individual treatment effect: generalization bounds and algorithms},
  author={Shalit, Uri and Johansson, Fredrik D and Sontag, David},
  booktitle={International conference on machine learning},
  pages={3076--3085},
  year={2017},
  organization={PMLR}
}

@article{bellot2022generalization,
  title={Generalization bounds and algorithms for estimating conditional average treatment effect of dosage},
  author={Bellot, Alexis and Dhir, Anish and Prando, Giulia},
  journal={arXiv preprint arXiv:2205.14692},
  year={2022}
}

@article{chetty2011does,
  title={How does your kindergarten classroom affect your earnings? Evidence from Project STAR},
  author={Chetty, Raj and Friedman, John N and Hilger, Nathaniel and Saez, Emmanuel and Schanzenbach, Diane Whitmore and Yagan, Danny},
  journal={The Quarterly journal of economics},
  volume={126},
  number={4},
  pages={1593--1660},
  year={2011},
  publisher={MIT Press}
}

@inproceedings{van2023estimating,
  title={Estimating long-term causal effects from short-term experiments and long-term observational data with unobserved confounding},
  author={Van Goffrier, Graham and Maystre, Lucas and Gilligan-Lee, Ciar{\'a}n Mark},
  booktitle={Conference on Causal Learning and Reasoning},
  pages={791--813},
  year={2023},
  organization={PMLR}
}


@article{athey2020combining,
  title={Combining experimental and observational data to estimate treatment effects on long term outcomes},
  author={Athey, Susan and Chetty, Raj and Imbens, Guido},
  journal={arXiv preprint arXiv:2006.09676},
  year={2020}
}

@article{ghassami2022combining,
  title={Combining experimental and observational data for identification and estimation of long-term causal effects},
  author={Ghassami, AmirEmad and Yang, Alan and Richardson, David and Shpitser, Ilya and Tchetgen, Eric Tchetgen},
  journal={arXiv preprint arXiv:2201.10743},
  year={2022}
}

@inproceedings{curth2021nonparametric,
  title={Nonparametric estimation of heterogeneous treatment effects: From theory to learning algorithms},
  author={Curth, Alicia and Van der Schaar, Mihaela},
  booktitle={International Conference on Artificial Intelligence and Statistics},
  pages={1810--1818},
  year={2021},
  organization={PMLR}
}

@article{rubin1974estimating,
  title={Estimating causal effects of treatments in randomized and nonrandomized studies.},
  author={Rubin, Donald B},
  journal={Journal of educational Psychology},
  volume={66},
  number={5},
  pages={688},
  year={1974},
  publisher={American Psychological Association}
}


@ARTICLE{fleming1994surrogate,
  title={Surrogate and auxiliary endpoints in clinical trials, with potential applications in cancer and AIDS research},
  author={Fleming, Thomas R and Prentice, Ross L and Pepe, Margaret S and Glidden, David},
  journal={Statistics in medicine},
  volume={13},
  number={9},
  pages={955--968},
  year={1994},
  publisher={Wiley Online Library}
}

@inproceedings{hohnhold2015focusing,
  title={Focusing on the Long-term: It's Good for Users and Business},
  author={Hohnhold, Henning and O'Brien, Deirdre and Tang, Diane},
  booktitle={Proceedings of the 21th ACM SIGKDD International Conference on Knowledge Discovery and Data Mining},
  pages={1849--1858},
  year={2015}
}

@article{tchetgen2020introduction,
  title={An introduction to proximal causal learning},
  author={Tchetgen, Eric J Tchetgen and Ying, Andrew and Cui, Yifan and Shi, Xu and Miao, Wang},
  journal={arXiv preprint arXiv:2009.10982},
  year={2020}
}

@ARTICLE{hu2023identification,
  title={Identification and estimation of treatment effects on long-term
outcomes in clinical trials with external observational data},
  author={Wenjie Hu and Xiaohua Zhou and Peng Wu},
  journal={Statistica Sinica},
  doi={10.5705/ss.202023.0006}
}

@article{shi2023data,
  title={Data integration in causal inference},
  author={Shi, Xu and Pan, Ziyang and Miao, Wang},
  journal={Wiley Interdisciplinary Reviews: Computational Statistics},
  volume={15},
  number={1},
  pages={e1581},
  year={2023},
  publisher={Wiley Online Library}
}


@article{johansson2022generalization,
  title={Generalization bounds and representation learning for estimation of potential outcomes and causal effects},
  author={Johansson, Fredrik D and Shalit, Uri and Kallus, Nathan and Sontag, David},
  journal={Journal of Machine Learning Research},
  volume={23},
  number={166},
  pages={1--50},
  year={2022}
}

@article{louizos2017causal,
  title={Causal effect inference with deep latent-variable models},
  author={Louizos, Christos and Shalit, Uri and Mooij, Joris M and Sontag, David and Zemel, Richard and Welling, Max},
  journal={Advances in neural information processing systems},
  volume={30},
  year={2017}
}

@article{chen2024doubly,
  title={Doubly Robust Causal Effect Estimation under Networked Interference via Targeted Learning},
  author={Chen, Weilin and Cai, Ruichu and Yang, Zeqin and Qiao, Jie and Yan, Yuguang and Li, Zijian and Hao, Zhifeng},
  journal={arXiv preprint arXiv:2405.03342},
  year={2024}
}

@article{kunzel2019metalearners,
  title={Metalearners for estimating heterogeneous treatment effects using machine learning},
  author={K{\"u}nzel, S{\"o}ren R and Sekhon, Jasjeet S and Bickel, Peter J and Yu, Bin},
  journal={Proceedings of the national academy of sciences},
  volume={116},
  number={10},
  pages={4156--4165},
  year={2019},
  publisher={National Acad Sciences}
}


@article{hill2011bayesian,
  title={Bayesian nonparametric modeling for causal inference},
  author={Hill, Jennifer L},
  journal={Journal of Computational and Graphical Statistics},
  volume={20},
  number={1},
  pages={217--240},
  year={2011},
  publisher={Taylor \& Francis}
}

@article{newman2008bag,
  title={Bag of words data set},
  author={Newman, David},
  journal={UCI Machine Learning Respository},
  volume={289},
  year={2008}
}

@article{kallus2018removing,
  title={Removing hidden confounding by experimental grounding},
  author={Kallus, Nathan and Puli, Aahlad Manas and Shalit, Uri},
  journal={Advances in neural information processing systems},
  volume={31},
  year={2018}
}

@misc{shen2020pytorch,
        title={ PyTorch Distributed: Experiences on Accelerating Data Parallel Training. },
        author={ Shen Li and Yanli Zhao and Rohan Varma and Omkar Salpekar and Pieter Noordhuis and Teng Li and Adam Paszke and Jeffrey Matthew Smith and Brian Vaughan and Pritam Damania and Soumith Chintala },
        journal={ arXiv: Distributed, Parallel, and Cluster Computing },
        year={ 2020 },
}

@article{stone1980optimal,
  title={Optimal rates of convergence for nonparametric estimators},
  author={Stone, Charles J},
  journal={The annals of Statistics},
  pages={1348--1360},
  year={1980},
  publisher={JSTOR}
}

@book{Ras2005GPfML,
    author = {Rasmussen, Carl Edward and Williams, Christopher K. I.},
    title = "{Gaussian Processes for Machine Learning}",
    publisher = {The MIT Press},
    year = {2005},
    month = {11},
    abstract = "{A comprehensive and self-contained introduction to Gaussian processes, which provide a principled, practical, probabilistic approach to learning in kernel machines.Gaussian processes (GPs) provide a principled, practical, probabilistic approach to learning in kernel machines. GPs have received increased attention in the machine-learning community over the past decade, and this book provides a long-needed systematic and unified treatment of theoretical and practical aspects of GPs in machine learning. The treatment is comprehensive and self-contained, targeted at researchers and students in machine learning and applied statistics. The book deals with the supervised-learning problem for both regression and classification, and includes detailed algorithms. A wide variety of covariance (kernel) functions are presented and their properties discussed. Model selection is discussed both from a Bayesian and a classical perspective. Many connections to other well-known techniques from machine learning and statistics are discussed, including support-vector machines, neural networks, splines, regularization networks, relevance vector machines and others. Theoretical issues including learning curves and the PAC-Bayesian framework are treated, and several approximation methods for learning with large datasets are discussed. The book contains illustrative examples and exercises, and code and datasets are available on the Web. Appendixes provide mathematical background and a discussion of Gaussian Markov processes.}",
    isbn = {9780262256834},
    doi = {10.7551/mitpress/3206.001.0001},
    url = {https://doi.org/10.7551/mitpress/3206.001.0001},
}

@article{yang2015minimax,
  title={MINIMAX-OPTIMAL NONPARAMETRIC REGRESSION IN HIGH DIMENSIONS},
  author={Yang, Yun and Tokdar, Surya T},
  journal={The Annals of Statistics},
  pages={652--674},
  year={2015},
  publisher={JSTOR}
}

@article{raskutti2009lower,
  title={Lower bounds on minimax rates for nonparametric regression with additive sparsity and smoothness},
  author={Raskutti, Garvesh and Yu, Bin and Wainwright, Martin J},
  journal={Advances in Neural Information Processing Systems},
  volume={22},
  year={2009}
}
@article{bickel2009simultaneous,
  title={SIMULTANEOUS ANALYSIS OF LASSO AND DANTZIG SELECTOR},
  author={BICKEL, PETER J and RITOV, YA’ACOV and TSYBAKOV, ALEXANDRE B},
  journal={The Annals of Statistics},
  volume={37},
  number={4},
  pages={1705--1732},
  year={2009}
}

@article{imbens2022long,
    author = {Imbens, Guido and Kallus, Nathan and Mao, Xiaojie and Wang, Yuhao},
    title = {Long-term causal inference under persistent confounding via data combination},
    journal = {Journal of the Royal Statistical Society Series B: Statistical Methodology},
    pages = {qkae095},
    year = {2024},
    month = {10},
    abstract = {We study the identification and estimation of long-term treatment effects by combining short-term experimental data and long-term observational data subject to unobserved confounding. This problem arises often when concerned with long-term treatment effects since experiments are often short-term due to operational necessity while observational data can be more easily collected over longer time frames but may be subject to confounding. In this paper, we tackle the challenge of persistent confounding: unobserved confounders that can simultaneously affect the treatment, short-term outcomes, and long-term outcome. In particular, persistent confounding invalidates identification strategies in previous approaches to this problem. To address this challenge, we exploit the sequential structure of multiple short-term outcomes and develop several novel identification strategies for the average long-term treatment effect. Based on these, we develop estimation and inference methods with asymptotic guarantees. To demonstrate the importance of handling persistent confounders, we apply our methods to estimate the effect of a job training program on long-term employment using semi-synthetic data.},
    issn = {1369-7412},
    doi = {10.1093/jrsssb/qkae095},
    url = {https://doi.org/10.1093/jrsssb/qkae095},
    eprint = {https://academic.oup.com/jrsssb/advance-article-pdf/doi/10.1093/jrsssb/qkae095/59597694/qkae095.pdf},
}





IEEEabrv.bib
V1.14 (2015/08/26)
Copyright (c) 2002-2015 by Michael Shell
See: http://www.michaelshell.org/
for current contact information.

BibTeX bibliography string definitions of the ABBREVIATED titles of
IEEE journals and magazines and online publications.

This file is designed for bibliography styles that require 
abbreviated titles and is not for use in bibliographies that
require full-length titles.

Support sites:
http://www.michaelshell.org/tex/ieeetran/
http://www.ctan.org/pkg/ieeetran
and/or
http://www.ieee.org/

Special thanks to Laura Hyslop, Ken Rawson, Kevin Lisankie and
Mona Mittra of the IEEE for their help in obtaining the information needed
to compile this file. Also, Volker Kuhlmann, Moritz Borgmann,
Yannick Berker, Nicolás Barabino, Chuanren Wu and Santiago Cogollos Borras
kindly provided some corrections and additions.


*************************************************************************
Legal Notice:
This code is offered as-is without any warranty either expressed or
implied; without even the implied warranty of MERCHANTABILITY or
FITNESS FOR A PARTICULAR PURPOSE! 
User assumes all risk.
In no event shall the IEEE or any contributor to this code be liable for
any damages or losses, including, but not limited to, incidental,
consequential, or any other damages, resulting from the use or misuse
of any information contained here.

All comments are the opinions of their respective authors and are not
necessarily endorsed by the IEEE.

This work is distributed under the LaTeX Project Public License (LPPL)
( http://www.latex-project.org/ ) version 1.3, and may be freely used,
distributed and modified. A copy of the LPPL, version 1.3, is included
in the base LaTeX documentation of all distributions of LaTeX released
2003/12/01 or later.
Retain all contribution notices and credits.
** Modified files should be clearly indicated as such, including  **
** renaming them and changing author support contact information. **
*************************************************************************


USAGE:

\bibliographystyle{mybstfile}
\bibliography{IEEEabrv,mybibfile}

where the IEEE titles in the .bib database entries use the strings
defined here. e.g.,


   journal = IEEE_J_AC,


to yield "{IEEE} Trans. Automat. Contr."


The IEEE uses abbreviated journal titles in their bibliographies -
this file is suitable for work that is to be submitted to the IEEE.

For work that requires full-length titles, you should use the full
titles provided in the companion file, IEEEfull.bib.


** NOTES **

 1. Journals have been grouped according to subject in order to make it
    easier to locate and extract the definitions for related journals - 
    as most works use references that are confined to a single topic.
    Magazines are listed in straight alphabetical order.

 2. String names are closely based on IEEE's own internal acronyms.

 3. Older, out-of-print IEEE titles are included (but not including titles
    dating prior to the IEEE's formation from the IRE and AIEE in 1963).

 4. Abbreviations comply with the official specifications of the IEEE.






IEEE Journals


aerospace and military
@STRING{IEEE_J_ANNE       = "{IEEE} Trans. Aeronaut. Navig. Electron."}
@STRING{IEEE_J_AES        = "{IEEE} Trans. Aerosp. Electron. Syst."}
@STRING{IEEE_J_ANE        = "{IEEE} Trans. Aerosp. Navig. Electron."}
@STRING{IEEE_J_AS         = "{IEEE} Trans. Aerosp."}
@STRING{IEEE_J_AIRE       = "{IEEE} Trans. Airborne Electron."}
@STRING{IEEE_J_MIL        = "{IEEE} Trans. Mil. Electron."}



autos, transportation and vehicles (non-aerospace)
@STRING{IEEE_J_ITS        = "{IEEE} Trans. Intell. Transp. Syst."}
@STRING{IEEE_J_IV         = "{IEEE} Trans. Intell. Veh."}
@STRING{IEEE_J_TTE        = "{IEEE} Trans. Transport. Electrific."}
@STRING{IEEE_J_VC         = "{IEEE} Trans. Veh. Commun."}
@STRING{IEEE_J_VT         = "{IEEE} Trans. Veh. Technol."}



circuits, signals, systems, audio and controls
@STRING{IEEE_J_STSP       = "{IEEE} J. Sel. Topics Signal Process."}
@STRING{IEEE_J_SPL        = "{IEEE} Signal Process. Lett."}
@STRING{IEEE_J_SYST       = "{IEEE} Syst. J."}
@STRING{IEEE_J_ASSP       = "{IEEE} Trans. Acoust., Speech, Signal Process."}
@STRING{IEEE_J_AU         = "{IEEE} Trans. Audio"}
@STRING{IEEE_J_AUEA       = "{IEEE} Trans. Audio Electroacoust."}
in 2014 ASL became ASLP
@STRING{IEEE_J_ASLP       = "{IEEE/ACM} Trans. Audio, Speech, Language Process."}
@STRING{IEEE_J_ASL        = "{IEEE} Audio, Speech, Language Process."}
@STRING{IEEE_J_AC         = "{IEEE} Trans. Autom. Control"}
@STRING{IEEE_J_CAS        = "{IEEE} Trans. Circuits Syst."}
@STRING{IEEE_J_CASVT      = "{IEEE} Trans. Circuits Syst. Video Technol."}
@STRING{IEEE_J_CASI       = "{IEEE} Trans. Circuits Syst. {I}"}
@STRING{IEEE_J_CASII      = "{IEEE} Trans. Circuits Syst. {II}"}
in 2004 CASI and CASII renamed part title to CASI_RP and CASII_EB, respectively
@STRING{IEEE_J_CASI_RP    = "{IEEE} Trans. Circuits Syst. {I}"}
@STRING{IEEE_J_CASII_EB   = "{IEEE} Trans. Circuits Syst. {II}"}
@STRING{IEEE_J_CT         = "{IEEE} Trans. Circuit Theory"}
@STRING{IEEE_J_CST        = "{IEEE} Trans. Control Syst. Technol."}
@STRING{IEEE_J_ETCAS      = "{IEEE} Trans. Emerg. Sel. Topics Circuits Syst."}
@STRING{IEEE_J_SP         = "{IEEE} Trans. Signal Process."}
@STRING{IEEE_J_SU         = "{IEEE} Trans. Sonics Ultrason."}
@STRING{IEEE_J_SAP        = "{IEEE} Trans. Speech Audio Process."}
@STRING{IEEE_J_UE         = "{IEEE} Trans. Ultrason. Eng."}
@STRING{IEEE_J_UFFC       = "{IEEE} Trans. Ultrason., Ferroelectr., Freq. Control"}



communications
@STRING{IEEE_J_COML       = "{IEEE} Commun. Lett."}
@STRING{IEEE_J_JSAC       = "{IEEE} J. Sel. Areas Commun."}
@STRING{IEEE_J_COM        = "{IEEE} Trans. Commun."}
@STRING{IEEE_J_COMT       = "{IEEE} Trans. Commun. Technol."}
@STRING{IEEE_J_WCOM       = "{IEEE} Trans. Wireless Commun."}
@STRING{IEEE_J_WCOML      = "{IEEE} Wireless Commun. Lett."}



components, packaging and manufacturing
@STRING{IEEE_J_ADVP       = "{IEEE} Trans. Adv. Packag."}
@STRING{IEEE_J_CHMT       = "{IEEE} Trans. Compon., Hybrids, Manuf. Technol."}
in 2011 CAPT became CPMT
@STRING{IEEE_J_CPMT       = "{IEEE} Trans. Compon. Packag. Manuf. Technol."}
@STRING{IEEE_J_CPMTA      = "{IEEE} Trans. Compon., Packag., Manuf. Technol. {A}"}
@STRING{IEEE_J_CPMTB      = "{IEEE} Trans. Compon., Packag., Manuf. Technol. {B}"}
@STRING{IEEE_J_CPMTC      = "{IEEE} Trans. Compon., Packag., Manuf. Technol. {C}"}
@STRING{IEEE_J_CAPTS      = "{IEEE} Trans. Compon. Packag. Technol."}
@STRING{IEEE_J_CAPT       = "{IEEE} Trans. Compon. Packag. Technol."}
@STRING{IEEE_J_CPART      = "{IEEE} Trans. Compon. Parts"}
@STRING{IEEE_J_EPM        = "{IEEE} Trans. Electron. Packag. Manuf."}
@STRING{IEEE_J_MFT        = "{IEEE} Trans. Manuf. Technol."}
@STRING{IEEE_J_PHP        = "{IEEE} Trans. Parts, Hybrids, Packag."}
@STRING{IEEE_J_PMP        = "{IEEE} Trans. Parts, Mater., Packag."}



CAD
@STRING{IEEE_J_TCAD       = "{IEEE} J. Technol. Comput. Aided Design"}
@STRING{IEEE_J_CAD        = "{IEEE} Trans. Comput.-Aided Design Integr. Circuits Syst."}



coding, data, information, knowledge
@STRING{IEEE_J_BD         = "{IEEE} Trans. Big Data"}
@STRING{IEEE_J_IFS        = "{IEEE} Trans. Inf. Forensics Security"}
@STRING{IEEE_J_IT         = "{IEEE} Trans. Inf. Theory"}
@STRING{IEEE_J_KDE        = "{IEEE} Trans. Knowl. Data Eng."}



computers, computation, networking and software
@STRING{IEEE_J_CAL        = "{IEEE} Comput. Archit. Lett."}
@STRING{IEEE_J_ES         = "{IEEE} Embedded Syst. Lett."}
@STRING{IEEE_J_IOT        = "{IEEE} Internet Things J."}
@STRING{IEEE_J_XCDC       = "{IEEE} J. Explor. Solid-State Computat. Devices Circuits"}
@STRING{IEEE_J_MMCT       = "{IEEE} J. Multiscale and Multiphys. Comput. Techn."}
@STRING{IEEE_J_SUSC       = "{IEEE} Sustain. Comput."}
@STRING{IEEE_J_CC         = "{IEEE} Trans. on Cloud Comput."}
@STRING{IEEE_J_CSS        = "{IEEE} Trans. Comput. Social Syst."}
@STRING{IEEE_J_C          = "{IEEE} Trans. Comput."}
@STRING{IEEE_J_CNS        = "{IEEE} Trans. Control Netw. Syst."}
@STRING{IEEE_J_DSC        = "{IEEE} Trans. Depend. Sec. Comput."}
@STRING{IEEE_J_ECOMP      = "{IEEE} Trans. Electron. Comput."}
@STRING{IEEE_J_ETC        = "{IEEE} Trans. Emerg. Topics Comput."}
@STRING{IEEE_J_EVC        = "{IEEE} Trans. Evol. Comput."}
@STRING{IEEE_J_FUZZ       = "{IEEE} Trans. Fuzzy Syst."}
@STRING{IEEE_J_MC         = "{IEEE} Trans. Mobile Comput."}
@STRING{IEEE_J_MSCS       = "{IEEE} Trans. Multi-Scale Comput. Syst."}
@STRING{IEEE_J_NET        = "{IEEE/ACM} Trans. Netw."}
@STRING{IEEE_J_NSE        = "{IEEE} Trans. Netw. Sci. Eng."}
@STRING{IEEE_J_NSM        = "{IEEE} Trans. Netw. Service Manag."}
@STRING{IEEE_J_NN         = "{IEEE} Trans. Neural Netw."}
in 2012 NN became NNLS
@STRING{IEEE_J_NNLS       = "{IEEE} Trans. Neural Netw. Learn. Syst."}
@STRING{IEEE_J_PDS        = "{IEEE} Trans. Parallel Distrib. Syst."}
@STRING{IEEE_J_SC         = "{IEEE} Trans. Serv. Comput."}
@STRING{IEEE_J_SIPN       = "{IEEE} Trans. Signal Inf. Process. Netw."}
@STRING{IEEE_J_SE         = "{IEEE} Trans. Softw. Eng."}



computer graphics, imaging, and multimedia
@STRING{IEEE_J_JDT        = "{IEEE/OSA} J. Display Technol."}
@STRING{IEEE_J_IP         = "{IEEE} Trans. Image Process."}
@STRING{IEEE_J_MM         = "{IEEE} Trans. Multimedia"}
@STRING{IEEE_J_VCG        = "{IEEE} Trans. Vis. Comput. Graphics"}



cybernetics, ergonomics, robots, man-machine, artificial intelligence and automation
@STRING{IEEE_J_JAS        = "{IEEE/CAA} J. Autom. Sinica"}
@STRING{IEEE_J_JRA        = "{IEEE} J. Robot. Autom."}
@STRING{IEEE_J_AFFC       = "{IEEE} Trans. Affect. Comput."}
@STRING{IEEE_J_ASE        = "{IEEE} Trans. Autom. Sci. Eng."}
@STRING{IEEE_J_AMD        = "{IEEE} Trans. Auton. Mental Develop."}
@STRING{IEEE_J_CCN        = "{IEEE} Trans. on Cogn. Commun. Netw."}
in 2015 AMD became CDS
@STRING{IEEE_J_CDS        = "{IEEE} Trans. Cogn. Develop. Syst."}
@STRING{IEEE_J_CIAIG      = "{IEEE} Trans. Comput. Intell. {AI} in Games"}
in 2013 SMCB became CYB
@STRING{IEEE_J_CYB        = "{IEEE} Trans. Cybern."}
@STRING{IEEE_J_H          = "{IEEE} Trans. Haptics"}
@STRING{IEEE_J_HFE        = "{IEEE} Trans. Hum. Factors Electron."}
in 2013 SMCC became HMS
@STRING{IEEE_J_HMS        = "{IEEE} Trans. Human-Mach. Syst."}
@STRING{IEEE_J_MMS        = "{IEEE} Trans. Man-Mach. Syst."}
@STRING{IEEE_J_PAMI       = "{IEEE} Trans. Pattern Anal. Mach. Intell."}
in 1989 JRA became RA
in August 2004, RA split into ASE and RO
@STRING{IEEE_J_RA         = "{IEEE} Trans. Robot. Autom."}
@STRING{IEEE_J_RAL        = "{IEEE} Robot. Autom. Lett."}
@STRING{IEEE_J_RO         = "{IEEE} Trans. Robot."}
@STRING{IEEE_J_SMC        = "{IEEE} Trans. Syst., Man, Cybern."}
@STRING{IEEE_J_SMCA       = "{IEEE} Trans. Syst., Man, Cybern. {A}"}
@STRING{IEEE_J_SMCB       = "{IEEE} Trans. Syst., Man, Cybern. {B}"}
@STRING{IEEE_J_SMCC       = "{IEEE} Trans. Syst., Man, Cybern. {C}"}
in 2012 SMCA became SMCS
@STRING{IEEE_J_SMCS       = "{IEEE} Trans. Syst., Man, Cybern., Syst."}
@STRING{IEEE_J_SSC        = "{IEEE} Trans. Syst. Sci. Cybern."}



earth, wind, fire and water
@STRING{IEEE_J_GRSL       = "{IEEE} Geosci. Remote Sens. Lett."}
@STRING{IEEE_J_GE         = "{IEEE} Trans. Geosci. Electron."}
@STRING{IEEE_J_GRS        = "{IEEE} Trans. Geosci. Remote Sens."}
@STRING{IEEE_J_OE         = "{IEEE} J. Ocean. Eng."}
@STRING{IEEE_J_STARS      = "{IEEE} J. Sel. Topics Appl. Earth Observ. Remote Sens."}



education, engineering, history, IEEE, professional
@STRING{IEEE_J_CJECE      = "Canadian J. Elect. Comput. Eng."}
@STRING{IEEE_J_PROC       = "Proc. {IEEE}"}
@STRING{IEEE_J_RITA       = "{IEEE} Revista Iberoamericana de Technolog{\'{i}}as del Aprendizaje"}
@STRING{IEEE_J_EDU        = "{IEEE} Trans. Educ."}
@STRING{IEEE_J_EM         = "{IEEE} Trans. Eng. Manag."}
@STRING{IEEE_J_EWS        = "{IEEE} Trans. Eng. Writing Speech"}
@STRING{IEEE_J_LT         = "{IEEE} Trans. Learn. Technol."}
@STRING{IEEE_J_PC         = "{IEEE} Trans. Prof. Commun."}



electromagnetics, antennas, EMI, magnetics and microwave
@STRING{IEEE_J_AWPL       = "{IEEE} Antennas Wireless Propag. Lett."}
@STRING{IEEE_J_MAGL       = "{IEEE} Magn. Lett."}
@STRING{IEEE_J_MGWL       = "{IEEE} Microw. Guided Wave Lett."}
@STRING{IEEE_J_MWCL       = "{IEEE} Microw. Wireless Compon. Lett."}
@STRING{IEEE_J_RFIC       = "{IEEE} {RFIC} J."}
@STRING{IEEE_J_RFID       = "{IEEE} {RFID} J."}
@STRING{IEEE_J_AP         = "{IEEE} Trans. Antennas Propag."}
@STRING{IEEE_J_EMC        = "{IEEE} Trans. Electromagn. Compat."}
@STRING{IEEE_J_MAG        = "{IEEE} Trans. Magn."}
@STRING{IEEE_J_MTT        = "{IEEE} Trans. Microw. Theory Techn."}
@STRING{IEEE_J_RFI        = "{IEEE} Trans. Radio Freq. Interference"}
@STRING{IEEE_J_TTHZ       = "{IEEE} Trans. {THz} Sci. Technol."}
@STRING{IEEE_J_TJMJ       = "{IEEE} Transl. J. Magn. Jpn."}



energy, power and conversion
@STRING{IEEE_J_PHOT       = "{IEEE} J. Photovolt."}
@STRING{IEEE_J_PEL        = "{IEEE} Power Electron. Lett."}
@STRING{IEEE_J_PETS       = "{IEEE} Power Energy Technol. Syst. J."}
@STRING{IEEE_J_ESTPE      = "{IEEE} Trans. Emerg. Sel. Topics Power Electron."}
@STRING{IEEE_J_EC         = "{IEEE} Trans. Energy Convers."}
@STRING{IEEE_J_PWRAS      = "{IEEE} Trans. Power App. Syst."}
@STRING{IEEE_J_PWRD       = "{IEEE} Trans. Power Del."}
@STRING{IEEE_J_PWRE       = "{IEEE} Trans. Power Electron."}
@STRING{IEEE_J_PWRS       = "{IEEE} Trans. Power Syst."}
@STRING{IEEE_J_SG         = "{IEEE} Trans. Smart Grid"}
@STRING{IEEE_J_STE        = "{IEEE} Trans. Sustain. Energy"}



industrial, commercial and consumer
@STRING{IEEE_J_PSE        = "{IEEE} J. Product Safety Eng."}
@STRING{IEEE_J_APPIND     = "{IEEE} Trans. Appl. Ind."}
@STRING{IEEE_J_BC         = "{IEEE} Trans. Broadcast."}
@STRING{IEEE_J_BCTV       = "{IEEE} Trans. Broadcast Television Receivers"}
@STRING{IEEE_J_CE         = "{IEEE} Trans. Consum. Electron."}
@STRING{IEEE_J_IE         = "{IEEE} Trans. Ind. Electron."}
@STRING{IEEE_J_IECI       = "{IEEE} Trans. Ind. Electron. Contr. Instrum."}
@STRING{IEEE_J_IA         = "{IEEE} Trans. Ind. Appl."}
@STRING{IEEE_J_IGA        = "{IEEE} Trans. Ind. Gen. Appl."}
@STRING{IEEE_J_IINF       = "{IEEE} Trans. Ind. Informat."}



instrumentation and measurement
@STRING{IEEE_J_IM         = "{IEEE} Trans. Instrum. Meas."}



insulation and materials
@STRING{IEEE_J_JEM        = "{IEEE/TMS} J. Electron. Mater."}
@STRING{IEEE_J_DEI        = "{IEEE} Trans. Dielectr. Electr. Insul."}
@STRING{IEEE_J_EI         = "{IEEE} Trans. Electr. Insul."}



mechanical
@STRING{IEEE_J_MEMS       = "J. Microelectromech. Syst."}
in 2014 MEMS became MEMSI
@STRING{IEEE_J_MEMSI      = "J. Microelectromech. Syst."}
@STRING{IEEE_J_MECH       = "{IEEE/ASME} Trans. Mechatronics"}



medical and biological
@STRING{IEEE_J_BHI        = "{IEEE} J. Biomed. Health Inform."}
@STRING{IEEE_J_TEHM       = "{IEEE} J. Transl. Eng. Health Med."}
@STRING{IEEE_J_LS         = "{IEEE} Life Sci. Lett."}
@STRING{IEEE_J_RBME       = "{IEEE} Rev. Biomed. Eng."}
@STRING{IEEE_J_BCAS       = "{IEEE} Trans. Biomed. Circuits Syst."}
@STRING{IEEE_J_BMELC      = "{IEEE} Trans. Bio-Med. Electron."}
B-ME later dropped the hyphen and became the BME
@STRING{IEEE_J_BME        = "{IEEE} Trans. Biomed. Eng."}
@STRING{IEEE_J_B-ME       = "{IEEE} Trans. Bio-Med. Eng."}
@STRING{IEEE_J_CBB        = "{IEEE/ACM} Trans. Comput. Biol. Bioinformatics"}
@STRING{IEEE_J_ITBM       = "{IEEE} Trans. Inf. Technol. Biomed."}
@STRING{IEEE_J_ME         = "{IEEE} Trans. Med. Electron."}
@STRING{IEEE_J_MI         = "{IEEE} Trans. Med. Imag."}
@STRING{IEEE_J_MBSC       = "{IEEE} Trans. Mol. Biol. Multi-Scale Commun."}
@STRING{IEEE_J_NB         = "{IEEE} Trans. Nanobiosci."}
@STRING{IEEE_J_NSRE       = "{IEEE} Trans. Neural Syst. Rehabil. Eng."}
@STRING{IEEE_J_RE         = "{IEEE} Trans. Rehabil. Eng."}



optics, lightwave and photonics
@STRING{IEEE_J_JLT        = "J. Lightw. Technol."}
@STRING{IEEE_J_OCN        = "{IEEE} J. Opt. Commun. Netw."}
@STRING{IEEE_J_PJ         = "{IEEE} Photon. J."}
@STRING{IEEE_J_PTL        = "{IEEE} Photon. Technol. Lett."}



physics, electrons, nanotechnology, nuclear and quantum electronics
@STRING{IEEE_J_EDL        = "{IEEE} Electron Device Lett."}
@STRING{IEEE_J_EDS        = "{IEEE} J. Electron Devices Soc."}
@STRING{IEEE_J_JQE        = "{IEEE} J. Quantum Electron."}
@STRING{IEEE_J_JSTQE      = "{IEEE} J. Sel. Topics Quantum Electron."}
@STRING{IEEE_J_ENANO      = "{IEEE} Nanotechnol. Express"}
@STRING{IEEE_J_ED         = "{IEEE} Trans. Electron Devices"}
@STRING{IEEE_J_NANO       = "{IEEE} Trans. Nanotechnol."}
@STRING{IEEE_J_NS         = "{IEEE} Trans. Nucl. Sci."}
@STRING{IEEE_J_PS         = "{IEEE} Trans. Plasma Sci."}



reliability
@STRING{IEEE_J_DMR        = "{IEEE} Trans. Device Mater. Rel."}
@STRING{IEEE_J_R          = "{IEEE} Trans. Rel."}



semiconductors, superconductors, electrochemical and solid state
@STRING{IEEE_J_ESSL       = "{IEEE/ECS} Electrochem. Solid-State Lett."}
@STRING{IEEE_J_JSSC       = "{IEEE} J. Solid-State Circuits"}
@STRING{IEEE_J_ASC        = "{IEEE} Trans. Appl. Supercond."}
@STRING{IEEE_J_SM         = "{IEEE} Trans. Semicond. Manuf."}



sensors
@STRING{IEEE_J_SENSOR     = "{IEEE} Sensors J."}



VLSI
@STRING{IEEE_J_VLSI       = "{IEEE} Trans. {VLSI} Syst."}






IEEE Magazines and Online Publications


@STRING{IEEE_O_ACC        = "{IEEE} Access"}
@STRING{IEEE_M_AES        = "{IEEE} Aerosp. Electron. Syst. Mag."}
@STRING{IEEE_M_HIST       = "{IEEE} Ann. Hist. Comput."}
@STRING{IEEE_M_AP         = "{IEEE} Antennas Propag. Mag."}
@STRING{IEEE_M_ASSP       = "{IEEE} {ASSP} Mag."}
@STRING{IEEE_M_CHINAC     = "China Commun."}
@STRING{IEEE_M_CD         = "{IEEE} Circuits Devices Mag."}
@STRING{IEEE_M_CAS        = "{IEEE} Circuits Syst. Mag."}
@STRING{IEEE_M_COM        = "{IEEE} Commun. Mag."}
@STRING{IEEE_M_COMSOC     = "{IEEE} Commun. Soc. Mag."}
@STRING{IEEE_O_CSTO       = "{IEEE} Commun. Surveys Tuts."}
@STRING{IEEE_M_CIM        = "{IEEE} Comput. Intell. Mag."}
CSEM changed to CSE in 1999
@STRING{IEEE_M_CSE        = "{IEEE} Comput. Sci. Eng."}
@STRING{IEEE_M_CSEM       = "{IEEE} Comput. Sci. Eng. Mag."}
@STRING{IEEE_M_C          = "Computer"}
@STRING{IEEE_M_CAP        = "{IEEE} Comput. Appl. Power"}
@STRING{IEEE_M_CGA        = "{IEEE} Comput. Graph. Appl."}
@STRING{IEEE_M_CONC       = "{IEEE} Concurrency"}
@STRING{IEEE_M_CS         = "{IEEE} Control Syst. Mag."}
in 2012 DTC became DT
@STRING{IEEE_M_DT         = "{IEEE} Des. Test"}
@STRING{IEEE_M_DTC        = "{IEEE} Des. Test. Comput."}
@STRING{IEEE_O_DSO        = "{IEEE} Distrib. Syst. Online"}
@STRING{IEEE_M_EI         = "{IEEE} Electr. Insul. Mag."}
@STRING{IEEE_M_ETF        = "{IEEE} Electrific. Mag."}
@STRING{IEEE_M_EMC        = "{IEEE} Electromagn. Compat."}
@STRING{IEEE_M_ETR        = "{IEEE} ElectroTechnol. Rev."}
@STRING{IEEE_M_EMR        = "{IEEE} Eng. Manag. Rev."}
@STRING{IEEE_M_EMB        = "{IEEE} Eng. Med. Biol. Mag."}
@STRING{IEEE_M_EXP        = "{IEEE} Expert"}
@STRING{IEEE_M_GRS        = "{IEEE} Geosci. Remote Sens. Mag."}
@STRING{IEEE_M_IA         = "{IEEE} Ind. Appl. Mag."}
@STRING{IEEE_M_IE         = "{IEEE} Ind. Electron. Mag."}
@STRING{IEEE_M_IM         = "{IEEE} Instrum. Meas. Mag."}
@STRING{IEEE_M_IS         = "{IEEE} Intell. Syst."}
@STRING{IEEE_M_ITS        = "{IEEE} Intell. Transp. Syst. Mag."}
@STRING{IEEE_M_IC         = "{IEEE} Internet Comput."}
@STRING{IEEE_M_ITP        = "{IEEE} {IT} Prof."}
@STRING{IEEE_M_MICRO      = "{IEEE} Micro"}
@STRING{IEEE_M_MW         = "{IEEE} Microw. Mag."}
@STRING{IEEE_M_MM         = "{IEEE} Multimedia"}
@STRING{IEEE_M_NANO       = "{IEEE} Nanotechnol. Mag."}
@STRING{IEEE_M_NET        = "{IEEE} Netw."}
IEEE's editorial manual lists "Pers. Commun.", 
but "Personal Commun. Mag." seems to be what is used in the journals
@STRING{IEEE_M_PCOM       = "{IEEE} Personal Commun. Mag."}
@STRING{IEEE_M_PVC        = "{IEEE} Pervasive Comput."}
@STRING{IEEE_M_POT        = "{IEEE} Potentials"}
@STRING{IEEE_M_PEL        = "{IEEE} Power Electron. Mag."}
CAP and PER merged to form PE in 2003
@STRING{IEEE_M_PE         = "{IEEE} Power Energy Mag."}
@STRING{IEEE_M_PER        = "{IEEE} Power Eng. Rev."}
@STRING{IEEE_M_PULSE      = "{IEEE} Pulse"}
@STRING{IEEE_M_RA         = "{IEEE} Robot. Autom. Mag."}
@STRING{IEEE_M_SAP        = "{IEEE} Security Privacy"}
@STRING{IEEE_M_SP         = "{IEEE} Signal Process. Mag."}
@STRING{IEEE_M_S          = "{IEEE} Softw."}
@STRING{IEEE_M_SSC        = "{IEEE} Solid-State Circuits Mag."}
@STRING{IEEE_M_SPECT      = "{IEEE} Spectr."}
@STRING{IEEE_M_SMC        = "{IEEE} Syst., Man, Cybern. Mag."}
@STRING{IEEE_M_TS         = "{IEEE} Technol. Soc. Mag."}
@STRING{IEEE_M_VT         = "{IEEE} Veh. Technol. Mag."}
@STRING{IEEE_M_WC         = "{IEEE} Wireless Commun."}
@STRING{IEEE_M_TODAY      = "Today's Engineer"}





--
EOF
