@article{achiam2023gpt,
  title={Gpt-4 technical report},
  author={Achiam, Josh and Adler, Steven and Agarwal, Sandhini and Ahmad, Lama and Akkaya, Ilge and Aleman, Florencia Leoni and Almeida, Diogo and Altenschmidt, Janko and Altman, Sam and Anadkat, Shyamal and others},
  journal={arXiv preprint arXiv:2303.08774},
  year={2023}
}

@article{adler2024nemotron,
  title={Nemotron-4 340B Technical Report},
  author={Adler, Bo and Agarwal, Niket and Aithal, Ashwath and Anh, Dong H and Bhattacharya, Pallab and Brundyn, Annika and Casper, Jared and Catanzaro, Bryan and Clay, Sharon and Cohen, Jonathan and others},
  journal={arXiv preprint arXiv:2406.11704},
  year={2024}
}

@inproceedings{anderson-etal-2022-lingua,
    title = "Lingua: Addressing Scenarios for Live Interpretation and Automatic Dubbing",
    author = "Anderson, Nathan  and
      Wilson, Caleb  and
      Richardson, Stephen D.",
    editor = "Campbell, Janice  and
      Larocca, Stephen  and
      Marciano, Jay  and
      Savenkov, Konstantin  and
      Yanishevsky, Alex",
    booktitle = "Proceedings of the 15th Biennial Conference of the Association for Machine Translation in the Americas (Volume 2: Users and Providers Track and Government Track)",
    month = sep,
    year = "2022",
    address = "Orlando, USA",
    publisher = "Association for Machine Translation in the Americas",
    url = "https://aclanthology.org/2022.amta-upg.14",
    pages = "202--209"}

@inproceedings{asai-etal-2022-evidentiality,
    title = "Evidentiality-guided Generation for Knowledge-Intensive {NLP} Tasks",
    author = "Asai, Akari  and
      Gardner, Matt  and
      Hajishirzi, Hannaneh",
    booktitle = "Proceedings of the 2022 Conference of the North American Chapter of the Association for Computational Linguistics: Human Language Technologies",
    month = jul,
    year = "2022",
    address = "Seattle, United States",
    publisher = "Association for Computational Linguistics",
    url = "https://aclanthology.org/2022.naacl-main.162",
    doi = "10.18653/v1/2022.naacl-main.162",
    pages = "2226--2243",
}

@article{asai2023self,
  title={Self-rag: Learning to retrieve, generate, and critique through self-reflection},
  author={Asai, Akari and Wu, Zeqiu and Wang, Yizhong and Sil, Avirup and Hajishirzi, Hannaneh},
  journal={arXiv preprint arXiv:2310.11511},
  year={2023}
}

@article{bacciu2023rraml,
  title={RRAML: reinforced retrieval augmented machine learning},
  author={Bacciu, Andrea and Cuconasu, Florin and Siciliano, Federico and Silvestri, Fabrizio and Tonellotto, Nicola and Trappolini, Giovanni},
  journal={arXiv preprint arXiv:2307.12798},
  year={2023}
}

@article{bai2022constitutional,
  title={Constitutional ai: Harmlessness from ai feedback},
  author={Bai, Yuntao and Kadavath, Saurav and Kundu, Sandipan and Askell, Amanda and Kernion, Jackson and Jones, Andy and Chen, Anna and Goldie, Anna and Mirhoseini, Azalia and McKinnon, Cameron and others},
  journal={arXiv preprint arXiv:2212.08073},
  year={2022}
}

@article{bai2022training,
  title={Training a helpful and harmless assistant with reinforcement learning from human feedback},
  author={Bai, Yuntao and Jones, Andy and Ndousse, Kamal and Askell, Amanda and Chen, Anna and DasSarma, Nova and Drain, Dawn and Fort, Stanislav and Ganguli, Deep and Henighan, Tom and others},
  journal={arXiv preprint arXiv:2204.05862},
  year={2022}
}

@misc{bgeembedding,
      title={C-Pack: Packaged Resources To Advance General Chinese Embedding}, 
      author={Shitao Xiao and Zheng Liu and Peitian Zhang and Niklas Muennighoff},
      year={2023},
      eprint={2309.07597},
      archivePrefix={arXiv},
      primaryClass={cs.CL}
}

@article{cao2024survey,
  title={Survey on large language model-enhanced reinforcement learning: Concept, taxonomy, and methods},
  author={Cao, Yuji and Zhao, Huan and Cheng, Yuheng and Shu, Ting and Chen, Yue and Liu, Guolong and Liang, Gaoqi and Zhao, Junhua and Yan, Jinyue and Li, Yun},
  journal={IEEE Transactions on Neural Networks and Learning Systems},
  year={2024},
  publisher={IEEE}
}

@article{chu2024qwen2,
  title={Qwen2-audio technical report},
  author={Chu, Yunfei and Xu, Jin and Yang, Qian and Wei, Haojie and Wei, Xipin and Guo, Zhifang and Leng, Yichong and Lv, Yuanjun and He, Jinzheng and Lin, Junyang and others},
  journal={arXiv preprint arXiv:2407.10759},
  year={2024}
}

@article{cui2023ultrafeedback,
  title={Ultrafeedback: Boosting language models with high-quality feedback},
  author={Cui, Ganqu and Yuan, Lifan and Ding, Ning and Yao, Guanming and Zhu, Wei and Ni, Yuan and Xie, Guotong and Liu, Zhiyuan and Sun, Maosong},
  year={2023}
}

@inproceedings{deng-etal-2022-rlprompt,
    title = "{RLP}rompt: Optimizing Discrete Text Prompts with Reinforcement Learning",
    author = "Deng, Mingkai  and
      Wang, Jianyu  and
      Hsieh, Cheng-Ping  and
      Wang, Yihan  and
      Guo, Han  and
      Shu, Tianmin  and
      Song, Meng  and
      Xing, Eric  and
      Hu, Zhiting",
    editor = "Goldberg, Yoav  and
      Kozareva, Zornitsa  and
      Zhang, Yue",
    booktitle = "Proceedings of the 2022 Conference on Empirical Methods in Natural Language Processing",
    month = dec,
    year = "2022",
    address = "Abu Dhabi, United Arab Emirates",
    publisher = "Association for Computational Linguistics",
    url = "https://aclanthology.org/2022.emnlp-main.222",
    doi = "10.18653/v1/2022.emnlp-main.222",
    pages = "3369--3391"}

@article{dong2024don,
  title={Don't Forget to Connect! Improving RAG with Graph-based Reranking},
  author={Dong, Jialin and Fatemi, Bahare and Perozzi, Bryan and Yang, Lin F and Tsitsulin, Anton},
  journal={arXiv preprint arXiv:2405.18414},
  year={2024}
}

@inproceedings{gao-etal-2023-rarr,
    title = "{RARR}: Researching and Revising What Language Models Say, Using Language Models",
    author = "Gao, Luyu  and
      Dai, Zhuyun  and
      Pasupat, Panupong  and
      Chen, Anthony  and
      Chaganty, Arun Tejasvi  and
      Fan, Yicheng  and
      Zhao, Vincent  and
      Lao, Ni  and
      Lee, Hongrae  and
      Juan, Da-Cheng  and
      Guu, Kelvin",
    editor = "Rogers, Anna  and
      Boyd-Graber, Jordan  and
      Okazaki, Naoaki",
    booktitle = "Proceedings of the 61st Annual Meeting of the Association for Computational Linguistics (Volume 1: Long Papers)",
    month = jul,
    year = "2023",
    address = "Toronto, Canada",
    publisher = "Association for Computational Linguistics",
    url = "https://aclanthology.org/2023.acl-long.910/",
    doi = "10.18653/v1/2023.acl-long.910",
    pages = "16477--16508"}

@inproceedings{ghalandari-etal-2022-efficient,
    title = "Efficient Unsupervised Sentence Compression by Fine-tuning Transformers with Reinforcement Learning",
    author = "Ghalandari, Demian  and
      Hokamp, Chris  and
      Ifrim, Georgiana",
    editor = "Muresan, Smaranda  and
      Nakov, Preslav  and
      Villavicencio, Aline",
    booktitle = "Proceedings of the 60th Annual Meeting of the Association for Computational Linguistics (Volume 1: Long Papers)",
    month = may,
    year = "2022",
    address = "Dublin, Ireland",
    publisher = "Association for Computational Linguistics",
    url = "https://aclanthology.org/2022.acl-long.90",
    doi = "10.18653/v1/2022.acl-long.90",
    pages = "1267--1280"}

@inproceedings{glass-etal-2022-re2g,
    title = "{R}e2{G}: Retrieve, Rerank, Generate",
    author = "Glass, Michael  and
      Rossiello, Gaetano  and
      Chowdhury, Md Faisal Mahbub  and
      Naik, Ankita  and
      Cai, Pengshan  and
      Gliozzo, Alfio",
    editor = "Carpuat, Marine  and
      de Marneffe, Marie-Catherine  and
      Meza Ruiz, Ivan Vladimir",
    booktitle = "Proceedings of the 2022 Conference of the North American Chapter of the Association for Computational Linguistics: Human Language Technologies",
    month = jul,
    year = "2022",
    address = "Seattle, United States",
    publisher = "Association for Computational Linguistics",
    url = "https://aclanthology.org/2022.naacl-main.194",
    doi = "10.18653/v1/2022.naacl-main.194",
    pages = "2701--2715"}

@inproceedings{hofstatter2023fid,
  title={Fid-light: Efficient and effective retrieval-augmented text generation},
  author={Hofst{\"a}tter, Sebastian and Chen, Jiecao and Raman, Karthik and Zamani, Hamed},
  booktitle={Proceedings of the 46th International ACM SIGIR Conference on Research and Development in Information Retrieval},
  pages={1437--1447},
  year={2023}
}

@article{hu2023aligning,
  title={Aligning language models with offline reinforcement learning from human feedback},
  author={Hu, Jian and Tao, Li and Yang, June and Zhou, Chandler},
  journal={arXiv preprint arXiv:2308.12050},
  year={2023}
}

@inproceedings{hwang-etal-2024-dslr,
    title = "{DSLR}: Document Refinement with Sentence-Level Re-ranking and Reconstruction to Enhance Retrieval-Augmented Generation",
    author = "Hwang, Taeho  and
      Jeong, Soyeong  and
      Cho, Sukmin  and
      Han, SeungYoon  and
      Park, Jong",
    editor = "Yu, Wenhao  and
      Shi, Weijia  and
      Yasunaga, Michihiro  and
      Jiang, Meng  and
      Zhu, Chenguang  and
      Hajishirzi, Hannaneh  and
      Zettlemoyer, Luke  and
      Zhang, Zhihan",
    booktitle = "Proceedings of the 3rd Workshop on Knowledge Augmented Methods for NLP",
    month = aug,
    year = "2024",
    address = "Bangkok, Thailand",
    publisher = "Association for Computational Linguistics",
    url = "https://aclanthology.org/2024.knowledgenlp-1.6/",
    doi = "10.18653/v1/2024.knowledgenlp-1.6",
    pages = "73--92"}

@inproceedings{jiang-etal-2024-longllmlingua,
    title = "{L}ong{LLML}ingua: Accelerating and Enhancing {LLM}s in Long Context Scenarios via Prompt Compression",
    author = "Jiang, Huiqiang  and
      Wu, Qianhui  and
      Luo, Xufang  and
      Li, Dongsheng  and
      Lin, Chin-Yew  and
      Yang, Yuqing  and
      Qiu, Lili",
    editor = "Ku, Lun-Wei  and
      Martins, Andre  and
      Srikumar, Vivek",
    booktitle = "Proceedings of the 62nd Annual Meeting of the Association for Computational Linguistics (Volume 1: Long Papers)",
    month = aug,
    year = "2024",
    address = "Bangkok, Thailand",
    publisher = "Association for Computational Linguistics",
    url = "https://aclanthology.org/2024.acl-long.91",
    doi = "10.18653/v1/2024.acl-long.91",
    pages = "1658--1677"}

@inproceedings{jin-etal-2024-bider,
    title = "{BIDER}: Bridging Knowledge Inconsistency for Efficient Retrieval-Augmented {LLM}s via Key Supporting Evidence",
    author = "Jin, Jiajie  and
      Zhu, Yutao  and
      Zhou, Yujia  and
      Dou, Zhicheng",
    editor = "Ku, Lun-Wei  and
      Martins, Andre  and
      Srikumar, Vivek",
    booktitle = "Findings of the Association for Computational Linguistics: ACL 2024",
    month = aug,
    year = "2024",
    address = "Bangkok, Thailand",
    publisher = "Association for Computational Linguistics",
    url = "https://aclanthology.org/2024.findings-acl.42",
    doi = "10.18653/v1/2024.findings-acl.42",
    pages = "750--761"}

@inproceedings{khattab2020colbert,
  title={Colbert: Efficient and effective passage search via contextualized late interaction over bert},
  author={Khattab, Omar and Zaharia, Matei},
  booktitle={Proceedings of the 43rd International ACM SIGIR conference on research and development in Information Retrieval},
  pages={39--48},
  year={2020}
}

@article{kwon2023reward,
  title={Reward design with language models},
  author={Kwon, Minae and Xie, Sang Michael and Bullard, Kalesha and Sadigh, Dorsa},
  journal={arXiv preprint arXiv:2303.00001},
  year={2023}
}

@article{lee2023rlaif,
  title={Rlaif: Scaling reinforcement learning from human feedback with ai feedback},
  author={Lee, Harrison and Phatale, Samrat and Mansoor, Hassan and Lu, Kellie Ren and Mesnard, Thomas and Ferret, Johan and Bishop, Colton and Hall, Ethan and Carbune, Victor and Rastogi, Abhinav},
  year={2023}
}

@inproceedings{li-etal-2023-compressing,
    title = "Compressing Context to Enhance Inference Efficiency of Large Language Models",
    author = "Li, Yucheng  and
      Dong, Bo  and
      Guerin, Frank  and
      Lin, Chenghua",
    editor = "Bouamor, Houda  and
      Pino, Juan  and
      Bali, Kalika",
    booktitle = "Proceedings of the 2023 Conference on Empirical Methods in Natural Language Processing",
    month = dec,
    year = "2023",
    address = "Singapore",
    publisher = "Association for Computational Linguistics",
    url = "https://aclanthology.org/2023.emnlp-main.391",
    doi = "10.18653/v1/2023.emnlp-main.391",
    pages = "6342--6353"}

@article{li2023angle,
  title={AnglE-optimized Text Embeddings},
  author={Li, Xianming and Li, Jing},
  journal={arXiv preprint arXiv:2309.12871},
  year={2023}
}

@article{liu2306reta,
  title={RETA-LLM: a retrieval-augmented large language model toolkit (2023)},
  author={Liu, Jiongnan and Jin, Jiajie and Wang, Zihan and Cheng, Jiehan and Dou, Zhicheng and Wen, J},
  journal={arXiv preprint arXiv:2306.05212}
}

@inproceedings{ma-etal-2023-large,
    title = "Large Language Model Is Not a Good Few-shot Information Extractor, but a Good Reranker for Hard Samples!",
    author = "Ma, Yubo  and
      Cao, Yixin  and
      Hong, Yong  and
      Sun, Aixin",
    editor = "Bouamor, Houda  and
      Pino, Juan  and
      Bali, Kalika",
    booktitle = "Findings of the Association for Computational Linguistics: EMNLP 2023",
    month = dec,
    year = "2023",
    address = "Singapore",
    publisher = "Association for Computational Linguistics",
    url = "https://aclanthology.org/2023.findings-emnlp.710",
    doi = "10.18653/v1/2023.findings-emnlp.710",
    pages = "10572--10601"}

@inproceedings{mao-etal-2021-reader,
    title = "Reader-Guided Passage Reranking for Open-Domain Question Answering",
    author = "Mao, Yuning  and
      He, Pengcheng  and
      Liu, Xiaodong  and
      Shen, Yelong  and
      Gao, Jianfeng  and
      Han, Jiawei  and
      Chen, Weizhu",
    editor = "Zong, Chengqing  and
      Xia, Fei  and
      Li, Wenjie  and
      Navigli, Roberto",
    booktitle = "Findings of the Association for Computational Linguistics: ACL-IJCNLP 2021",
    month = aug,
    year = "2021",
    address = "Online",
    publisher = "Association for Computational Linguistics",
    url = "https://aclanthology.org/2021.findings-acl.29",
    doi = "10.18653/v1/2021.findings-acl.29",
    pages = "344--350",
}

@article{ouyang2022training,
  title={Training language models to follow instructions with human feedback},
  author={Ouyang, Long and Wu, Jeffrey and Jiang, Xu and Almeida, Diogo and Wainwright, Carroll and Mishkin, Pamela and Zhang, Chong and Agarwal, Sandhini and Slama, Katarina and Ray, Alex and others},
  journal={Advances in neural information processing systems},
  volume={35},
  pages={27730--27744},
  year={2022}
}

@inproceedings{park-etal-2024-offsetbias,
    title = "{O}ffset{B}ias: Leveraging Debiased Data for Tuning Evaluators",
    author = "Park, Junsoo  and
      Jwa, Seungyeon  and
      Meiying, Ren  and
      Kim, Daeyoung  and
      Choi, Sanghyuk",
    editor = "Al-Onaizan, Yaser  and
      Bansal, Mohit  and
      Chen, Yun-Nung",
    booktitle = "Findings of the Association for Computational Linguistics: EMNLP 2024",
    month = nov,
    year = "2024",
    address = "Miami, Florida, USA",
    publisher = "Association for Computational Linguistics",
    url = "https://aclanthology.org/2024.findings-emnlp.57/",
    doi = "10.18653/v1/2024.findings-emnlp.57",
    pages = "1043--1067"}

@article{pradeep2023rankzephyr,
  title={RankZephyr: Effective and Robust Zero-Shot Listwise Reranking is a Breeze!},
  author={Pradeep, Ronak and Sharifymoghaddam, Sahel and Lin, Jimmy},
  journal={arXiv preprint arXiv:2312.02724},
  year={2023}
}

@article{pternea2024rl,
  title={The RL/LLM Taxonomy Tree: Reviewing Synergies Between Reinforcement Learning and Large Language Models},
  author={Pternea, Moschoula and Singh, Prerna and Chakraborty, Abir and Oruganti, Yagna and Milletari, Mirco and Bapat, Sayli and Jiang, Kebei},
  journal={arXiv preprint arXiv:2402.01874},
  year={2024}
}

@article{rafailov2024direct,
  title={Direct preference optimization: Your language model is secretly a reward model},
  author={Rafailov, Rafael and Sharma, Archit and Mitchell, Eric and Manning, Christopher D and Ermon, Stefano and Finn, Chelsea},
  journal={Advances in Neural Information Processing Systems},
  volume={36},
  year={2024}
}

@inproceedings{ramamurthy2022reinforcement,
  title={Is reinforcement learning (not) for natural language processing: Benchmarks, baselines, and building blocks for natural language policy optimization},
  author={Ramamurthy, Rajkumar and Ammanabrolu, Prithviraj and Brantley, Kiant{\'e} and Hessel, Jack and Sifa, Rafet and Bauckhage, Christian and Hajishirzi, Hannaneh and Choi, Yejin},
  booktitle = {Proceedings of the International Conference on Learning Representations (ICLR)},
  year={2023},
}

@inproceedings{santhanam-etal-2022-colbertv2,
    title = "{C}ol{BERT}v2: Effective and Efficient Retrieval via Lightweight Late Interaction",
    author = "Santhanam, Keshav  and
      Khattab, Omar  and
      Saad-Falcon, Jon  and
      Potts, Christopher  and
      Zaharia, Matei",
    editor = "Carpuat, Marine  and
      de Marneffe, Marie-Catherine  and
      Meza Ruiz, Ivan Vladimir",
    booktitle = "Proceedings of the 2022 Conference of the North American Chapter of the Association for Computational Linguistics: Human Language Technologies",
    month = jul,
    year = "2022",
    address = "Seattle, United States",
    publisher = "Association for Computational Linguistics",
    url = "https://aclanthology.org/2022.naacl-main.272/",
    doi = "10.18653/v1/2022.naacl-main.272",
    pages = "3715--3734"}

@article{schulman2015high,
  title={High-dimensional continuous control using generalized advantage estimation},
  author={Schulman, John and Moritz, Philipp and Levine, Sergey and Jordan, Michael and Abbeel, Pieter},
  journal={arXiv preprint arXiv:1506.02438},
  year={2015}
}

@inproceedings{sun-etal-2023-chatgpt,
    title = "Is {C}hat{GPT} Good at Search? Investigating Large Language Models as Re-Ranking Agents",
    author = "Sun, Weiwei  and
      Yan, Lingyong  and
      Ma, Xinyu  and
      Wang, Shuaiqiang  and
      Ren, Pengjie  and
      Chen, Zhumin  and
      Yin, Dawei  and
      Ren, Zhaochun",
    editor = "Bouamor, Houda  and
      Pino, Juan  and
      Bali, Kalika",
    booktitle = "Proceedings of the 2023 Conference on Empirical Methods in Natural Language Processing",
    month = dec,
    year = "2023",
    address = "Singapore",
    publisher = "Association for Computational Linguistics",
    url = "https://aclanthology.org/2023.emnlp-main.923/",
    doi = "10.18653/v1/2023.emnlp-main.923",
    pages = "14918--14937"}

@article{wang2023learning,
  title={Learning to filter context for retrieval-augmented generation},
  author={Wang, Zhiruo and Araki, Jun and Jiang, Zhengbao and Parvez, Md Rizwan and Neubig, Graham},
  journal={arXiv preprint arXiv:2311.08377},
  year={2023}
}

@article{wu2024beta,
  title={$beta$-DPO: Direct Preference Optimization with Dynamic $beta$},
  author={Wu, Junkang and Xie, Yuexiang and Yang, Zhengyi and Wu, Jiancan and Gao, Jinyang and Ding, Bolin and Wang, Xiang and He, Xiangnan},
  journal={arXiv preprint arXiv:2407.08639},
  year={2024}
}

@inproceedings{xu2024recomp,
title={{RECOMP}: Improving Retrieval-Augmented {LM}s with Context Compression and Selective Augmentation},
author={Fangyuan Xu and Weijia Shi and Eunsol Choi},
booktitle={The 12th International Conference on Learning Representations},
year={2024}
}

@article{yan2024corrective,
  title={Corrective retrieval augmented generation},
  author={Yan, Shi-Qi and Gu, Jia-Chen and Zhu, Yun and Ling, Zhen-Hua},
  journal={arXiv preprint arXiv:2401.15884},
  year={2024}
}

@inproceedings{yang-etal-2023-prca,
    title = "{PRCA}: Fitting Black-Box Large Language Models for Retrieval Question Answering via Pluggable Reward-Driven Contextual Adapter",
    author = "Yang, Haoyan  and
      Li, Zhitao  and
      Zhang, Yong  and
      Wang, Jianzong  and
      Cheng, Ning  and
      Li, Ming  and
      Xiao, Jing",
    booktitle = "Proceedings of the 2023 Conference on Empirical Methods in Natural Language Processing",
    month = dec,
    year = "2023",
    address = "Singapore",
    publisher = "Association for Computational Linguistics",
    url = "https://aclanthology.org/2023.emnlp-main.326",
    doi = "10.18653/v1/2023.emnlp-main.326",
    pages = "5364--5375",
}

@article{yoran2023making,
  title={Making retrieval-augmented language models robust to irrelevant context},
  author={Yoran, Ori and Wolfson, Tomer and Ram, Ori and Berant, Jonathan},
  journal={arXiv preprint arXiv:2310.01558},
  year={2023}
}

@inproceedings{yu-etal-2024-chain,
    title = "Chain-of-Note: Enhancing Robustness in Retrieval-Augmented Language Models",
    author = "Yu, Wenhao  and
      Zhang, Hongming  and
      Pan, Xiaoman  and
      Cao, Peixin  and
      Ma, Kaixin  and
      Li, Jian  and
      Wang, Hongwei  and
      Yu, Dong",
    editor = "Al-Onaizan, Yaser  and
      Bansal, Mohit  and
      Chen, Yun-Nung",
    booktitle = "Proceedings of the 2024 Conference on Empirical Methods in Natural Language Processing",
    month = nov,
    year = "2024",
    address = "Miami, Florida, USA",
    publisher = "Association for Computational Linguistics",
    url = "https://aclanthology.org/2024.emnlp-main.813/",
    doi = "10.18653/v1/2024.emnlp-main.813",
    pages = "14672--14685"}

@article{yuan2024self,
  title={Self-rewarding language models},
  author={Yuan, Weizhe and Pang, Richard Yuanzhe and Cho, Kyunghyun and Sukhbaatar, Sainbayar and Xu, Jing and Weston, Jason},
  journal={arXiv preprint arXiv:2401.10020},
  year={2024}
}

@article{zhang2022tempera,
  title={Tempera: Test-time prompting via reinforcement learning},
  author={Zhang, Tianjun and Wang, Xuezhi and Zhou, Denny and Schuurmans, Dale and Gonzalez, Joseph E},
  journal={arXiv preprint arXiv:2211.11890},
  year={2022}
}

@article{zhang2024generative,
  title={Generative verifiers: Reward modeling as next-token prediction},
  author={Zhang, Lunjun and Hosseini, Arian and Bansal, Hritik and Kazemi, Mehran and Kumar, Aviral and Agarwal, Rishabh},
  journal={arXiv preprint arXiv:2408.15240},
  year={2024}
}

@inproceedings{zhuang2023rankt5,
  title={Rankt5: Fine-tuning t5 for text ranking with ranking losses},
  author={Zhuang, Honglei and Qin, Zhen and Jagerman, Rolf and Hui, Kai and Ma, Ji and Lu, Jing and Ni, Jianmo and Wang, Xuanhui and Bendersky, Michael},
  booktitle={Proceedings of the 46th International ACM SIGIR Conference on Research and Development in Information Retrieval},
  pages={2308--2313},
  year={2023}
}

