@article{izacard2020distilling,
  title={Distilling knowledge from reader to retriever for question answering},
  author={Izacard, Gautier and Grave, Edouard},
  journal={arXiv preprint arXiv:2012.04584},
  year={2020}
}
@article{li2023unlocking,
  title={Unlocking context constraints of llms: Enhancing context efficiency of llms with self-information-based content filtering},
  author={Li, Yucheng},
  journal={arXiv preprint arXiv:2304.12102},
  year={2023}
}
@inproceedings{xiao-etal-2022-primera,
    title = "{PRIMERA}: Pyramid-based Masked Sentence Pre-training for Multi-document Summarization",
    author = "Xiao, Wen  and
      Beltagy, Iz  and
      Carenini, Giuseppe  and
      Cohan, Arman",
    editor = "Muresan, Smaranda  and
      Nakov, Preslav  and
      Villavicencio, Aline",
    booktitle = "Proceedings of the 60th Annual Meeting of the Association for Computational Linguistics (Volume 1: Long Papers)",
    month = may,
    year = "2022",
    address = "Dublin, Ireland",
    publisher = "Association for Computational Linguistics",
    url = "https://aclanthology.org/2022.acl-long.360/",
    doi = "10.18653/v1/2022.acl-long.360",
    pages = "5245--5263"
}
@article{liu2306reta,
  title={RETA-LLM: a retrieval-augmented large language model toolkit (2023)},
  author={Liu, Jiongnan and Jin, Jiajie and Wang, Zihan and Cheng, Jiehan and Dou, Zhicheng and Wen, J},
  journal={arXiv preprint arXiv:2306.05212}
}
@inproceedings{jiang-etal-2024-instruction,
    title = "Instruction-tuned Language Models are Better Knowledge Learners",
    author = "Jiang, Zhengbao  and
      Sun, Zhiqing  and
      Shi, Weijia  and
      Rodriguez, Pedro  and
      Zhou, Chunting  and
      Neubig, Graham  and
      Lin, Xi  and
      Yih, Wen-tau  and
      Iyer, Srini",
    editor = "Ku, Lun-Wei  and
      Martins, Andre  and
      Srikumar, Vivek",
    booktitle = "Proceedings of the 62nd Annual Meeting of the Association for Computational Linguistics (Volume 1: Long Papers)",
    month = aug,
    year = "2024",
    address = "Bangkok, Thailand",
    publisher = "Association for Computational Linguistics",
    url = "https://aclanthology.org/2024.acl-long.296/",
    doi = "10.18653/v1/2024.acl-long.296",
    pages = "5421--5434"}
@inproceedings{hofstatter2023fid,
  title={Fid-light: Efficient and effective retrieval-augmented text generation},
  author={Hofst{\"a}tter, Sebastian and Chen, Jiecao and Raman, Karthik and Zamani, Hamed},
  booktitle={Proceedings of the 46th International ACM SIGIR Conference on Research and Development in Information Retrieval},
  pages={1437--1447},
  year={2023}
}
@article{yan2024corrective,
  title={Corrective retrieval augmented generation},
  author={Yan, Shi-Qi and Gu, Jia-Chen and Zhu, Yun and Ling, Zhen-Hua},
  journal={arXiv preprint arXiv:2401.15884},
  year={2024}
}
@inproceedings{gao-etal-2023-rarr,
    title = "{RARR}: Researching and Revising What Language Models Say, Using Language Models",
    author = "Gao, Luyu  and
      Dai, Zhuyun  and
      Pasupat, Panupong  and
      Chen, Anthony  and
      Chaganty, Arun Tejasvi  and
      Fan, Yicheng  and
      Zhao, Vincent  and
      Lao, Ni  and
      Lee, Hongrae  and
      Juan, Da-Cheng  and
      Guu, Kelvin",
    editor = "Rogers, Anna  and
      Boyd-Graber, Jordan  and
      Okazaki, Naoaki",
    booktitle = "Proceedings of the 61st Annual Meeting of the Association for Computational Linguistics (Volume 1: Long Papers)",
    month = jul,
    year = "2023",
    address = "Toronto, Canada",
    publisher = "Association for Computational Linguistics",
    url = "https://aclanthology.org/2023.acl-long.910/",
    doi = "10.18653/v1/2023.acl-long.910",
    pages = "16477--16508"}
@inproceedings{zhong-etal-2020-extractive,
    title = "Extractive Summarization as Text Matching",
    author = "Zhong, Ming  and
      Liu, Pengfei  and
      Chen, Yiran  and
      Wang, Danqing  and
      Qiu, Xipeng  and
      Huang, Xuanjing",
    editor = "Jurafsky, Dan  and
      Chai, Joyce  and
      Schluter, Natalie  and
      Tetreault, Joel",
    booktitle = "Proceedings of the 58th Annual Meeting of the Association for Computational Linguistics",
    month = jul,
    year = "2020",
    address = "Online",
    publisher = "Association for Computational Linguistics",
    url = "https://aclanthology.org/2020.acl-main.552",
    doi = "10.18653/v1/2020.acl-main.552",
    pages = "6197--6208"}

@article{an2022cont,
  title={Cont: Contrastive neural text generation},
  author={An, Chenxin and Feng, Jiangtao and Lv, Kai and Kong, Lingpeng and Qiu, Xipeng and Huang, Xuanjing},
  journal={Advances in Neural Information Processing Systems},
  volume={35},
  pages={2197--2210},
  year={2022}
}
@article{ke2024bridging,
  title={Bridging the preference gap between retrievers and llms},
  author={Ke, Zixuan and Kong, Weize and Li, Cheng and Zhang, Mingyang and Mei, Qiaozhu and Bendersky, Michael},
  journal={arXiv preprint arXiv:2401.06954},
  year={2024}
}
@inproceedings{zhou21aclfindings,
    title = {Detecting Hallucinated Content in Conditional Neural Sequence Generation},
    author = {Chunting Zhou and Graham Neubig and Jiatao Gu and Mona Diab and Francisco Guzm√°n and Luke Zettlemoyer and Marjan Ghazvininejad},
    booktitle = {Findings of the Joint Conference of the 59th Annual Meeting of the Association for Computational Linguistics and the 11th International Joint Conference on Natural Language Processing (ACL-IJCNLP Findings)},
    address = {Virtual},
    month = {August},
    url = {https://arxiv.org/abs/2011.02593},
    year = {2021}
}
@inproceedings{wang-etal-2023-query2doc,
    title = "Query2doc: Query Expansion with Large Language Models",
    author = "Wang, Liang  and
      Yang, Nan  and
      Wei, Furu",
    booktitle = "Proceedings of the 2023 Conference on Empirical Methods in Natural Language Processing",
    month = dec,
    year = "2023"
}
@inproceedings{asai-etal-2022-evidentiality,
    title = "Evidentiality-guided Generation for Knowledge-Intensive {NLP} Tasks",
    author = "Asai, Akari  and
      Gardner, Matt  and
      Hajishirzi, Hannaneh",
    booktitle = "Proceedings of the 2022 Conference of the North American Chapter of the Association for Computational Linguistics: Human Language Technologies",
    month = jul,
    year = "2022",
    address = "Seattle, United States",
    publisher = "Association for Computational Linguistics",
    url = "https://aclanthology.org/2022.naacl-main.162",
    doi = "10.18653/v1/2022.naacl-main.162",
    pages = "2226--2243",
}
@article{gu2024survey,
  title={A Survey on LLM-as-a-Judge},
  author={Gu, Jiawei and Jiang, Xuhui and Shi, Zhichao and Tan, Hexiang and Zhai, Xuehao and Xu, Chengjin and Li, Wei and Shen, Yinghan and Ma, Shengjie and Liu, Honghao and others},
  journal={arXiv preprint arXiv:2411.15594},
  year={2024}
}
@inproceedings{yang-etal-2023-prca,
    title = "{PRCA}: Fitting Black-Box Large Language Models for Retrieval Question Answering via Pluggable Reward-Driven Contextual Adapter",
    author = "Yang, Haoyan  and
      Li, Zhitao  and
      Zhang, Yong  and
      Wang, Jianzong  and
      Cheng, Ning  and
      Li, Ming  and
      Xiao, Jing",
    booktitle = "Proceedings of the 2023 Conference on Empirical Methods in Natural Language Processing",
    month = dec,
    year = "2023",
    address = "Singapore",
    publisher = "Association for Computational Linguistics",
    url = "https://aclanthology.org/2023.emnlp-main.326",
    doi = "10.18653/v1/2023.emnlp-main.326",
    pages = "5364--5375",
}
@article{laskar2023cqsumdp,
  title={CQSumDP: a ChatGPT-annotated resource for query-focused abstractive summarization based on debatepedia},
  author={Laskar, Md Tahmid Rahman and Rahman, Mizanur and Jahan, Israt and Hoque, Enamul and Huang, Jimmy},
  journal={arXiv preprint arXiv:2305.06147},
  year={2023}
}
@inproceedings{jin-etal-2024-bider,
    title = "{BIDER}: Bridging Knowledge Inconsistency for Efficient Retrieval-Augmented {LLM}s via Key Supporting Evidence",
    author = "Jin, Jiajie  and
      Zhu, Yutao  and
      Zhou, Yujia  and
      Dou, Zhicheng",
    editor = "Ku, Lun-Wei  and
      Martins, Andre  and
      Srikumar, Vivek",
    booktitle = "Findings of the Association for Computational Linguistics: ACL 2024",
    month = aug,
    year = "2024",
    address = "Bangkok, Thailand",
    publisher = "Association for Computational Linguistics",
    url = "https://aclanthology.org/2024.findings-acl.42",
    doi = "10.18653/v1/2024.findings-acl.42",
    pages = "750--761"}
@article{brown2020language,
  title={Language models are few-shot learners},
  author={Brown, Tom and Mann, Benjamin and Ryder, Nick and Subbiah, Melanie and Kaplan, Jared D and Dhariwal, Prafulla and Neelakantan, Arvind and Shyam, Pranav and Sastry, Girish and Askell, Amanda and others},
  journal={Advances in neural information processing systems},
  volume={33},
  pages={1877--1901},
  year={2020}
}
@article{chan2024rq,
  title={Rq-rag: Learning to refine queries for retrieval augmented generation},
  author={Chan, Chi-Min and Xu, Chunpu and Yuan, Ruibin and Luo, Hongyin and Xue, Wei and Guo, Yike and Fu, Jie},
  journal={arXiv preprint arXiv:2404.00610},
  year={2024}
}
@inproceedings{borgeaud2022improving,
  title={Improving language models by retrieving from trillions of tokens},
  author={Borgeaud, Sebastian and Mensch, Arthur and Hoffmann, Jordan and Cai, Trevor and Rutherford, Eliza and Millican, Katie and Van Den Driessche, George Bm and Lespiau, Jean-Baptiste and Damoc, Bogdan and Clark, Aidan and others},
  booktitle={International conference on machine learning},
  pages={2206--2240},
  year={2022},
  organization={PMLR}
}
@inproceedings{guu2020retrieval,
  title={Retrieval augmented language model pre-training},
  author={Guu, Kelvin and Lee, Kenton and Tung, Zora and Pasupat, Panupong and Chang, Mingwei},
  booktitle={International conference on machine learning},
  pages={3929--3938},
  year={2020},
  organization={PMLR}
}
@inproceedings{cao-etal-2024-retaining,
    title = "Retaining Key Information under High Compression Ratios: Query-Guided Compressor for {LLM}s",
    author = "Cao, Zhiwei  and
      Cao, Qian  and
      Lu, Yu  and
      Peng, Ningxin  and
      Huang, Luyang  and
      Cheng, Shanbo  and
      Su, Jinsong",
    editor = "Ku, Lun-Wei  and
      Martins, Andre  and
      Srikumar, Vivek",
    booktitle = "Proceedings of the 62nd Annual Meeting of the Association for Computational Linguistics (Volume 1: Long Papers)",
    month = aug,
    year = "2024",
    address = "Bangkok, Thailand",
    publisher = "Association for Computational Linguistics",
    url = "https://aclanthology.org/2024.acl-long.685",
    doi = "10.18653/v1/2024.acl-long.685",
    pages = "12685--12695"}
@inproceedings{balachandran-etal-2022-correcting,
    title = "Correcting Diverse Factual Errors in Abstractive Summarization via Post-Editing and Language Model Infilling",
    author = "Balachandran, Vidhisha  and
      Hajishirzi, Hannaneh  and
      Cohen, William  and
      Tsvetkov, Yulia",
    editor = "Goldberg, Yoav  and
      Kozareva, Zornitsa  and
      Zhang, Yue",
    booktitle = "Proceedings of the 2022 Conference on Empirical Methods in Natural Language Processing",
    month = dec,
    year = "2022",
    address = "Abu Dhabi, United Arab Emirates",
    publisher = "Association for Computational Linguistics",
    url = "https://aclanthology.org/2022.emnlp-main.667",
    doi = "10.18653/v1/2022.emnlp-main.667",
    pages = "9818--9830"
}
@article{zhu2023large,
  title={Large language models for information retrieval: A survey},
  author={Zhu, Yutao and Yuan, Huaying and Wang, Shuting and Liu, Jiongnan and Liu, Wenhan and Deng, Chenlong and Chen, Haonan and Liu, Zheng and Dou, Zhicheng and Wen, Ji-Rong},
  journal={arXiv preprint arXiv:2308.07107},
  year={2023}
}
@inproceedings{sun2023contrastive,
  title={Contrastive learning reduces hallucination in conversations},
  author={Sun, Weiwei and Shi, Zhengliang and Gao, Shen and Ren, Pengjie and de Rijke, Maarten and Ren, Zhaochun},
  booktitle={Proceedings of the AAAI Conference on Artificial Intelligence},
  volume={37},
  number={11},
  pages={13618--13626},
  year={2023}
}
@inproceedings{shao-etal-2023-enhancing,
    title = "Enhancing Retrieval-Augmented Large Language Models with Iterative Retrieval-Generation Synergy",
    author = "Shao, Zhihong  and
      Gong, Yeyun  and
      Shen, Yelong  and
      Huang, Minlie  and
      Duan, Nan  and
      Chen, Weizhu",
    editor = "Bouamor, Houda  and
      Pino, Juan  and
      Bali, Kalika",
    booktitle = "Findings of the Association for Computational Linguistics: EMNLP 2023",
    month = dec,
    year = "2023",
    address = "Singapore",
    publisher = "Association for Computational Linguistics",
    url = "https://aclanthology.org/2023.findings-emnlp.620",
    doi = "10.18653/v1/2023.findings-emnlp.620",
    pages = "9248--9274",}
@inproceedings{ma-etal-2023-query,
    title = "Query Rewriting in Retrieval-Augmented Large Language Models",
    author = "Ma, Xinbei  and
      Gong, Yeyun  and
      He, Pengcheng  and
      Zhao, Hai  and
      Duan, Nan",
    editor = "Bouamor, Houda  and
      Pino, Juan  and
      Bali, Kalika",
    booktitle = "Proceedings of the 2023 Conference on Empirical Methods in Natural Language Processing",
    month = dec,
    year = "2023",
    address = "Singapore",
    publisher = "Association for Computational Linguistics",
    url = "https://aclanthology.org/2023.emnlp-main.322",
    doi = "10.18653/v1/2023.emnlp-main.322",
    pages = "5303--5315"}
@inproceedings{shi-etal-2024-generate,
    title = "Generate-then-Ground in Retrieval-Augmented Generation for Multi-hop Question Answering",
    author = "Shi, Zhengliang  and
      Zhang, Shuo  and
      Sun, Weiwei  and
      Gao, Shen  and
      Ren, Pengjie  and
      Chen, Zhumin  and
      Ren, Zhaochun",
    editor = "Ku, Lun-Wei  and
      Martins, Andre  and
      Srikumar, Vivek",
    booktitle = "Proceedings of the 62nd Annual Meeting of the Association for Computational Linguistics (Volume 1: Long Papers)",
    month = aug,
    year = "2024",
    address = "Bangkok, Thailand",
    publisher = "Association for Computational Linguistics",
    url = "https://aclanthology.org/2024.acl-long.397",
    doi = "10.18653/v1/2024.acl-long.397",
    pages = "7339--7353",}
@inproceedings{ma-etal-2023-chain,
    title = "Chain-of-Skills: A Configurable Model for Open-Domain Question Answering",
    author = "Ma, Kaixin  and
      Cheng, Hao  and
      Zhang, Yu  and
      Liu, Xiaodong  and
      Nyberg, Eric  and
      Gao, Jianfeng",
    editor = "Rogers, Anna  and
      Boyd-Graber, Jordan  and
      Okazaki, Naoaki",
    booktitle = "Proceedings of the 61st Annual Meeting of the Association for Computational Linguistics (Volume 1: Long Papers)",
    month = jul,
    year = "2023",
    address = "Toronto, Canada",
    publisher = "Association for Computational Linguistics",
    url = "https://aclanthology.org/2023.acl-long.89",
    doi = "10.18653/v1/2023.acl-long.89",
    pages = "1599--1618"}

@inproceedings{chevalier-etal-2023-adapting,
    title = "Adapting Language Models to Compress Contexts",
    author = "Chevalier, Alexis  and
      Wettig, Alexander  and
      Ajith, Anirudh  and
      Chen, Danqi",
    editor = "Bouamor, Houda  and
      Pino, Juan  and
      Bali, Kalika",
    booktitle = "Proceedings of the 2023 Conference on Empirical Methods in Natural Language Processing",
    month = dec,
    year = "2023",
    address = "Singapore",
    publisher = "Association for Computational Linguistics",
    url = "https://aclanthology.org/2023.emnlp-main.232",
    doi = "10.18653/v1/2023.emnlp-main.232",
    pages = "3829--3846"}
@inproceedings{li-etal-2023-compressing,
    title = "Compressing Context to Enhance Inference Efficiency of Large Language Models",
    author = "Li, Yucheng  and
      Dong, Bo  and
      Guerin, Frank  and
      Lin, Chenghua",
    editor = "Bouamor, Houda  and
      Pino, Juan  and
      Bali, Kalika",
    booktitle = "Proceedings of the 2023 Conference on Empirical Methods in Natural Language Processing",
    month = dec,
    year = "2023",
    address = "Singapore",
    publisher = "Association for Computational Linguistics",
    url = "https://aclanthology.org/2023.emnlp-main.391",
    doi = "10.18653/v1/2023.emnlp-main.391",
    pages = "6342--6353"}
@article{raffel2020exploring,
  title={Exploring the limits of transfer learning with a unified text-to-text transformer},
  author={Raffel, Colin and Shazeer, Noam and Roberts, Adam and Lee, Katherine and Narang, Sharan and Matena, Michael and Zhou, Yanqi and Li, Wei and Liu, Peter J},
  journal={Journal of machine learning research},
  volume={21},
  number={140},
  pages={1--67},
  year={2020}
}
@inproceedings{li-etal-2024-refiner,
    title = "$\textit{Refiner}$: Restructure Retrieved Content Efficiently to Advance Question-Answering Capabilities",
    author = "Li, Zhonghao  and
      Hu, Xuming  and
      Liu, Aiwei  and
      Zheng, Kening  and
      Huang, Sirui  and
      Xiong, Hui",
    editor = "Al-Onaizan, Yaser  and
      Bansal, Mohit  and
      Chen, Yun-Nung",
    booktitle = "Findings of the Association for Computational Linguistics: EMNLP 2024",
    month = nov,
    year = "2024",
    address = "Miami, Florida, USA",
    publisher = "Association for Computational Linguistics",
    url = "https://aclanthology.org/2024.findings-emnlp.500/",
    doi = "10.18653/v1/2024.findings-emnlp.500"
}
@article{wu2021recursively,
  title={Recursively summarizing books with human feedback},
  author={Wu, Jeff and Ouyang, Long and Ziegler, Daniel M and Stiennon, Nisan and Lowe, Ryan and Leike, Jan and Christiano, Paul},
  journal={arXiv preprint arXiv:2109.10862},
  year={2021}
}
@article{chung2024scaling,
  title={Scaling instruction-finetuned language models},
  author={Chung, Hyung Won and Hou, Le and Longpre, Shayne and Zoph, Barret and Tay, Yi and Fedus, William and Li, Yunxuan and Wang, Xuezhi and Dehghani, Mostafa and Brahma, Siddhartha and others},
  journal={Journal of Machine Learning Research},
  volume={25},
  number={70},
  pages={1--53},
  year={2024}
}
@article{cao2024survey,
  title={Survey on large language model-enhanced reinforcement learning: Concept, taxonomy, and methods},
  author={Cao, Yuji and Zhao, Huan and Cheng, Yuheng and Shu, Ting and Chen, Yue and Liu, Guolong and Liang, Gaoqi and Zhao, Junhua and Yan, Jinyue and Li, Yun},
  journal={IEEE Transactions on Neural Networks and Learning Systems},
  year={2024},
  publisher={IEEE}
}
@article{pternea2024rl,
  title={The RL/LLM Taxonomy Tree: Reviewing Synergies Between Reinforcement Learning and Large Language Models},
  author={Pternea, Moschoula and Singh, Prerna and Chakraborty, Abir and Oruganti, Yagna and Milletari, Mirco and Bapat, Sayli and Jiang, Kebei},
  journal={arXiv preprint arXiv:2402.01874},
  year={2024}
}
@inproceedings{karpukhin-etal-2020-dense,
    title = "Dense Passage Retrieval for Open-Domain Question Answering",
    author = "Karpukhin, Vladimir  and
      Oguz, Barlas  and
      Min, Sewon  and
      Lewis, Patrick  and
      Wu, Ledell  and
      Edunov, Sergey  and
      Chen, Danqi  and
      Yih, Wen-tau",
    editor = "Webber, Bonnie  and
      Cohn, Trevor  and
      He, Yulan  and
      Liu, Yang",
    booktitle = "Proceedings of the 2020 Conference on Empirical Methods in Natural Language Processing (EMNLP)",
    month = nov,
    year = "2020",
    address = "Online",
    publisher = "Association for Computational Linguistics",
    url = "https://aclanthology.org/2020.emnlp-main.550/",
    doi = "10.18653/v1/2020.emnlp-main.550",
    pages = "6769--6781"}
@inproceedings{robertson1994some,
  title={Some simple effective approximations to the 2-poisson model for probabilistic weighted retrieval},
  author={Robertson, Stephen E and Walker, Steve},
  booktitle={SIGIR‚Äô94: Proceedings of the Seventeenth Annual International ACM-SIGIR Conference on Research and Development in Information Retrieval, organised by Dublin City University},
  pages={232--241},
  year={1994},
  organization={Springer}
}
@inproceedings{lei-etal-2023-unsupervised,
    title = "Unsupervised Dense Retrieval with Relevance-Aware Contrastive Pre-Training",
    author = "Lei, Yibin  and
      Ding, Liang  and
      Cao, Yu  and
      Zan, Changtong  and
      Yates, Andrew  and
      Tao, Dacheng",
    editor = "Rogers, Anna  and
      Boyd-Graber, Jordan  and
      Okazaki, Naoaki",
    booktitle = "Findings of the Association for Computational Linguistics: ACL 2023",
    month = jul,
    year = "2023",
    address = "Toronto, Canada",
    publisher = "Association for Computational Linguistics",
    url = "https://aclanthology.org/2023.findings-acl.695/",
    doi = "10.18653/v1/2023.findings-acl.695",
    pages = "10932--10940"}
@article{zelikman2022star,
  title={Star: Bootstrapping reasoning with reasoning},
  author={Zelikman, Eric and Wu, Yuhuai and Mu, Jesse and Goodman, Noah},
  journal={Advances in Neural Information Processing Systems},
  volume={35},
  pages={15476--15488},
  year={2022}
}
@inproceedings{wolf-etal-2020-transformers,
    title = "Transformers: State-of-the-Art Natural Language Processing",
    author = "Thomas Wolf and Lysandre Debut and Victor Sanh and Julien Chaumond and Clement Delangue and Anthony Moi and Pierric Cistac and Tim Rault and R√©mi Louf and Morgan Funtowicz and Joe Davison and Sam Shleifer and Patrick von Platen and Clara Ma and Yacine Jernite and Julien Plu and Canwen Xu and Teven Le Scao and Sylvain Gugger and Mariama Drame and Quentin Lhoest and Alexander M. Rush",
    booktitle = "Proceedings of the 2020 Conference on Empirical Methods in Natural Language Processing: System Demonstrations",
    month = oct,
    year = "2020",
    address = "Online",
    publisher = "Association for Computational Linguistics",
    url = "https://www.aclweb.org/anthology/2020.emnlp-demos.6",
    pages = "38--45"
}
@inproceedings{jiang-etal-2023-llmlingua,
    title = "{LLML}ingua: Compressing Prompts for Accelerated Inference of Large Language Models",
    author = "Jiang, Huiqiang  and
      Wu, Qianhui  and
      Lin, Chin-Yew  and
      Yang, Yuqing  and
      Qiu, Lili",
    editor = "Bouamor, Houda  and
      Pino, Juan  and
      Bali, Kalika",
    booktitle = "Proceedings of the 2023 Conference on Empirical Methods in Natural Language Processing",
    month = dec,
    year = "2023",
    address = "Singapore",
    publisher = "Association for Computational Linguistics",
    url = "https://aclanthology.org/2023.emnlp-main.825/",
    doi = "10.18653/v1/2023.emnlp-main.825",
    pages = "13358--13376"}
@inproceedings{jiang-etal-2024-longllmlingua,
    title = "{L}ong{LLML}ingua: Accelerating and Enhancing {LLM}s in Long Context Scenarios via Prompt Compression",
    author = "Jiang, Huiqiang  and
      Wu, Qianhui  and
      Luo, Xufang  and
      Li, Dongsheng  and
      Lin, Chin-Yew  and
      Yang, Yuqing  and
      Qiu, Lili",
    editor = "Ku, Lun-Wei  and
      Martins, Andre  and
      Srikumar, Vivek",
    booktitle = "Proceedings of the 62nd Annual Meeting of the Association for Computational Linguistics (Volume 1: Long Papers)",
    month = aug,
    year = "2024",
    address = "Bangkok, Thailand",
    publisher = "Association for Computational Linguistics",
    url = "https://aclanthology.org/2024.acl-long.91",
    doi = "10.18653/v1/2024.acl-long.91",
    pages = "1658--1677"}

@article{touvron2023llama,
  title={Llama: Open and efficient foundation language models},
  author={Touvron, Hugo and Lavril, Thibaut and Izacard, Gautier and Martinet, Xavier and Lachaux, Marie-Anne and Lacroix, Timoth{\'e}e and Rozi{\`e}re, Baptiste and Goyal, Naman and Hambro, Eric and Azhar, Faisal and others},
  journal={arXiv preprint arXiv:2302.13971},
  year={2023}
}
@article{behnamghader2022can,
  title={Can retriever-augmented language models reason? the blame game between the retriever and the language model},
  author={BehnamGhader, Parishad and Miret, Santiago and Reddy, Siva},
  journal={arXiv preprint arXiv:2212.09146},
  year={2022}
}
@inproceedings{shi2023large,
  title={Large language models can be easily distracted by irrelevant context},
  author={Shi, Freda and Chen, Xinyun and Misra, Kanishka and Scales, Nathan and Dohan, David and Chi, Ed H and Sch{\"a}rli, Nathanael and Zhou, Denny},
  booktitle={International Conference on Machine Learning},
  pages={31210--31227},
  year={2023},
  organization={PMLR}
}
@article{wu2024easily,
  title={How Easily do Irrelevant Inputs Skew the Responses of Large Language Models?},
  author={Wu, Siye and Xie, Jian and Chen, Jiangjie and Zhu, Tinghui and Zhang, Kai and Xiao, Yanghua},
  journal={arXiv preprint arXiv:2404.03302},
  year={2024}
}
@article{wei2022chain,
  title={Chain-of-thought prompting elicits reasoning in large language models},
  author={Wei, Jason and Wang, Xuezhi and Schuurmans, Dale and Bosma, Maarten and Xia, Fei and Chi, Ed and Le, Quoc V and Zhou, Denny and others},
  journal={Advances in neural information processing systems},
  volume={35},
  pages={24824--24837},
  year={2022}
}
@article{dagdelen2024structured,
  title={Structured information extraction from scientific text with large language models},
  author={Dagdelen, John and Dunn, Alexander and Lee, Sanghoon and Walker, Nicholas and Rosen, Andrew S and Ceder, Gerbrand and Persson, Kristin A and Jain, Anubhav},
  journal={Nature Communications},
  volume={15},
  number={1},
  pages={1418},
  year={2024},
  publisher={Nature Publishing Group UK London}
}
@inproceedings{ho-etal-2020-constructing,
    title = "Constructing A Multi-hop {QA} Dataset for Comprehensive Evaluation of Reasoning Steps",
    author = "Ho, Xanh  and
      Duong Nguyen, Anh-Khoa  and
      Sugawara, Saku  and
      Aizawa, Akiko",
    editor = "Scott, Donia  and
      Bel, Nuria  and
      Zong, Chengqing",
    booktitle = "Proceedings of the 28th International Conference on Computational Linguistics",
    month = dec,
    year = "2020",
    address = "Barcelona, Spain (Online)",
    publisher = "International Committee on Computational Linguistics",
    url = "https://aclanthology.org/2020.coling-main.580",
    doi = "10.18653/v1/2020.coling-main.580",
    pages = "6609--6625"
}
@inproceedings{yang-etal-2018-hotpotqa,
    title = "{H}otpot{QA}: A Dataset for Diverse, Explainable Multi-hop Question Answering",
    author = "Yang, Zhilin  and
      Qi, Peng  and
      Zhang, Saizheng  and
      Bengio, Yoshua  and
      Cohen, William  and
      Salakhutdinov, Ruslan  and
      Manning, Christopher D.",
    editor = "Riloff, Ellen  and
      Chiang, David  and
      Hockenmaier, Julia  and
      Tsujii, Jun{'}ichi",
    booktitle = "Proceedings of the 2018 Conference on Empirical Methods in Natural Language Processing",
    month = oct # "-" # nov,
    year = "2018",
    address = "Brussels, Belgium",
    publisher = "Association for Computational Linguistics",
    url = "https://aclanthology.org/D18-1259",
    doi = "10.18653/v1/D18-1259",
    pages = "2369--2380"
}
@inproceedings{mallen-etal-2023-trust,
    title = "When Not to Trust Language Models: Investigating Effectiveness of Parametric and Non-Parametric Memories",
    author = "Mallen, Alex  and
      Asai, Akari  and
      Zhong, Victor  and
      Das, Rajarshi  and
      Khashabi, Daniel  and
      Hajishirzi, Hannaneh",
    editor = "Rogers, Anna  and
      Boyd-Graber, Jordan  and
      Okazaki, Naoaki",
    booktitle = "Proceedings of the 61st Annual Meeting of the Association for Computational Linguistics (Volume 1: Long Papers)",
    month = jul,
    year = "2023",
    address = "Toronto, Canada",
    publisher = "Association for Computational Linguistics",
    url = "https://aclanthology.org/2023.acl-long.546",
    doi = "10.18653/v1/2023.acl-long.546",
    pages = "9802--9822"
}
@inproceedings{Stiennon2020LearningTS,
  title={Learning to summarize with human feedback},
  author={Nisan Stiennon and Ouyang Long and Jeffrey Wu and Daniel M. Ziegler and Ryan Lowe and Chelsea Voss and Alec Radford and Dario Amodei and Paul Francis Christiano},
  booktitle={Neural Information Processing Systems},
  year={2020},
  url={https://api.semanticscholar.org/CorpusID:263874153}
}
@article{schulman2015high,
  title={High-dimensional continuous control using generalized advantage estimation},
  author={Schulman, John and Moritz, Philipp and Levine, Sergey and Jordan, Michael and Abbeel, Pieter},
  journal={arXiv preprint arXiv:1506.02438},
  year={2015}
}
@inproceedings{anderson-etal-2022-lingua,
    title = "Lingua: Addressing Scenarios for Live Interpretation and Automatic Dubbing",
    author = "Anderson, Nathan  and
      Wilson, Caleb  and
      Richardson, Stephen D.",
    editor = "Campbell, Janice  and
      Larocca, Stephen  and
      Marciano, Jay  and
      Savenkov, Konstantin  and
      Yanishevsky, Alex",
    booktitle = "Proceedings of the 15th Biennial Conference of the Association for Machine Translation in the Americas (Volume 2: Users and Providers Track and Government Track)",
    month = sep,
    year = "2022",
    address = "Orlando, USA",
    publisher = "Association for Machine Translation in the Americas",
    url = "https://aclanthology.org/2022.amta-upg.14",
    pages = "202--209"}
@inproceedings{yu-etal-2024-chain,
    title = "Chain-of-Note: Enhancing Robustness in Retrieval-Augmented Language Models",
    author = "Yu, Wenhao  and
      Zhang, Hongming  and
      Pan, Xiaoman  and
      Cao, Peixin  and
      Ma, Kaixin  and
      Li, Jian  and
      Wang, Hongwei  and
      Yu, Dong",
    editor = "Al-Onaizan, Yaser  and
      Bansal, Mohit  and
      Chen, Yun-Nung",
    booktitle = "Proceedings of the 2024 Conference on Empirical Methods in Natural Language Processing",
    month = nov,
    year = "2024",
    address = "Miami, Florida, USA",
    publisher = "Association for Computational Linguistics",
    url = "https://aclanthology.org/2024.emnlp-main.813/",
    doi = "10.18653/v1/2024.emnlp-main.813",
    pages = "14672--14685"}
@inproceedings{fernandes-etal-2021-measuring,
    title = "Measuring and Increasing Context Usage in Context-Aware Machine Translation",
    author = "Fernandes, Patrick  and
      Yin, Kayo  and
      Neubig, Graham  and
      Martins, Andr{\'e} F. T.",
    editor = "Zong, Chengqing  and
      Xia, Fei  and
      Li, Wenjie  and
      Navigli, Roberto",
    booktitle = "Proceedings of the 59th Annual Meeting of the Association for Computational Linguistics and the 11th International Joint Conference on Natural Language Processing (Volume 1: Long Papers)",
    month = aug,
    year = "2021",
    address = "Online",
    publisher = "Association for Computational Linguistics",
    url = "https://aclanthology.org/2021.acl-long.505/",
    doi = "10.18653/v1/2021.acl-long.505",
    pages = "6467--6478"}

@article{wang2023learning,
  title={Learning to filter context for retrieval-augmented generation},
  author={Wang, Zhiruo and Araki, Jun and Jiang, Zhengbao and Parvez, Md Rizwan and Neubig, Graham},
  journal={arXiv preprint arXiv:2311.08377},
  year={2023}
}
@inproceedings{wang-etal-2023-causal,
    title = "A Causal View of Entity Bias in (Large) Language Models",
    author = "Wang, Fei  and
      Mo, Wenjie  and
      Wang, Yiwei  and
      Zhou, Wenxuan  and
      Chen, Muhao",
    editor = "Bouamor, Houda  and
      Pino, Juan  and
      Bali, Kalika",
    booktitle = "Findings of the Association for Computational Linguistics: EMNLP 2023",
    month = dec,
    year = "2023",
    address = "Singapore",
    publisher = "Association for Computational Linguistics",
    url = "https://aclanthology.org/2023.findings-emnlp.1013/",
    doi = "10.18653/v1/2023.findings-emnlp.1013",
    pages = "15173--15184"}
@inproceedings{xu-etal-2024-knowledge-conflicts,
    title = "Knowledge Conflicts for {LLM}s: A Survey",
    author = "Xu, Rongwu  and
      Qi, Zehan  and
      Guo, Zhijiang  and
      Wang, Cunxiang  and
      Wang, Hongru  and
      Zhang, Yue  and
      Xu, Wei",
    editor = "Al-Onaizan, Yaser  and
      Bansal, Mohit  and
      Chen, Yun-Nung",
    booktitle = "Proceedings of the 2024 Conference on Empirical Methods in Natural Language Processing",
    month = nov,
    year = "2024",
    address = "Miami, Florida, USA",
    publisher = "Association for Computational Linguistics",
    url = "https://aclanthology.org/2024.emnlp-main.486/",
    doi = "10.18653/v1/2024.emnlp-main.486",
    pages = "8541--8565"}
@article{wei2024instructrag,
  title={InstructRAG: Instructing Retrieval-Augmented Generation with Explicit Denoising},
  author={Wei, Zhepei and Chen, Wei-Lin and Meng, Yu},
  journal={arXiv preprint arXiv:2406.13629},
  year={2024}
}
@misc{iyer2022opt,
      title={OPT-IML: Scaling Language Model Instruction Meta Learning through the Lens of Generalization}, 
      author={Iyer, Srinivasan and Lin, Xi Victoria and Pasunuru, Ramakanth and Mihaylov, Todor and Simig, D{\'a}niel and Yu, Ping and Shuster, Kurt and Wang, Tianlu and Liu, Qing and Koura, Punit Singh and others},
      year={2022},
      eprint={2212.12017},
      archivePrefix={arXiv},
      primaryClass={cs.CL}
}
@inproceedings{zhang-etal-2024-arl2,
    title = "{ARL}2: Aligning Retrievers with Black-box Large Language Models via Self-guided Adaptive Relevance Labeling",
    author = "Zhang, LingXi  and
      Yu, Yue  and
      Wang, Kuan  and
      Zhang, Chao",
    editor = "Ku, Lun-Wei  and
      Martins, Andre  and
      Srikumar, Vivek",
    booktitle = "Proceedings of the 62nd Annual Meeting of the Association for Computational Linguistics (Volume 1: Long Papers)",
    month = aug,
    year = "2024",
    address = "Bangkok, Thailand",
    publisher = "Association for Computational Linguistics",
    url = "https://aclanthology.org/2024.acl-long.203",
    doi = "10.18653/v1/2024.acl-long.203",
    pages = "3708--3719"}
@inproceedings{zamani2024stochastic,
  title={Stochastic rag: End-to-end retrieval-augmented generation through expected utility maximization},
  author={Zamani, Hamed and Bendersky, Michael},
  booktitle={Proceedings of the 47th International ACM SIGIR Conference on Research and Development in Information Retrieval},
  pages={2641--2646},
  year={2024}
}
@article{lin2023ra,
  title={Ra-dit: Retrieval-augmented dual instruction tuning},
  author={Lin, Xi Victoria and Chen, Xilun and Chen, Mingda and Shi, Weijia and Lomeli, Maria and James, Rich and Rodriguez, Pedro and Kahn, Jacob and Szilvasy, Gergely and Lewis, Mike and others},
  journal={arXiv preprint arXiv:2310.01352},
  year={2023}
}
@inproceedings{kim-etal-2023-tree,
    title = "Tree of Clarifications: Answering Ambiguous Questions with Retrieval-Augmented Large Language Models",
    author = "Kim, Gangwoo  and
      Kim, Sungdong  and
      Jeon, Byeongguk  and
      Park, Joonsuk  and
      Kang, Jaewoo",
    editor = "Bouamor, Houda  and
      Pino, Juan  and
      Bali, Kalika",
    booktitle = "Proceedings of the 2023 Conference on Empirical Methods in Natural Language Processing",
    month = dec,
    year = "2023",
    address = "Singapore",
    publisher = "Association for Computational Linguistics",
    url = "https://aclanthology.org/2023.emnlp-main.63",
    doi = "10.18653/v1/2023.emnlp-main.63",
    pages = "996--1009"}
@inproceedings{gao-etal-2023-precise,
    title = "Precise Zero-Shot Dense Retrieval without Relevance Labels",
    author = "Gao, Luyu  and
      Ma, Xueguang  and
      Lin, Jimmy  and
      Callan, Jamie",
    editor = "Rogers, Anna  and
      Boyd-Graber, Jordan  and
      Okazaki, Naoaki",
    booktitle = "Proceedings of the 61st Annual Meeting of the Association for Computational Linguistics (Volume 1: Long Papers)",
    month = jul,
    year = "2023",
    address = "Toronto, Canada",
    publisher = "Association for Computational Linguistics",
    url = "https://aclanthology.org/2023.acl-long.99",
    doi = "10.18653/v1/2023.acl-long.99",
    pages = "1762--1777"}
@article{hinton2015distilling,
  title={Distilling the Knowledge in a Neural Network},
  author={Hinton, Geoffrey},
  journal={arXiv preprint arXiv:1503.02531},
  year={2015}
}
@article{nogueira2019multi,
  title={Multi-stage document ranking with BERT},
  author={Nogueira, Rodrigo and Yang, Wei and Cho, Kyunghyun and Lin, Jimmy},
  journal={arXiv preprint arXiv:1910.14424},
  year={2019}
}
@article{hu2023aligning,
  title={Aligning language models with offline reinforcement learning from human feedback},
  author={Hu, Jian and Tao, Li and Yang, June and Zhou, Chandler},
  journal={arXiv preprint arXiv:2308.12050},
  year={2023}
}
@inproceedings{ghalandari-etal-2022-efficient,
    title = "Efficient Unsupervised Sentence Compression by Fine-tuning Transformers with Reinforcement Learning",
    author = "Ghalandari, Demian  and
      Hokamp, Chris  and
      Ifrim, Georgiana",
    editor = "Muresan, Smaranda  and
      Nakov, Preslav  and
      Villavicencio, Aline",
    booktitle = "Proceedings of the 60th Annual Meeting of the Association for Computational Linguistics (Volume 1: Long Papers)",
    month = may,
    year = "2022",
    address = "Dublin, Ireland",
    publisher = "Association for Computational Linguistics",
    url = "https://aclanthology.org/2022.acl-long.90",
    doi = "10.18653/v1/2022.acl-long.90",
    pages = "1267--1280"}
@inproceedings{deng-etal-2022-rlprompt,
    title = "{RLP}rompt: Optimizing Discrete Text Prompts with Reinforcement Learning",
    author = "Deng, Mingkai  and
      Wang, Jianyu  and
      Hsieh, Cheng-Ping  and
      Wang, Yihan  and
      Guo, Han  and
      Shu, Tianmin  and
      Song, Meng  and
      Xing, Eric  and
      Hu, Zhiting",
    editor = "Goldberg, Yoav  and
      Kozareva, Zornitsa  and
      Zhang, Yue",
    booktitle = "Proceedings of the 2022 Conference on Empirical Methods in Natural Language Processing",
    month = dec,
    year = "2022",
    address = "Abu Dhabi, United Arab Emirates",
    publisher = "Association for Computational Linguistics",
    url = "https://aclanthology.org/2022.emnlp-main.222",
    doi = "10.18653/v1/2022.emnlp-main.222",
    pages = "3369--3391"}
@article{bai2022constitutional,
  title={Constitutional ai: Harmlessness from ai feedback},
  author={Bai, Yuntao and Kadavath, Saurav and Kundu, Sandipan and Askell, Amanda and Kernion, Jackson and Jones, Andy and Chen, Anna and Goldie, Anna and Mirhoseini, Azalia and McKinnon, Cameron and others},
  journal={arXiv preprint arXiv:2212.08073},
  year={2022}
}
@article{bai2022training,
  title={Training a helpful and harmless assistant with reinforcement learning from human feedback},
  author={Bai, Yuntao and Jones, Andy and Ndousse, Kamal and Askell, Amanda and Chen, Anna and DasSarma, Nova and Drain, Dawn and Fort, Stanislav and Ganguli, Deep and Henighan, Tom and others},
  journal={arXiv preprint arXiv:2204.05862},
  year={2022}
}
@inproceedings{mao-etal-2021-reader,
    title = "Reader-Guided Passage Reranking for Open-Domain Question Answering",
    author = "Mao, Yuning  and
      He, Pengcheng  and
      Liu, Xiaodong  and
      Shen, Yelong  and
      Gao, Jianfeng  and
      Han, Jiawei  and
      Chen, Weizhu",
    editor = "Zong, Chengqing  and
      Xia, Fei  and
      Li, Wenjie  and
      Navigli, Roberto",
    booktitle = "Findings of the Association for Computational Linguistics: ACL-IJCNLP 2021",
    month = aug,
    year = "2021",
    address = "Online",
    publisher = "Association for Computational Linguistics",
    url = "https://aclanthology.org/2021.findings-acl.29",
    doi = "10.18653/v1/2021.findings-acl.29",
    pages = "344--350",
}
@inproceedings{ma-etal-2023-large,
    title = "Large Language Model Is Not a Good Few-shot Information Extractor, but a Good Reranker for Hard Samples!",
    author = "Ma, Yubo  and
      Cao, Yixin  and
      Hong, Yong  and
      Sun, Aixin",
    editor = "Bouamor, Houda  and
      Pino, Juan  and
      Bali, Kalika",
    booktitle = "Findings of the Association for Computational Linguistics: EMNLP 2023",
    month = dec,
    year = "2023",
    address = "Singapore",
    publisher = "Association for Computational Linguistics",
    url = "https://aclanthology.org/2023.findings-emnlp.710",
    doi = "10.18653/v1/2023.findings-emnlp.710",
    pages = "10572--10601"}
@article{yoran2023making,
  title={Making retrieval-augmented language models robust to irrelevant context},
  author={Yoran, Ori and Wolfson, Tomer and Ram, Ori and Berant, Jonathan},
  journal={arXiv preprint arXiv:2310.01558},
  year={2023}
}
@article{dong2024don,
  title={Don't Forget to Connect! Improving RAG with Graph-based Reranking},
  author={Dong, Jialin and Fatemi, Bahare and Perozzi, Bryan and Yang, Lin F and Tsitsulin, Anton},
  journal={arXiv preprint arXiv:2405.18414},
  year={2024}
}
@inproceedings{glass-etal-2022-re2g,
    title = "{R}e2{G}: Retrieve, Rerank, Generate",
    author = "Glass, Michael  and
      Rossiello, Gaetano  and
      Chowdhury, Md Faisal Mahbub  and
      Naik, Ankita  and
      Cai, Pengshan  and
      Gliozzo, Alfio",
    editor = "Carpuat, Marine  and
      de Marneffe, Marie-Catherine  and
      Meza Ruiz, Ivan Vladimir",
    booktitle = "Proceedings of the 2022 Conference of the North American Chapter of the Association for Computational Linguistics: Human Language Technologies",
    month = jul,
    year = "2022",
    address = "Seattle, United States",
    publisher = "Association for Computational Linguistics",
    url = "https://aclanthology.org/2022.naacl-main.194",
    doi = "10.18653/v1/2022.naacl-main.194",
    pages = "2701--2715"}
@article{wu2024beta,
  title={$beta$-DPO: Direct Preference Optimization with Dynamic $beta$},
  author={Wu, Junkang and Xie, Yuexiang and Yang, Zhengyi and Wu, Jiancan and Gao, Jinyang and Ding, Bolin and Wang, Xiang and He, Xiangnan},
  journal={arXiv preprint arXiv:2407.08639},
  year={2024}
}
@article{rafailov2024direct,
  title={Direct preference optimization: Your language model is secretly a reward model},
  author={Rafailov, Rafael and Sharma, Archit and Mitchell, Eric and Manning, Christopher D and Ermon, Stefano and Finn, Chelsea},
  journal={Advances in Neural Information Processing Systems},
  volume={36},
  year={2024}
}
@inproceedings{shi-etal-2024-replug,
    title = "{REPLUG}: Retrieval-Augmented Black-Box Language Models",
    author = "Shi, Weijia  and
      Min, Sewon  and
      Yasunaga, Michihiro  and
      Seo, Minjoon  and
      James, Richard  and
      Lewis, Mike  and
      Zettlemoyer, Luke  and
      Yih, Wen-tau",
    editor = "Duh, Kevin  and
      Gomez, Helena  and
      Bethard, Steven",
    booktitle = "Proceedings of the 2024 Conference of the North American Chapter of the Association for Computational Linguistics: Human Language Technologies (Volume 1: Long Papers)",
    month = jun,
    year = "2024",
    address = "Mexico City, Mexico",
    publisher = "Association for Computational Linguistics",
    url = "https://aclanthology.org/2024.naacl-long.463",
    doi = "10.18653/v1/2024.naacl-long.463",
    pages = "8371--8384"}
@article{li2022survey,
  title={A survey on retrieval-augmented text generation},
  author={Li, Huayang and Su, Yixuan and Cai, Deng and Wang, Yan and Liu, Lemao},
  journal={arXiv preprint arXiv:2202.01110},
  year={2022}
}
@article{cui2023ultrafeedback,
  title={Ultrafeedback: Boosting language models with high-quality feedback},
  author={Cui, Ganqu and Yuan, Lifan and Ding, Ning and Yao, Guanming and Zhu, Wei and Ni, Yuan and Xie, Guotong and Liu, Zhiyuan and Sun, Maosong},
  year={2023}
}
@article{bacciu2023rraml,
  title={RRAML: reinforced retrieval augmented machine learning},
  author={Bacciu, Andrea and Cuconasu, Florin and Siciliano, Federico and Silvestri, Fabrizio and Tonellotto, Nicola and Trappolini, Giovanni},
  journal={arXiv preprint arXiv:2307.12798},
  year={2023}
}
@article{yuan2024self,
  title={Self-rewarding language models},
  author={Yuan, Weizhe and Pang, Richard Yuanzhe and Cho, Kyunghyun and Sukhbaatar, Sainbayar and Xu, Jing and Weston, Jason},
  journal={arXiv preprint arXiv:2401.10020},
  year={2024}
}
@article{zhang2024generative,
  title={Generative verifiers: Reward modeling as next-token prediction},
  author={Zhang, Lunjun and Hosseini, Arian and Bansal, Hritik and Kazemi, Mehran and Kumar, Aviral and Agarwal, Rishabh},
  journal={arXiv preprint arXiv:2408.15240},
  year={2024}
}
@article{lee2023rlaif,
  title={Rlaif: Scaling reinforcement learning from human feedback with ai feedback},
  author={Lee, Harrison and Phatale, Samrat and Mansoor, Hassan and Lu, Kellie Ren and Mesnard, Thomas and Ferret, Johan and Bishop, Colton and Hall, Ethan and Carbune, Victor and Rastogi, Abhinav},
  year={2023}
}
@article{kwon2023reward,
  title={Reward design with language models},
  author={Kwon, Minae and Xie, Sang Michael and Bullard, Kalesha and Sadigh, Dorsa},
  journal={arXiv preprint arXiv:2303.00001},
  year={2023}
}
@inproceedings{park-etal-2024-offsetbias,
    title = "{O}ffset{B}ias: Leveraging Debiased Data for Tuning Evaluators",
    author = "Park, Junsoo  and
      Jwa, Seungyeon  and
      Meiying, Ren  and
      Kim, Daeyoung  and
      Choi, Sanghyuk",
    editor = "Al-Onaizan, Yaser  and
      Bansal, Mohit  and
      Chen, Yun-Nung",
    booktitle = "Findings of the Association for Computational Linguistics: EMNLP 2024",
    month = nov,
    year = "2024",
    address = "Miami, Florida, USA",
    publisher = "Association for Computational Linguistics",
    url = "https://aclanthology.org/2024.findings-emnlp.57/",
    doi = "10.18653/v1/2024.findings-emnlp.57",
    pages = "1043--1067"}
@article{chu2024qwen2,
  title={Qwen2-audio technical report},
  author={Chu, Yunfei and Xu, Jin and Yang, Qian and Wei, Haojie and Wei, Xipin and Guo, Zhifang and Leng, Yichong and Lv, Yuanjun and He, Jinzheng and Lin, Junyang and others},
  journal={arXiv preprint arXiv:2407.10759},
  year={2024}
}
@article{adler2024nemotron,
  title={Nemotron-4 340B Technical Report},
  author={Adler, Bo and Agarwal, Niket and Aithal, Ashwath and Anh, Dong H and Bhattacharya, Pallab and Brundyn, Annika and Casper, Jared and Catanzaro, Bryan and Clay, Sharon and Cohen, Jonathan and others},
  journal={arXiv preprint arXiv:2406.11704},
  year={2024}
}
@article{gao2023retrieval,
  title={Retrieval-augmented generation for large language models: A survey},
  author={Gao, Yunfan and Xiong, Yun and Gao, Xinyu and Jia, Kangxiang and Pan, Jinliu and Bi, Yuxi and Dai, Yi and Sun, Jiawei and Wang, Haofen},
  journal={arXiv preprint arXiv:2312.10997},
  year={2023}
}
@article{achiam2023gpt,
  title={Gpt-4 technical report},
  author={Achiam, Josh and Adler, Steven and Agarwal, Sandhini and Ahmad, Lama and Akkaya, Ilge and Aleman, Florencia Leoni and Almeida, Diogo and Altenschmidt, Janko and Altman, Sam and Anadkat, Shyamal and others},
  journal={arXiv preprint arXiv:2303.08774},
  year={2023}
}
@inproceedings{cuconasu2024power,
  title={The power of noise: Redefining retrieval for rag systems},
  author={Cuconasu, Florin and Trappolini, Giovanni and Siciliano, Federico and Filice, Simone and Campagnano, Cesare and Maarek, Yoelle and Tonellotto, Nicola and Silvestri, Fabrizio},
  booktitle={Proceedings of the 47th International ACM SIGIR Conference on Research and Development in Information Retrieval},
  pages={719--729},
  year={2024}
}
@article{ouyang2022training,
  title={Training language models to follow instructions with human feedback},
  author={Ouyang, Long and Wu, Jeffrey and Jiang, Xu and Almeida, Diogo and Wainwright, Carroll and Mishkin, Pamela and Zhang, Chong and Agarwal, Sandhini and Slama, Katarina and Ray, Alex and others},
  journal={Advances in neural information processing systems},
  volume={35},
  pages={27730--27744},
  year={2022}
}
@article{stiennon2020learning,
  title={Learning to summarize with human feedback},
  author={Stiennon, Nisan and Ouyang, Long and Wu, Jeffrey and Ziegler, Daniel and Lowe, Ryan and Voss, Chelsea and Radford, Alec and Amodei, Dario and Christiano, Paul F},
  journal={Advances in Neural Information Processing Systems},
  volume={33},
  pages={3008--3021},
  year={2020}
}
@article{ziegler2019finetuning,
  title={Fine-Tuning Language Models from Human Preferences},
  author={Ziegler, Daniel M. and Stiennon, Nisan and Wu, Jeffrey and Brown, Tom B. and Radford, Alec and Amodei, Dario and Christiano, Paul and Irving, Geoffrey},
  journal={arXiv preprint arXiv:1909.08593},
  url={https://arxiv.org/abs/1909.08593},
  year={2019}
}
@article{chen2023walking,
  title={Walking down the memory maze: Beyond context limit through interactive reading},
  author={Chen, Howard and Pasunuru, Ramakanth and Weston, Jason and Celikyilmaz, Asli},
  journal={arXiv preprint arXiv:2310.05029},
  year={2023}
}
@misc{bgeembedding,
      title={C-Pack: Packaged Resources To Advance General Chinese Embedding}, 
      author={Shitao Xiao and Zheng Liu and Peitian Zhang and Niklas Muennighoff},
      year={2023},
      eprint={2309.07597},
      archivePrefix={arXiv},
      primaryClass={cs.CL}
}
@article{pradeep2023rankzephyr,
  title={RankZephyr: Effective and Robust Zero-Shot Listwise Reranking is a Breeze!},
  author={Pradeep, Ronak and Sharifymoghaddam, Sahel and Lin, Jimmy},
  journal={arXiv preprint arXiv:2312.02724},
  year={2023}
}
@inproceedings{zhuang2023rankt5,
  title={Rankt5: Fine-tuning t5 for text ranking with ranking losses},
  author={Zhuang, Honglei and Qin, Zhen and Jagerman, Rolf and Hui, Kai and Ma, Ji and Lu, Jing and Ni, Jianmo and Wang, Xuanhui and Bendersky, Michael},
  booktitle={Proceedings of the 46th International ACM SIGIR Conference on Research and Development in Information Retrieval},
  pages={2308--2313},
  year={2023}
}

@inproceedings{sun-etal-2023-chatgpt,
    title = "Is {C}hat{GPT} Good at Search? Investigating Large Language Models as Re-Ranking Agents",
    author = "Sun, Weiwei  and
      Yan, Lingyong  and
      Ma, Xinyu  and
      Wang, Shuaiqiang  and
      Ren, Pengjie  and
      Chen, Zhumin  and
      Yin, Dawei  and
      Ren, Zhaochun",
    editor = "Bouamor, Houda  and
      Pino, Juan  and
      Bali, Kalika",
    booktitle = "Proceedings of the 2023 Conference on Empirical Methods in Natural Language Processing",
    month = dec,
    year = "2023",
    address = "Singapore",
    publisher = "Association for Computational Linguistics",
    url = "https://aclanthology.org/2023.emnlp-main.923/",
    doi = "10.18653/v1/2023.emnlp-main.923",
    pages = "14918--14937"}
@inproceedings{santhanam-etal-2022-colbertv2,
    title = "{C}ol{BERT}v2: Effective and Efficient Retrieval via Lightweight Late Interaction",
    author = "Santhanam, Keshav  and
      Khattab, Omar  and
      Saad-Falcon, Jon  and
      Potts, Christopher  and
      Zaharia, Matei",
    editor = "Carpuat, Marine  and
      de Marneffe, Marie-Catherine  and
      Meza Ruiz, Ivan Vladimir",
    booktitle = "Proceedings of the 2022 Conference of the North American Chapter of the Association for Computational Linguistics: Human Language Technologies",
    month = jul,
    year = "2022",
    address = "Seattle, United States",
    publisher = "Association for Computational Linguistics",
    url = "https://aclanthology.org/2022.naacl-main.272/",
    doi = "10.18653/v1/2022.naacl-main.272",
    pages = "3715--3734"}
@inproceedings{khattab2020colbert,
  title={Colbert: Efficient and effective passage search via contextualized late interaction over bert},
  author={Khattab, Omar and Zaharia, Matei},
  booktitle={Proceedings of the 43rd International ACM SIGIR conference on research and development in Information Retrieval},
  pages={39--48},
  year={2020}
}
@article{li2023angle,
  title={AnglE-optimized Text Embeddings},
  author={Li, Xianming and Li, Jing},
  journal={arXiv preprint arXiv:2309.12871},
  year={2023}
}
@inproceedings{hwang-etal-2024-dslr,
    title = "{DSLR}: Document Refinement with Sentence-Level Re-ranking and Reconstruction to Enhance Retrieval-Augmented Generation",
    author = "Hwang, Taeho  and
      Jeong, Soyeong  and
      Cho, Sukmin  and
      Han, SeungYoon  and
      Park, Jong",
    editor = "Yu, Wenhao  and
      Shi, Weijia  and
      Yasunaga, Michihiro  and
      Jiang, Meng  and
      Zhu, Chenguang  and
      Hajishirzi, Hannaneh  and
      Zettlemoyer, Luke  and
      Zhang, Zhihan",
    booktitle = "Proceedings of the 3rd Workshop on Knowledge Augmented Methods for NLP",
    month = aug,
    year = "2024",
    address = "Bangkok, Thailand",
    publisher = "Association for Computational Linguistics",
    url = "https://aclanthology.org/2024.knowledgenlp-1.6/",
    doi = "10.18653/v1/2024.knowledgenlp-1.6",
    pages = "73--92"}
@article{yuan2024self,
  title={Self-rewarding language models},
  author={Yuan, Weizhe and Pang, Richard Yuanzhe and Cho, Kyunghyun and Sukhbaatar, Sainbayar and Xu, Jing and Weston, Jason},
  journal={arXiv preprint arXiv:2401.10020},
  year={2024}
}
@article{asai2023self,
  title={Self-rag: Learning to retrieve, generate, and critique through self-reflection},
  author={Asai, Akari and Wu, Zeqiu and Wang, Yizhong and Sil, Avirup and Hajishirzi, Hannaneh},
  journal={arXiv preprint arXiv:2310.11511},
  year={2023}
}
@inproceedings{lei-etal-2024-corpus,
    title = "Corpus-Steered Query Expansion with Large Language Models",
    author = "Lei, Yibin  and
      Cao, Yu  and
      Zhou, Tianyi  and
      Shen, Tao  and
      Yates, Andrew",
    booktitle = "Proceedings of the 18th Conference of the European Chapter of the Association for Computational Linguistics (Volume 2: Short Papers)",
    month = mar,
    year = "2024",
    address = "St. Julian{'}s, Malta",
    publisher = "Association for Computational Linguistics",
    url = "https://aclanthology.org/2024.eacl-short.34",
    pages = "393--401",
}

@article{tan2024small,
  title={Small Models, Big Insights: Leveraging Slim Proxy Models To Decide When and What to Retrieve for LLMs},
  author={Tan, Jiejun and Dou, Zhicheng and Zhu, Yutao and Guo, Peidong and Fang, Kun and Wen, Ji-Rong},
  journal={arXiv preprint arXiv:2402.12052},
  year={2024}
}
@article{jiang-etal-2021-know,
    title = "How Can We Know When Language Models Know? On the Calibration of Language Models for Question Answering",
    author = "Jiang, Zhengbao  and
      Araki, Jun  and
      Ding, Haibo  and
      Neubig, Graham",
    journal = "Transactions of the Association for Computational Linguistics",
    volume = "9",
    year = "2021",
    url = "https://aclanthology.org/2021.tacl-1.57",
    doi = "10.1162/tacl_a_00407",
    pages = "962--977"
}
@inproceedings{jiang-etal-2023-active,
    title = "Active Retrieval Augmented Generation",
    author = "Jiang, Zhengbao  and
      Xu, Frank  and
      Gao, Luyu  and
      Sun, Zhiqing  and
      Liu, Qian  and
      Dwivedi-Yu, Jane  and
      Yang, Yiming  and
      Callan, Jamie  and
      Neubig, Graham",
    booktitle = "Proceedings of the 2023 Conference on Empirical Methods in Natural Language Processing",
    month = dec,
    year = "2023",
    address = "Singapore",
    publisher = "Association for Computational Linguistics",
    url = "https://aclanthology.org/2023.emnlp-main.495",
    doi = "10.18653/v1/2023.emnlp-main.495",
    pages = "7969--7992",

}

@inproceedings{
asai2024selfrag,
title={Self-{RAG}: Learning to Retrieve, Generate, and Critique through Self-Reflection},
author={Akari Asai and Zeqiu Wu and Yizhong Wang and Avirup Sil and Hannaneh Hajishirzi},
booktitle={The Twelfth International Conference on Learning Representations},
year={2024}
}
@inproceedings{xu2024recomp,
title={{RECOMP}: Improving Retrieval-Augmented {LM}s with Context Compression and Selective Augmentation},
author={Fangyuan Xu and Weijia Shi and Eunsol Choi},
booktitle={The 12th International Conference on Learning Representations},
year={2024}
}
@article{yu2023chain,
  title={Chain-of-note: Enhancing robustness in retrieval-augmented language models},
  author={Yu, Wenhao and Zhang, Hongming and Pan, Xiaoman and Ma, Kaixin and Wang, Hongwei and Yu, Dong},
  journal={arXiv preprint arXiv:2311.09210},
  year={2023}
}
@article{zhai2023investigating,
  title={Investigating the catastrophic forgetting in multimodal large language models},
  author={Zhai, Yuexiang and Tong, Shengbang and Li, Xiao and Cai, Mu and Qu, Qing and Lee, Yong Jae and Ma, Yi},
  journal={arXiv preprint arXiv:2309.10313},
  year={2023}
}
@article{izacard2022few,
  title={Few-shot learning with retrieval augmented language models},
  author={Izacard, Gautier and Lewis, Patrick and Lomeli, Maria and Hosseini, Lucas and Petroni, Fabio and Schick, Timo and Dwivedi-Yu, Jane and Joulin, Armand and Riedel, Sebastian and Grave, Edouard},
  journal={arXiv preprint arXiv:2208.03299},
  volume={1},
  number={2},
  pages={4},
  year={2022}
}
@article{Kotha2023UnderstandingCF,
  title={Understanding Catastrophic Forgetting in Language Models via Implicit Inference},
  author={Suhas Kotha and Jacob Mitchell Springer and Aditi Raghunathan},
  journal={ArXiv},
  year={2023},
  volume={abs/2309.10105},
  url={https://api.semanticscholar.org/CorpusID:262054014}
}
@inproceedings{maynez-etal-2020-faithfulness,
    title = {On Faithfulness and Factuality in Abstractive Summarization},
    author = {Maynez, Joshua  and
      Narayan, Shashi  and
      Bohnet, Bernd  and
      McDonald, Ryan},
    booktitle = {Proceedings of the 58th Annual Meeting of the Association for Computational Linguistics},
    month = {july},
    year = {2020}
}
@inproceedings{xia2017adapting,
  title={Adapting Markov decision process for search result diversification},
  author={Xia, Long and Xu, Jun and Lan, Yanyan and Guo, Jiafeng and Zeng, Wei and Cheng, Xueqi},
  booktitle={Proceedings of the 40th international ACM SIGIR conference on research and development in information retrieval},
  pages={535--544},
  year={2017}
}

@article{shao2023enhancing,
  title={Enhancing Retrieval-Augmented Large Language Models with Iterative Retrieval-Generation Synergy},
  author={Shao, Zhihong and Gong, Yeyun and Shen, Yelong and Huang, Minlie and Duan, Nan and Chen, Weizhu},
  journal={arXiv preprint arXiv:2305.15294},
  year={2023}
}
@article{ma2023query,
  title={Query Rewriting for Retrieval-Augmented Large Language Models},
  author={Ma, Xinbei and Gong, Yeyun and He, Pengcheng and Zhao, Hai and Duan, Nan},
  journal={arXiv preprint arXiv:2305.14283},
  year={2023}
}
@article{khattab2022demonstrate,
  title={Demonstrate-Search-Predict: Composing retrieval and language models for knowledge-intensive NLP},
  author={Khattab, Omar and Santhanam, Keshav and Li, Xiang Lisa and Hall, David and Liang, Percy and Potts, Christopher and Zaharia, Matei},
  journal={arXiv preprint arXiv:2212.14024},
  year={2022}
}
@article{yu2022generate,
  title={Generate rather than retrieve: Large language models are strong context generators},
  author={Yu, Wenhao and Iter, Dan and Wang, Shuohang and Xu, Yichong and Ju, Mingxuan and Sanyal, Soumya and Zhu, Chenguang and Zeng, Michael and Jiang, Meng},
  journal={arXiv preprint arXiv:2209.10063},
  year={2022}
}
@article{zhang2023retrieve,
  title={Retrieve anything to augment large language models},
  author={Zhang, Peitian and Xiao, Shitao and Liu, Zheng and Dou, Zhicheng and Nie, Jian-Yun},
  journal={arXiv preprint arXiv:2310.07554},
  year={2023}
}
@article{liu2023lost,
  title={Lost in the middle: How language models use long contexts},
  author={Liu, Nelson F and Lin, Kevin and Hewitt, John and Paranjape, Ashwin and Bevilacqua, Michele and Petroni, Fabio and Liang, Percy},
  journal={arXiv preprint arXiv:2307.03172},
  year={2023}
}
@article{kwiatkowski2019natural,
  title={Natural questions: a benchmark for question answering research},
  author={Kwiatkowski, Tom and Palomaki, Jennimaria and Redfield, Olivia and Collins, Michael and Parikh, Ankur and Alberti, Chris and Epstein, Danielle and Polosukhin, Illia and Devlin, Jacob and Lee, Kenton and others},
  journal={Transactions of the Association for Computational Linguistics},
  volume={7},
  pages={453--466},
  year={2019},
  publisher={MIT Press One Rogers Street, Cambridge, MA 02142-1209, USA journals-info~‚Ä¶}
}
@article{zhang2022tempera,
  title={Tempera: Test-time prompting via reinforcement learning},
  author={Zhang, Tianjun and Wang, Xuezhi and Zhou, Denny and Schuurmans, Dale and Gonzalez, Joseph E},
  journal={arXiv preprint arXiv:2211.11890},
  year={2022}
}
@inproceedings{dinan2019wizard,
  author={Emily Dinan and Stephen Roller and Kurt Shuster and Angela Fan and Michael Auli and Jason Weston},
  title={{W}izard of {W}ikipedia: Knowledge-powered Conversational Agents},
  booktitle = {Proceedings of the International Conference on Learning Representations (ICLR)},
  year={2019},
}
@inproceedings{ramamurthy2022reinforcement,
  title={Is reinforcement learning (not) for natural language processing: Benchmarks, baselines, and building blocks for natural language policy optimization},
  author={Ramamurthy, Rajkumar and Ammanabrolu, Prithviraj and Brantley, Kiant{\'e} and Hessel, Jack and Sifa, Rafet and Bauckhage, Christian and Hajishirzi, Hannaneh and Choi, Yejin},
  booktitle = {Proceedings of the International Conference on Learning Representations (ICLR)},
  year={2023},
}
@inproceedings{Thorne18Fever,
    author = {Thorne, James and Vlachos, Andreas and Christodoulopoulos, Christos and Mittal, Arpit},
    title = {{FEVER}: a Large-scale Dataset for Fact Extraction and {VERification}},
    booktitle = {NAACL-HLT},
    year = {2018}
}

@article{fan2019eli5,
  title={ELI5: Long form question answering},
  author={Fan, Angela and Jernite, Yacine and Perez, Ethan and Grangier, David and Weston, Jason and Auli, Michael},
  journal={arXiv preprint arXiv:1907.09190},
  year={2019}
}
@inproceedings{yang2018hotpotqa,
  title={{HotpotQA}: A Dataset for Diverse, Explainable Multi-hop Question Answering},
  author={Yang, Zhilin and Qi, Peng and Zhang, Saizheng and Bengio, Yoshua and Cohen, William W. and Salakhutdinov, Ruslan and Manning, Christopher D.},
  booktitle={Conference on Empirical Methods in Natural Language Processing ({EMNLP})},
  year={2018}
}
@InProceedings{JoshiTriviaQA2017,
     author = {Joshi, Mandar and Choi, Eunsol and Weld, Daniel S. and Zettlemoyer, Luke},
     title = {TriviaQA: A Large Scale Distantly Supervised Challenge Dataset for Reading Comprehension},
     booktitle = {Proceedings of the 55th Annual Meeting of the Association for Computational Linguistics},
     month = {July},
     year = {2017},
     address = {Vancouver, Canada},
     publisher = {Association for Computational Linguistics},
}