@article{abdi2015combat,
  title={To combat multi-class imbalanced problems by means of over-sampling techniques},
  author={Abdi, Lida and Hashemi, Sattar},
  journal={IEEE Transactions on Knowledge and Data Engineering},
  volume={28},
  number={1},
  pages={238--251},
  year={2015}
}

@inproceedings{bai2020few,
  title={Few shot network compression via cross distillation},
  author={Bai, Haoli and Wu, Jiaxiang and King, Irwin and Lyu, Michael},
  booktitle={Proceedings of the 34th AAAI Conference on Artificial Intelligence},
  pages={3203--3210},
  year={2020}
}

@article{chawla2002smote,
  title={SMOTE: {S}ynthetic minority over-sampling technique},
  author={Chawla, Nitesh V and Bowyer, Kevin W and Hall, Lawrence O and Kegelmeyer, W Philip},
  journal={Journal of Artificial Intelligence Research},
  volume={16},
  pages={321--357},
  year={2002}
}

@inproceedings{chawla2003smoteboost,
  title={SMOTEBoost: Improving prediction of the minority class in boosting},
  author={Chawla, Nitesh V and Lazarevic, Aleksandar and Hall, Lawrence O and Bowyer, Kevin W},
  booktitle={Proceedings of 7th European Conference on Principles and Practice of Knowledge Discovery in Databases},
  pages={107--119},
  year={2003}
}

@article{dong2017learning,
  title={Learning to prune deep neural networks via layer-wise optimal brain surgeon},
  author={Dong, Xin and Chen, Shangyu and Pan, Sinno},
  journal={Advances in Neural Information Processing Systems},
  volume={30},
  year={2017}
}

@incollection{fernandez2018cost,
  title={Cost-Sensitive Learning},
  author={Fern{\'a}ndez, Alberto and Garc{\'\i}a, Salvador and Galar, Mikel and Prati, Ronaldo C and Krawczyk, Bartosz and Herrera, Francisco and Fern{\'a}ndez, Alberto and Garc{\'\i}a, Salvador and Galar, Mikel and Prati, Ronaldo C and others},
  booktitle={Learning from Imbalanced Data Sets},
  address={Cham},
  pages={63--78},
  publisher={Springer},
  year={2018}
}

@article{galar2011review,
  title={A review on ensembles for the class imbalance problem: bagging-, boosting-, and hybrid-based approaches},
  author={Galar, Mikel and Fernandez, Alberto and Barrenechea, Edurne and Bustince, Humberto and Herrera, Francisco},
  journal={IEEE Transactions on Systems, Man, and Cybernetics, Part C},
  volume={42},
  number={4},
  pages={463--484},
  year={2011}
}

@article{he2024multi,
  author    = {Yi-Xiao He and Dan-Xuan Liu and Shen-Huan Lyu and Chao Qian and Zhi-Hua Zhou},
  title     = {Multi-class imbalance problem: {A} multi-objective solution},
  journal   = {Information Sciences},
  volume    = {680},
  pages     = {121156},
  year      = {2024}
}

@inproceedings{li2020few,
  title={Few sample knowledge distillation for efficient network compression},
  author={Li, Tianhong and Li, Jianguo and Liu, Zhuang and Zhang, Changshui},
  booktitle={Proceedings of the 32nd IEEE/CVF Conference on Computer Vision and Pattern Recognition},
  pages={14639--14647},
  year={2020}
}

@article{lin2017clustering,
  title={Clustering-based undersampling in class-imbalanced data},
  author={Lin, Wei-Chao and Tsai, Chih-Fong and Hu, Ya-Han and Jhang, Jing-Shang},
  journal={Information Sciences},
  volume={409},
  pages={17--26},
  year={2017}
}

@article{liu2008exploratory,
  title={Exploratory undersampling for class-imbalance learning},
  author={Liu, Xu-Ying and Wu, Jianxin and Zhou, Zhi-Hua},
  journal={IEEE Transactions on Systems, Man, and Cybernetics, Part B},
  volume={39},
  number={2},
  pages={539--550},
  year={2008}
}

@inproceedings{mohammed2020machine,
  title={Machine learning with oversampling and undersampling techniques: {O}verview study and experimental results},
  author={Mohammed, Roweida and Rawashdeh, Jumanah and Abdullah, Malak},
  booktitle={Proceedings of the 11th International Conference on Information and Communication Systems},
  pages={243--248},
  year={2020}
}

@article{ochal2023few,
  title={Few-shot learning with class imbalance},
  author={Ochal, Mateusz and Patacchiola, Massimiliano and Vazquez, Jose and Storkey, Amos and Wang, Sen},
  journal={IEEE Transactions on Artificial Intelligence},
  year={2023}
}

@inproceedings{sharma2022review,
  title={A review of the oversampling techniques in class imbalance problem},
  author={Sharma, Shweta and Gosain, Anjana and Jain, Shreya},
  booktitle={Proceedings of the 5th International Conference on Innovative Computing and Communications},
  pages={459--472},
  year={2022}
}

@inproceedings{wang2022mir,
  title={Compressing models with few samples: {M}imicking then replacing},
  author={Wang, Huanyu and Liu, Junjie and Ma, Xin and Yong, Yang and Chai, Zhenhua and Wu, Jianxin},
  booktitle={Proceedings of the 35th IEEE/CVF Conference on Computer Vision and Pattern Recognition},
  pages={701--710},
  year={2022}
}

@inproceedings{wang2023practical,
  title={Practical network acceleration with tiny sets},
  author={Wang, Guo-Hua and Wu, Jianxin},
  booktitle={Proceedings of the 36th IEEE/CVF Conference on Computer Vision and Pattern Recognition},
  pages={20331--20340},
  year={2023}
}

@article{zhou2005training,
  title={Training cost-sensitive neural networks with methods addressing the class imbalance problem},
  author={Zhou, Zhi-Hua and Liu, Xu-Ying},
  journal={IEEE Transactions on Knowledge and Data Engineering},
  volume={18},
  number={1},
  pages={63--77},
  year={2005}
}

@inproceedings{zhou2020bbn,
  title={Bbn: Bilateral-branch network with cumulative learning for long-tailed visual recognition},
  author={Zhou, Boyan and Cui, Quan and Wei, Xiu-Shen and Chen, Zhao-Min},
  booktitle={Proceedings of the 32rd IEEE/CVF Conference on Computer Vision and Pattern Recognition},
  pages={9719--9728},
  year={2020}
}

