@inproceedings{wei2022open,
  title={Open-sampling: Exploring out-of-distribution data for re-balancing long-tailed datasets},
  author={Wei, Hongxin and Tao, Lue and Xie, Renchunzi and Feng, Lei and An, Bo},
  booktitle={Proceedings of the 39th International Conference on Machine Learning},
  pages={23615--23630},
  year={2022}
}

@inproceedings{buciluǎ2006model,
  title={Model compression},
  author={Buciluǎ, Cristian and Caruana, Rich and Niculescu-Mizil, Alexandru},
  booktitle={Proceedings of the 12th ACM SIGKDD International Conference on Knowledge Discovery and Data Mining},
  pages={535--541},
  year={2006}
}

@article{li2023model,
  title={Model compression for deep neural networks: A survey},
  author={Li, Zhuo and Li, Hengyi and Meng, Lin},
  journal={Computers},
  volume={12},
  number={3},
  pages={60},
  year={2023}
}

@article{hinton2015distilling,
  title={Distilling the Knowledge in a Neural Network},
  author={Hinton, Geoffrey},
  journal={arXiv preprint arXiv:1503.02531},
  year={2015}
}

@inproceedings{hao2017pruning,
  author={Hao Li and Asim Kadav and Igor Durdanovic and Hanan Samet and Hans Peter Graf},
  title={Pruning Filters for Efficient ConvNets},
  booktitle={Proceedings of the 5th International Conference on Learning Representations},
  year={2017}
}

@inproceedings{nagel2019data,
  title={Data-free quantization through weight equalization and bias correction},
  author={Nagel, Markus and Baalen, Mart van and Blankevoort, Tijmen and Welling, Max},
  booktitle={Proceedings of the 17th IEEE/CVF International Conference on Computer Vision},
  pages={1325--1334},
  year={2019}
}

@article{dong2017learning,
  title={Learning to prune deep neural networks via layer-wise optimal brain surgeon},
  author={Dong, Xin and Chen, Shangyu and Pan, Sinno},
  journal={Advances in Neural Information Processing Systems},
  volume={30},
  year={2017}
}

@inproceedings{bai2020few,
  title={Few shot network compression via cross distillation},
  author={Bai, Haoli and Wu, Jiaxiang and King, Irwin and Lyu, Michael},
  booktitle={Proceedings of the 34th AAAI Conference on Artificial Intelligence},
  pages={3203--3210},
  year={2020}
}

@inproceedings{li2020few,
  title={Few sample knowledge distillation for efficient network compression},
  author={Li, Tianhong and Li, Jianguo and Liu, Zhuang and Zhang, Changshui},
  booktitle={Proceedings of the 32nd IEEE/CVF Conference on Computer Vision and Pattern Recognition},
  pages={14639--14647},
  year={2020}
}

@inproceedings{wang2022mir,
  title={Compressing models with few samples: {M}imicking then replacing},
  author={Wang, Huanyu and Liu, Junjie and Ma, Xin and Yong, Yang and Chai, Zhenhua and Wu, Jianxin},
  booktitle={Proceedings of the 35th IEEE/CVF Conference on Computer Vision and Pattern Recognition},
  pages={701--710},
  year={2022}
}

@inproceedings{wang2023practical,
  title={Practical network acceleration with tiny sets},
  author={Wang, Guo-Hua and Wu, Jianxin},
  booktitle={Proceedings of the 36th IEEE/CVF Conference on Computer Vision and Pattern Recognition},
  pages={20331--20340},
  year={2023}
}

@article{ochal2023few,
  title={Few-shot learning with class imbalance},
  author={Ochal, Mateusz and Patacchiola, Massimiliano and Vazquez, Jose and Storkey, Amos and Wang, Sen},
  journal={IEEE Transactions on Artificial Intelligence},
  year={2023}
}

@article{liu2008exploratory,
  title={Exploratory undersampling for class-imbalance learning},
  author={Liu, Xu-Ying and Wu, Jianxin and Zhou, Zhi-Hua},
  journal={IEEE Transactions on Systems, Man, and Cybernetics, Part B},
  volume={39},
  number={2},
  pages={539--550},
  year={2008}
}

@article{lin2017clustering,
  title={Clustering-based undersampling in class-imbalanced data},
  author={Lin, Wei-Chao and Tsai, Chih-Fong and Hu, Ya-Han and Jhang, Jing-Shang},
  journal={Information Sciences},
  volume={409},
  pages={17--26},
  year={2017}
}

@inproceedings{mohammed2020machine,
  title={Machine learning with oversampling and undersampling techniques: {O}verview study and experimental results},
  author={Mohammed, Roweida and Rawashdeh, Jumanah and Abdullah, Malak},
  booktitle={Proceedings of the 11th International Conference on Information and Communication Systems},
  pages={243--248},
  year={2020}
}

@article{chawla2002smote,
  title={SMOTE: {S}ynthetic minority over-sampling technique},
  author={Chawla, Nitesh V and Bowyer, Kevin W and Hall, Lawrence O and Kegelmeyer, W Philip},
  journal={Journal of Artificial Intelligence Research},
  volume={16},
  pages={321--357},
  year={2002}
}

@inproceedings{sharma2022review,
  title={A review of the oversampling techniques in class imbalance problem},
  author={Sharma, Shweta and Gosain, Anjana and Jain, Shreya},
  booktitle={Proceedings of the 5th International Conference on Innovative Computing and Communications},
  pages={459--472},
  year={2022}
}

@article{abdi2015combat,
  title={To combat multi-class imbalanced problems by means of over-sampling techniques},
  author={Abdi, Lida and Hashemi, Sattar},
  journal={IEEE Transactions on Knowledge and Data Engineering},
  volume={28},
  number={1},
  pages={238--251},
  year={2015}
}

@inproceedings{zhou2020bbn,
  title={Bbn: Bilateral-branch network with cumulative learning for long-tailed visual recognition},
  author={Zhou, Boyan and Cui, Quan and Wei, Xiu-Shen and Chen, Zhao-Min},
  booktitle={Proceedings of the 32rd IEEE/CVF Conference on Computer Vision and Pattern Recognition},
  pages={9719--9728},
  year={2020}
}

@article{zhou2005training,
  title={Training cost-sensitive neural networks with methods addressing the class imbalance problem},
  author={Zhou, Zhi-Hua and Liu, Xu-Ying},
  journal={IEEE Transactions on Knowledge and Data Engineering},
  volume={18},
  number={1},
  pages={63--77},
  year={2005}
}

@incollection{fernandez2018cost,
  title={Cost-Sensitive Learning},
  author={Fern{\'a}ndez, Alberto and Garc{\'\i}a, Salvador and Galar, Mikel and Prati, Ronaldo C and Krawczyk, Bartosz and Herrera, Francisco and Fern{\'a}ndez, Alberto and Garc{\'\i}a, Salvador and Galar, Mikel and Prati, Ronaldo C and others},
  booktitle={Learning from Imbalanced Data Sets},
  address={Cham},
  pages={63--78},
  publisher={Springer},
  year={2018}
}

@article{galar2011review,
  title={A review on ensembles for the class imbalance problem: bagging-, boosting-, and hybrid-based approaches},
  author={Galar, Mikel and Fernandez, Alberto and Barrenechea, Edurne and Bustince, Humberto and Herrera, Francisco},
  journal={IEEE Transactions on Systems, Man, and Cybernetics, Part C},
  volume={42},
  number={4},
  pages={463--484},
  year={2011}
}


@inproceedings{chawla2003smoteboost,
  title={SMOTEBoost: Improving prediction of the minority class in boosting},
  author={Chawla, Nitesh V and Lazarevic, Aleksandar and Hall, Lawrence O and Bowyer, Kevin W},
  booktitle={Proceedings of 7th European Conference on Principles and Practice of Knowledge Discovery in Databases},
  pages={107--119},
  year={2003}
}

@inproceedings{wang2009diversity,
  title={Diversity analysis on imbalanced data sets by using ensemble models},
  author={Wang, Shuo and Yao, Xin},
  booktitle={Proceedings of the 2nd IEEE Symposium on Computational Intelligence and Data Mining},
  pages={324--331},
  year={2009}
}

@article{fang2021mosaicking,
  title={Mosaicking to distill: Knowledge distillation from out-of-domain data},
  author={Fang, Gongfan and Bao, Yifan and Song, Jie and Wang, Xinchao and Xie, Donglin and Shen, Chengchao and Song, Mingli},
  journal={Advances in Neural Information Processing Systems 34},
  pages={11920--11932},
  year={2021}
}

@inproceedings{cui2019class,
  title={Class-balanced loss based on effective number of samples},
  author={Cui, Yin and Jia, Menglin and Lin, Tsung-Yi and Song, Yang and Belongie, Serge},
  booktitle={Proceedings of the 32nd IEEE/CVF Conference On Computer Vision and Pattern Recognition},
  pages={9268--9277},
  year={2019}
}

@inproceedings{yang2020rethinking,
  title={Rethinking the value of labels for improving class-imbalanced learning},
  author={Yang, Yuzhe and Xu, Zhi},
  booktitle={Advances in Neural Information Processing Systems 33},
  pages={19290--19301},
  year={2020}
}

@article{japkowicz2002class,
  title={The class imbalance problem: A systematic study},
  author={Japkowicz, Nathalie and Stephen, Shaju},
  journal={Intelligent Data Analysis},
  volume={6},
  number={5},
  pages={429--449},
  year={2002}
}

@techreport{krizhevsky2009learning,
  author={Alex Krizhevsky and Geoffrey Hinton},
  title={Learning multiple layers of features from tiny images},
  year={2009},
  institution={University of Toronto},
  number={UT-ML-TR-2009-001},
}

@inproceedings{liu2017learning,
  title={Learning efficient convolutional networks through network slimming},
  author={Liu, Zhuang and Li, Jianguo and Shen, Zhiqiang and Huang, Gao and Yan, Shoumeng and Zhang, Changshui},
  booktitle={Proceedings of the 16th the IEEE International Conference on Computer Vision},
  pages={2736--2744},
  year={2017}
}

@inproceedings{adrianafitnet2015,
  title={FitNets: Hints for Thin Deep Nets},
  author={Adriana Romero and Nicolas Ballas and Samira Ebrahimi Kahou and Antoine Chassang and Carlo Gatta and Yoshua Bengio},
  booktitle={Proceedings of 3rd International Conference on Learning Representations},
  pages={1--13},
  year={2015},
}

@inproceedings{yihuiChannel2017,
  title={Channel Pruning for Accelerating Very Deep Neural Networks},
  author= {Yihui He and Xiangyu Zhang and Jian Sun},
  booktitle={Proceedings of the 16th the IEEE International Conference on Computer Vision},
  pages={1398--1406},
  year={2017}
}

@article{he2024multi,
  author    = {Yi-Xiao He and Dan-Xuan Liu and Shen-Huan Lyu and Chao Qian and Zhi-Hua Zhou},
  title     = {Multi-class imbalance problem: {A} multi-objective solution},
  journal   = {Information Sciences},
  volume    = {680},
  pages     = {121156},
  year      = {2024}
}