@inproceedings{bhattexperimental,
    title = "An Experimental Design Framework for Label-Efficient Supervised Finetuning of Large Language Models",
  author={Bhatt, Gantavya and Chen, Yifang and Das, Arnav M and Zhang, Jifan and Truong, Sang T and Mussmann, Stephen and Zhu, Yinglun and Bilmes, Jeffrey and Du, Simon S and Jamieson, Kevin and others},
    booktitle = "Findings of the Association for Computational Linguistics: ACL 2024",
    month = aug,
    year = "2024",
    address = "Bangkok, Thailand",
    publisher = "Association for Computational Linguistics",
    doi = "10.18653/v1/2024.findings-acl.390",
    pages = "6549--6560",
}

@article{hubotter2024efficiently,
  title={Efficiently learning at test-time: Active fine-tuning of llms},
  author={H{\"u}botter, Jonas and Bongni, Sascha and Hakimi, Ido and Krause, Andreas},
  journal={arXiv preprint arXiv:2410.08020},
  year={2024}
}

@inproceedings{jainimproving,
  title={Improving Subgroup Robustness via Data Selection},
  year={2024},
  author={Jain, Saachi and Hamidieh, Kimia and Georgiev, Kristian and Ilyas, Andrew and Ghassemi, Marzyeh and Madry, Aleksander},
  booktitle={The Thirty-eighth Annual Conference on Neural Information Processing Systems}
}

@inproceedings{joaquin2024in2core,
  title={In2Core: Leveraging Influence Functions for Coreset Selection in Instruction Finetuning of Large Language Models},
  author={Joaquin, Ayrton and Wang, Bin and Liu, Zhengyuan and Muller, Philippe and Asher, Nicholas and Lim, Brian and Chen, Nancy},
  booktitle={Findings of the Association for Computational Linguistics: EMNLP 2024},
  pages={10324--10335},
  year={2024}
}

@inproceedings{lu2023instag,
  title={\# instag: Instruction tagging for analyzing supervised fine-tuning of large language models},
  author={Lu, Keming and Yuan, Hongyi and Yuan, Zheng and Lin, Runji and Lin, Junyang and Tan, Chuanqi and Zhou, Chang and Zhou, Jingren},
    year={2023},
  booktitle={The Twelfth International Conference on Learning Representations}
}

@article{park2023trak,
  title={Trak: Attributing model behavior at scale},
  author={Park, Sung Min and Georgiev, Kristian and Ilyas, Andrew and Leclerc, Guillaume and Madry, Aleksander},
  journal={arXiv preprint arXiv:2303.14186},
  year={2023}
}

@article{wu2023bloomberggpt,
  title={Bloomberggpt: A large language model for finance},
  author={Wu, Shijie and Irsoy, Ozan and Lu, Steven and Dabravolski, Vadim and Dredze, Mark and Gehrmann, Sebastian and Kambadur, Prabhanjan and Rosenberg, David and Mann, Gideon},
  journal={arXiv preprint arXiv:2303.17564},
  year={2023}
}

@inproceedings{xialess,
  title={LESS: Selecting Influential Data for Targeted Instruction Tuning},
    year={2024},
  author={Xia, Mengzhou and Malladi, Sadhika and Gururangan, Suchin and Arora, Sanjeev and Chen, Danqi},
  booktitle={Forty-first International Conference on Machine Learning}
}

@inproceedings{zhang2023xuanyuan,
  title={Xuanyuan 2.0: A large chinese financial chat model with hundreds of billions parameters},
  author={Zhang, Xuanyu and Yang, Qing},
  booktitle={Proceedings of the 32nd ACM international conference on information and knowledge management},
  pages={4435--4439},
  year={2023}
}

@article{zhao2024beyond,
  title={Beyond IID: Optimizing Instruction Learning from the Perspective of Instruction Interaction and Dependency},
  author={Zhao, Hanyu and Du, Li and Ju, Yiming and Wu, Chengwei and Pan, Tengfei},
  journal={arXiv preprint arXiv:2409.07045},
  year={2024}
}

