@article{akrout2019deep,
  title={Deep learning without weight transport},
  author={Akrout, Mohamed and Wilson, Collin and Humphreys, Peter and Lillicrap, Timothy and Tweed, Douglas B},
  journal={Advances in neural information processing systems},
  volume={32},
  year={2019}
}

@article{bartunov2018assessing,
  title={Assessing the scalability of biologically-motivated deep learning algorithms and architectures},
  author={Bartunov, Sergey and Santoro, Adam and Richards, Blake and Marris, Luke and Hinton, Geoffrey E and Lillicrap, Timothy},
  journal={Advances in neural information processing systems},
  volume={31},
  year={2018}
}

@article{caro2024translational,
  title={Translational symmetry in convolutions with localized kernels causes an implicit bias toward high frequency adversarial examples},
  author={Caro, Josue O and Ju, Yilong and Pyle, Ryan and Dey, Sourav and Brendel, Wieland and Anselmi, Fabio and Patel, Ankit B},
  journal={Frontiers in Computational Neuroscience},
  volume={18},
  year={2024},
  publisher={Frontiers Media SA}
}

@article{crafton2019direct,
  title={Direct feedback alignment with sparse connections for local learning},
  author={Crafton, Brian and Parihar, Abhinav and Gebhardt, Evan and Raychowdhury, Arijit},
  journal={Frontiers in neuroscience},
  volume={13},
  pages={450947},
  year={2019},
  publisher={Frontiers}
}

@article{crick1989recent,
  title={The recent excitement about neural networks.},
  author={Crick, Francis},
  journal={Nature},
  volume={337},
  number={6203},
  pages={129--132},
  year={1989}
}

@article{grossberg1987competitive,
  title={Competitive learning: From interactive activation to adaptive resonance},
  author={Grossberg, Stephen},
  journal={Cognitive science},
  volume={11},
  number={1},
  pages={23--63},
  year={1987},
  publisher={Elsevier}
}

@article{gunasekar2018implicit,
  title={Implicit bias of gradient descent on linear convolutional networks},
  author={Gunasekar, Suriya and Lee, Jason D and Soudry, Daniel and Srebro, Nati},
  journal={Advances in neural information processing systems},
  volume={31},
  year={2018}
}

@inproceedings{kolen1994backpropagation,
  title={Backpropagation without weight transport},
  author={Kolen, John F and Pollack, Jordan B},
  booktitle={Proceedings of 1994 IEEE International Conference on Neural Networks (ICNN'94)},
  volume={3},
  pages={1375--1380},
  year={1994},
  organization={IEEE}
}

@inproceedings{liao2016important,
  title={How important is weight symmetry in backpropagation?},
  author={Liao, Qianli and Leibo, Joel and Poggio, Tomaso},
  booktitle={Proceedings of the AAAI Conference on Artificial Intelligence},
  volume={30},
  year={2016}
}

@article{lillicrap2016random,
  title={Random synaptic feedback weights support error backpropagation for deep learning},
  author={Lillicrap, Timothy P and Cownden, Daniel and Tweed, Douglas B and Akerman, Colin J},
  journal={Nature communications},
  volume={7},
  number={1},
  pages={13276},
  year={2016},
  publisher={Nature Publishing Group UK London}
}

@article{patel2024learning,
  title={Learning to Compress: Local Rank and Information Compression in Deep Neural Networks},
  author={Patel, Niket and Shwartz-Ziv, Ravid},
  journal={arXiv preprint arXiv:2410.07687},
  year={2024}
}

@article{rumelhart1986learning,
  title={Learning representations by back-propagating errors},
  author={Rumelhart, David E and Hinton, Geoffrey E and Williams, Ronald J},
  journal={nature},
  volume={323},
  number={6088},
  pages={533--536},
  year={1986},
  publisher={Nature Publishing Group UK London}
}

