@article{grossberg1987competitive,
  title={Competitive learning: From interactive activation to adaptive resonance},
  author={Grossberg, Stephen},
  journal={Cognitive science},
  volume={11},
  number={1},
  pages={23--63},
  year={1987},
  publisher={Elsevier}
}

@article{crick1989recent,
  title={The recent excitement about neural networks.},
  author={Crick, Francis},
  journal={Nature},
  volume={337},
  number={6203},
  pages={129--132},
  year={1989}
}

@incollection{zipser1993neurobiological,
  title={The neurobiological significance of the new learning models},
  author={Zipser, David and Rumelhart, David E},
  booktitle={Computational neuroscience},
  pages={192--200},
  year={1993}
}

@article{lillicrap2016random,
  title={Random synaptic feedback weights support error backpropagation for deep learning},
  author={Lillicrap, Timothy P and Cownden, Daniel and Tweed, Douglas B and Akerman, Colin J},
  journal={Nature communications},
  volume={7},
  number={1},
  pages={13276},
  year={2016},
  publisher={Nature Publishing Group UK London}
}

@article{nokland2016direct,
  title={Direct feedback alignment provides learning in deep neural networks},
  author={N{\o}kland, Arild},
  journal={Advances in neural information processing systems},
  volume={29},
  year={2016}
}

@article{girotti2021convergence,
  title={Convergence analysis and implicit regularization of feedback alignment for deep linear networks},
  author={Girotti, Manuela and Mitliagkas, Ioannis and Gidel, Gauthier},
  journal={arXiv preprint arXiv:2110.10815},
  year={2021}
}


@inproceedings{liao2016important,
  title={How important is weight symmetry in backpropagation?},
  author={Liao, Qianli and Leibo, Joel and Poggio, Tomaso},
  booktitle={Proceedings of the AAAI Conference on Artificial Intelligence},
  volume={30},
  year={2016}
}

@article{bartunov2018assessing,
  title={Assessing the scalability of biologically-motivated deep learning algorithms and architectures},
  author={Bartunov, Sergey and Santoro, Adam and Richards, Blake and Marris, Luke and Hinton, Geoffrey E and Lillicrap, Timothy},
  journal={Advances in neural information processing systems},
  volume={31},
  year={2018}
}

@article{moskovitz2018feedback,
  title={Feedback alignment in deep convolutional networks},
  author={Moskovitz, Theodore H and Litwin-Kumar, Ashok and Abbott, LF},
  journal={arXiv preprint arXiv:1812.06488},
  year={2018}
}

@article{akrout2019deep,
  title={Deep learning without weight transport},
  author={Akrout, Mohamed and Wilson, Collin and Humphreys, Peter and Lillicrap, Timothy and Tweed, Douglas B},
  journal={Advances in neural information processing systems},
  volume={32},
  year={2019}
}

@inproceedings{kolen1994backpropagation,
  title={Backpropagation without weight transport},
  author={Kolen, John F and Pollack, Jordan B},
  booktitle={Proceedings of 1994 IEEE International Conference on Neural Networks (ICNN'94)},
  volume={3},
  pages={1375--1380},
  year={1994},
  organization={IEEE}
}

@article{rumelhart1986learning,
  title={Learning representations by back-propagating errors},
  author={Rumelhart, David E and Hinton, Geoffrey E and Williams, Ronald J},
  journal={nature},
  volume={323},
  number={6088},
  pages={533--536},
  year={1986},
  publisher={Nature Publishing Group UK London}
}


@article{crafton2019direct,
  title={Direct feedback alignment with sparse connections for local learning},
  author={Crafton, Brian and Parihar, Abhinav and Gebhardt, Evan and Raychowdhury, Arijit},
  journal={Frontiers in neuroscience},
  volume={13},
  pages={450947},
  year={2019},
  publisher={Frontiers}
}

@article{atick1990towards,
  title={Towards a theory of early visual processing},
  author={Atick, Joseph J and Redlich, A Norman},
  journal={Neural computation},
  volume={2},
  number={3},
  pages={308--320},
  year={1990},
  publisher={MIT Press}
}

@article{atick1992does,
  title={What does the retina know about natural scenes?},
  author={Atick, Joseph J and Redlich, A Norman},
  journal={Neural computation},
  volume={4},
  number={2},
  pages={196--210},
  year={1992},
  publisher={MIT Press}
}

@article{vincent2003synaptic,
  title={Synaptic energy efficiency in retinal processing},
  author={Vincent, Benjamin T and Baddeley, Roland J},
  journal={Vision research},
  volume={43},
  number={11},
  pages={1285--1292},
  year={2003},
  publisher={Elsevier}
}

@article{karklin2011efficient,
  title={Efficient coding of natural images with a population of noisy linear-nonlinear neurons},
  author={Karklin, Yan and Simoncelli, Eero},
  journal={Advances in neural information processing systems},
  volume={24},
  year={2011}
}

@article{doi2012efficient,
  title={Efficient coding of spatial information in the primate retina},
  author={Doi, Eizaburo and Gauthier, Jeffrey L and Field, Greg D and Shlens, Jonathon and Sher, Alexander and Greschner, Martin and Machado, Timothy A and Jepson, Lauren H and Mathieson, Keith and Gunning, Deborah E and others},
  journal={Journal of Neuroscience},
  volume={32},
  number={46},
  pages={16256--16264},
  year={2012},
  publisher={Soc Neuroscience}
}

@article{saxe2019mathematical,
  title={},
  author={Saxe, Andrew M and McClelland, James L and Ganguli, Surya},
  journal={Proceedings of the National Academy of Sciences},
  volume={116},
  number={23},
  pages={11537--11546},
  year={2019},
  publisher={National Acad Sciences}
}

@article{lindsey2019unified,
  title={A unified theory of early visual representations from retina to cortex through anatomically constrained deep CNNs},
  author={Lindsey, Jack and Ocko, Samuel A and Ganguli, Surya and Deny, Stephane},
  journal={arXiv preprint arXiv:1901.00945},
  year={2019}
}

@article{whittington2019theories,
  title={Theories of error back-propagation in the brain},
  author={Whittington, James CR and Bogacz, Rafal},
  journal={Trends in cognitive sciences},
  volume={23},
  number={3},
  pages={235--250},
  year={2019},
  publisher={Elsevier}
}

@inproceedings{refinetti2021align,
  title={Align, then memorise: the dynamics of learning with feedback alignment},
  author={Refinetti, Maria and dâ€™Ascoli, St{\'e}phane and Ohana, Ruben and Goldt, Sebastian},
  booktitle={International Conference on Machine Learning},
  pages={8925--8935},
  year={2021},
  organization={PMLR}
}

@article{saxe2013exact,
  title={Exact solutions to the nonlinear dynamics of learning in deep linear neural networks},
  author={Saxe, Andrew M and McClelland, James L and Ganguli, Surya},
  journal={arXiv preprint arXiv:1312.6120},
  year={2013}
}

@inproceedings{paoletti2019solving,
  title={Solving Deep Neural Networks with Ordinary Differential Equations for Remotely Sensed Hyperspectral Image Classification},
  author={Paoletti, Mercedes Eugenia and Haut, Juan Mario and Plaza, Javier and Plaza, A},
  booktitle={IGARSS 2019-2019 IEEE International Geoscience and Remote Sensing Symposium},
  pages={576--579},
  year={2019},
  organization={IEEE}
}

@article{oja1982simplified,
  title={Simplified neuron model as a principal component analyzer},
  author={Oja, Erkki},
  journal={Journal of mathematical biology},
  volume={15},
  pages={267--273},
  year={1982},
  publisher={Springer}
}

@inproceedings{johnson1984extensions,
  title={Extensions of Lipshitz mapping into Hilbert space},
  author={Johnson, William B},
  booktitle={Conference modern analysis and probability, 1984},
  pages={189--206},
  year={1984}
}

@article{bacho2024low,
  title={Low-variance Forward Gradients using Direct Feedback Alignment and momentum},
  author={Bacho, Florian and Chu, Dominique},
  journal={Neural Networks},
  volume={169},
  pages={572--583},
  year={2024},
  publisher={Elsevier}
}

@article{launay2019principled,
  title={Principled training of neural networks with direct feedback alignment},
  author={Launay, Julien and Poli, Iacopo and Krzakala, Florent},
  journal={arXiv preprint arXiv:1906.04554},
  year={2019}
}

@article{erhan2009visualizing,
  title={Visualizing higher-layer features of a deep network},
  author={Erhan, Dumitru and Bengio, Yoshua and Courville, Aaron and Vincent, Pascal},
  journal={University of Montreal},
  volume={1341},
  number={3},
  pages={1},
  year={2009}
}

@article{clopath2010connectivity,
  title={Connectivity reflects coding: a model of voltage-based STDP with homeostasis},
  author={Clopath, Claudia and B{\"u}sing, Lars and Vasilaki, Eleni and Gerstner, Wulfram},
  journal={Nature neuroscience},
  volume={13},
  number={3},
  pages={344--352},
  year={2010},
  publisher={Nature Publishing Group US New York}
}

@article{turrigiano2008self,
  title={The self-tuning neuron: synaptic scaling of excitatory synapses},
  author={Turrigiano, Gina G},
  journal={Cell},
  volume={135},
  number={3},
  pages={422--435},
  year={2008},
  publisher={Elsevier}
}

@article{pehlevan2015hebbian,
  title={A hebbian/anti-hebbian neural network for linear subspace learning: A derivation from multidimensional scaling of streaming data},
  author={Pehlevan, Cengiz and Hu, Tao and Chklovskii, Dmitri B},
  journal={Neural computation},
  volume={27},
  number={7},
  pages={1461--1495},
  year={2015},
  publisher={MIT Press}
}

@article{gunasekar2018implicit,
  title={Implicit bias of gradient descent on linear convolutional networks},
  author={Gunasekar, Suriya and Lee, Jason D and Soudry, Daniel and Srebro, Nati},
  journal={Advances in neural information processing systems},
  volume={31},
  year={2018}
}

@article{caro2024translational,
  title={Translational symmetry in convolutions with localized kernels causes an implicit bias toward high frequency adversarial examples},
  author={Caro, Josue O and Ju, Yilong and Pyle, Ryan and Dey, Sourav and Brendel, Wieland and Anselmi, Fabio and Patel, Ankit B},
  journal={Frontiers in Computational Neuroscience},
  volume={18},
  year={2024},
  publisher={Frontiers Media SA}
}

@article{liao2016learning,
  title={Learning deep parsimonious representations},
  author={Liao, Renjie and Schwing, Alex and Zemel, Richard and Urtasun, Raquel},
  journal={Advances in neural information processing systems},
  volume={29},
  year={2016}
}

@article{patel2024learning,
  title={Learning to Compress: Local Rank and Information Compression in Deep Neural Networks},
  author={Patel, Niket and Shwartz-Ziv, Ravid},
  journal={arXiv preprint arXiv:2410.07687},
  year={2024}
}

@article{lillicrap2020backpropagation,
  title={Backpropagation and the brain},
  author={Lillicrap, Timothy P and Santoro, Adam and Marris, Luke and Akerman, Colin J and Hinton, Geoffrey},
  journal={Nature Reviews Neuroscience},
  volume={21},
  number={6},
  pages={335--346},
  year={2020},
  publisher={Nature Publishing Group UK London}
}

@inproceedings{stork1989backpropagation,
  title={Is backpropagation biologically plausible?},
  author={Stork},
  booktitle={International 1989 Joint Conference on Neural Networks},
  pages={241--246},
  year={1989},
  organization={IEEE}
}

@article{chinta2012adaptive,
  title={Adaptive optimal control without weight transport},
  author={Chinta, Lakshminarayan V and Tweed, Douglas B},
  journal={Neural computation},
  volume={24},
  number={6},
  pages={1487--1518},
  year={2012},
  publisher={MIT Press}
}

@article{simonyan2014very,
  title={Very deep convolutional networks for large-scale image recognition},
  author={Simonyan, Karen and Zisserman, Andrew},
  journal={arXiv preprint arXiv:1409.1556},
  year={2014}
}

@article{vaswani2017attention,
  title={Attention is all you need},
  author={Vaswani, Ashish and Shazeer, Noam and Parmar, Niki and Uszkoreit, Jakob and Jones, Llion and Gomez, Aidan N and Kaiser, {\L}ukasz and Polosukhin, Illia},
  journal={Advances in neural information processing systems},
  volume={30},
  year={2017}
}

@article{khan2022transformers,
  title={Transformers in vision: A survey},
  author={Khan, Salman and Naseer, Muzammal and Hayat, Munawar and Zamir, Syed Waqas and Khan, Fahad Shahbaz and Shah, Mubarak},
  journal={ACM computing surveys (CSUR)},
  volume={54},
  number={10s},
  pages={1--41},
  year={2022},
  publisher={ACM New York, NY}
}

@article{dosovitskiy2020image,
  title={An image is worth 16x16 words: Transformers for image recognition at scale},
  author={Dosovitskiy, Alexey and Beyer, Lucas and Kolesnikov, Alexander and Weissenborn, Dirk and Zhai, Xiaohua and Unterthiner, Thomas and Dehghani, Mostafa and Minderer, Matthias and Heigold, Georg and Gelly, Sylvain and others},
  journal={arXiv preprint arXiv:2010.11929},
  year={2020}
}

@article{livni2014computational,
  title={On the computational efficiency of training neural networks},
  author={Livni, Roi and Shalev-Shwartz, Shai and Shamir, Ohad},
  journal={Advances in neural information processing systems},
  volume={27},
  year={2014}
}

@article{jacot2018neural,
  title={Neural tangent kernel: Convergence and generalization in neural networks},
  author={Jacot, Arthur and Gabriel, Franck and Hongler, Cl{\'e}ment},
  journal={Advances in neural information processing systems},
  volume={31},
  year={2018}
}

@inproceedings{sagun2017empirical,
  title={Empirical Analysis of the Hessian of Over-parameterized Neural Networks},
  author={Sagun, Levent and Bottou, L{\'e}on and LeCun, Yann},
  booktitle={Proceedings of the International Conference on Learning Representations (ICLR)},
  year={2017}
}

@inproceedings{zhang2017understanding,
  title={Understanding Deep Learning Requires Rethinking Generalization},
  author={Zhang, Chiyuan and Bengio, Samy and Hardt, Moritz and Recht, Benjamin and Vinyals, Oriol},
  booktitle={Proceedings of the International Conference on Learning Representations (ICLR)},
  year={2017}
}

@article{markov2014anatomy,
  title={Anatomy of hierarchy: feedforward and feedback pathways in macaque visual cortex},
  author={Markov, Nikola T and Vezoli, Julien and Chameau, Pascal and Falchier, Arnaud and Quilodran, Ren{\'e} and Huissoud, Cyril and Lamy, Camille and Misery, Pierre and Giroud, Pascale and Ullman, Shimon and others},
  journal={Journal of comparative neurology},
  volume={522},
  number={1},
  pages={225--259},
  year={2014},
  publisher={Wiley Online Library}
}

@article{engelhard2019specialized,
  title={Specialized coding of sensory, motor and cognitive variables in VTA dopamine neurons},
  author={Engelhard, Ben and Finkelstein, Joel and Cox, Julia and Fleming, Weston and Jang, Hee Jae and Ornelas, Sharon and Koay, Sue Ann and Thiberge, Stephan Y and Daw, Nathaniel D and Tank, David W and others},
  journal={Nature},
  volume={570},
  number={7762},
  pages={509--513},
  year={2019},
  publisher={Nature Publishing Group UK London}
}

@article{rao1999predictive,
  title={Predictive coding in the visual cortex: a functional interpretation of some extra-classical receptive-field effects},
  author={Rao, Rajesh PN and Ballard, Dana H},
  journal={Nature neuroscience},
  volume={2},
  number={1},
  pages={79--87},
  year={1999},
  publisher={Nature Publishing Group}
}

@article{whittington2017approximation,
  title={An approximation of the error backpropagation algorithm in a predictive coding network with local hebbian synaptic plasticity},
  author={Whittington, James CR and Bogacz, Rafal},
  journal={Neural computation},
  volume={29},
  number={5},
  pages={1229--1262},
  year={2017},
  publisher={MIT Press One Rogers Street, Cambridge, MA 02142-1209, USA journals-info~â€¦}
}

@article{scellier2017equilibrium,
  title={Equilibrium propagation: Bridging the gap between energy-based models and backpropagation},
  author={Scellier, Benjamin and Bengio, Yoshua},
  journal={Frontiers in computational neuroscience},
  volume={11},
  pages={24},
  year={2017},
  publisher={Frontiers Media SA}
}

@article{cohen2012neuron,
  title={Neuron-type-specific signals for reward and punishment in the ventral tegmental area},
  author={Cohen, Jeremiah Y and Haesler, Sebastian and Vong, Linh and Lowell, Bradford B and Uchida, Naoshige},
  journal={nature},
  volume={482},
  number={7383},
  pages={85--88},
  year={2012},
  publisher={Nature Publishing Group UK London}
}

@article{parker2016reward,
  title={Reward and choice encoding in terminals of midbrain dopamine neurons depends on striatal target},
  author={Parker, Nathan F and Cameron, Courtney M and Taliaferro, Joshua P and Lee, Junuk and Choi, Jung Yoon and Davidson, Thomas J and Daw, Nathaniel D and Witten, Ilana B},
  journal={Nature neuroscience},
  volume={19},
  number={6},
  pages={845--854},
  year={2016},
  publisher={Nature Publishing Group US New York}
}

@article{zhuang2021unsupervised,
  title={Unsupervised neural network models of the ventral visual stream},
  author={Zhuang, Chengxu and Yan, Siming and Nayebi, Aran and Schrimpf, Martin and Frank, Michael C and DiCarlo, James J and Yamins, Daniel LK},
  journal={Proceedings of the National Academy of Sciences},
  volume={118},
  number={3},
  pages={e2014196118},
  year={2021},
  publisher={National Academy of Sciences}
}

