@article{jagtap2020adaptive,  
    year = {2020},
    
    publisher = {Elsevier {BV}
    },
    
    volume = {404},
    
    pages = {109136},
    
    author = {Ameya D. Jagtap and Kenji Kawaguchi and George Em Karniadakis},
    
    title = {Adaptive activation functions accelerate convergence in deep and physics-informed neural networks},
    
    journal = {Journal of Computational Physics}
}

@article{li2020d3m,
  author={Li, Ke and Tang, Kejun and Wu, Tianfan and Liao, Qifeng},
  journal={IEEE Access}, 
  title={{D3M}: A {D}eep {D}omain {D}ecomposition {M}ethod for {P}artial {D}ifferential {E}quations}, 
  year={2020},
  volume={8},
  number={},
  pages={5283-5294}}

@InProceedings{muller2023achieving,
  title = 	 {Achieving {H}igh {A}ccuracy with {PINN}s via {E}nergy {N}atural {G}radient {D}escent},
  author =       {M\"{u}ller, Johannes and Zeinhofer, Marius},
  booktitle = 	 {Proceedings of the 40th International Conference on Machine Learning},
  year = 	 {2023}
}

@article{wang2021understanding,
    author = {Wang, Sifan and Teng, Yujun and Perdikaris, Paris},
    title = {Understanding and {M}itigating {G}radient {F}low {P}athologies in {P}hysics-{I}nformed {N}eural {N}etworks},
    journal = {SIAM Journal on Scientific Computing},
    volume = {43},
    number = {5},
    pages = {A3055-A3081},
    year = {2021},
}

@InProceedings{yao2023multiadam,
  title = 	 {{M}ulti{A}dam: Parameter-wise {S}cale-invariant {O}ptimizer for {M}ultiscale {T}raining of {P}hysics-informed {N}eural {N}etworks},
  author =       {Yao, Jiachen and Su, Chang and Hao, Zhongkai and Liu, Songming and Su, Hang and Zhu, Jun},
  booktitle = 	 {Proceedings of the 40th International Conference on Machine Learning},
  year = 	 {2023},
}

