@inproceedings{wu2023large,
  title={Large-scale contrastive language-audio pretraining with feature fusion and keyword-to-caption augmentation},
  author={Wu, Yusong and Chen, Ke and Zhang, Tianyu and Hui, Yuchen and Berg-Kirkpatrick, Taylor and Dubnov, Shlomo},
  booktitle={ICASSP 2023-2023 IEEE International Conference on Acoustics, Speech and Signal Processing (ICASSP)},
  year={2023},
  organization={IEEE}
}

@inproceedings{robertson1999okapi,
  title={Okapi/Keenbow at TREC-8.},
  author={Robertson, Stephen E and Walker, Steve},
  booktitle={TREC},
  year={1999}
}

@article{zhao2024llama,
  title={Llama beyond english: An empirical study on language capability transfer},
  author={Zhao, Jun and Zhang, Zhihao and Gao, Luhui and Zhang, Qi and Gui, Tao and Huang, Xuanjing},
  journal={arXiv preprint arXiv:2401.01055},
  year={2024}
}

@inproceedings{barkan2016item2vec,
  title={Item2vec: neural item embedding for collaborative filtering},
  author={Barkan, Oren and Koenigstein, Noam},
  booktitle={2016 IEEE 26th International Workshop on Machine Learning for Signal Processing (MLSP)},
  year={2016},
  organization={IEEE}
}

@article{team2024gemini,
  title={Gemini 1.5: Unlocking multimodal understanding across millions of tokens of context},
  author={Team, Gemini and Georgiev, Petko and Lei, Ving Ian and Burnell, Ryan and Bai, Libin and Gulati, Anmol and Tanzer, Garrett and Vincent, Damien and Pan, Zhufeng and Wang, Shibo and others},
  journal={arXiv preprint arXiv:2403.05530},
  year={2024}
}

@article{muennighoff2022mteb,
  title={MTEB: Massive text embedding benchmark},
  author={Muennighoff, Niklas and Tazi, Nouamane and Magne, Lo{\"\i}c and Reimers, Nils},
  journal={arXiv preprint arXiv:2210.07316},
  year={2022}
}

@article{lee2024nv,
  title={NV-Embed: Improved Techniques for Training {LLMs} as Generalist Embedding Models},
  author={Lee, Chankyu and Roy, Rajarshi and Xu, Mengyao and Raiman, Jonathan and Shoeybi, Mohammad and Catanzaro, Bryan and Ping, Wei},
  journal={arXiv preprint arXiv:2405.17428},
  year={2024}
}

@inproceedings{oramas2017deep,
  title={A deep multimodal approach for cold-start music recommendation},
  author={Oramas, Sergio and Nieto, Oriol and Sordo, Mohamed and Serra, Xavier},
  booktitle={Proceedings of the 2nd workshop on deep learning for recommender systems},
  pages={32--37},
  year={2017}
}

@article{van2013deep,
  title={Deep content-based music recommendation},
  author={Van den Oord, Aaron and Dieleman, Sander and Schrauwen, Benjamin},
  journal={Advances in neural information processing systems},
  volume={26},
  year={2013}
}

@article{tal2024joint,
  title={Joint Audio and Symbolic Conditioning for Temporally Controlled Text-to-Music Generation},
  author={Tal, Or and Ziv, Alon and Gat, Itai and Kreuk, Felix and Adi, Yossi},
  journal={arXiv preprint arXiv:2406.10970},
  year={2024}
}

@inproceedings{chen2018recsys,
  title={Recsys challenge 2018: Automatic music playlist continuation},
  author={Chen, Ching-Wei and Lamere, Paul and Schedl, Markus and Zamani, Hamed},
  booktitle={Proceedings of the 12th ACM Conference on Recommender Systems},
  pages={527--528},
  year={2018}
}

@article{choi2018effects,
  title={The effects of noisy labels on deep convolutional neural networks for music tagging},
  author={Choi, Keunwoo and Fazekas, Gy{\"o}rgy and Cho, Kyunghyun and Sandler, Mark},
  journal={IEEE Transactions on Emerging Topics in Computational Intelligence},
  year={2018},
}

@inproceedings{robertson1994m,
  title={M. Hancock-Beaulieu, M., and Gatford, M.(1995). Okapi at TREC-3},
  author={Robertson, SE and Walker, S and Jones, S},
  booktitle={The Third Text REtrieval Conference (TREC-3)},
  year={1994}
}

@article{izacard2021unsupervised,
  title={Unsupervised dense information retrieval with contrastive learning},
  author={Izacard, Gautier and Caron, Mathilde and Hosseini, Lucas and Riedel, Sebastian and Bojanowski, Piotr and Joulin, Armand and Grave, Edouard},
  journal={arXiv preprint arXiv:2112.09118},
  year={2021}
}

@article{oord2018representation,
  title={Representation learning with contrastive predictive coding},
  author={Oord, Aaron van den and Li, Yazhe and Vinyals, Oriol},
  journal={arXiv:1807.03748},
  year={2018}
}

@article{korzeniowski2018genre,
  title={Genre-agnostic key classification with convolutional neural networks},
  author={Korzeniowski, Filip and Widmer, Gerhard},
  journal={arXiv preprint arXiv:1808.05340},
  year={2018}
}

@inproceedings{bock2019multi,
  title={Multi-Task Learning of Tempo and Beat: Learning One to Improve the Other.},
  author={B{\"o}ck, Sebastian and Davies, Matthew EP and Knees, Peter},
  booktitle={International Society for Music Information Retrieval (ISMIR)},
  year={2019}
}

@inproceedings{liu2024music,
  title={Music understanding llama: Advancing text-to-music generation with question answering and captioning},
  author={Liu, Shansong and Hussain, Atin Sakkeer and Sun, Chenshuo and Shan, Ying},
  booktitle={ICASSP 2024-2024 IEEE International Conference on Acoustics, Speech and Signal Processing (ICASSP)},
  year={2024},
}

@inproceedings{doh2024enriching,
  title={Enriching Music Descriptions with A Finetuned-{LLM} and Metadata for Text-to-Music Retrieval},
  author={Doh, SeungHeon and Lee, Minhee and Jeong, Dasaem and Nam, Juhan},
  booktitle={ICASSP 2024-2024 IEEE International Conference on Acoustics, Speech and Signal Processing (ICASSP)},
  year={2024},
}
@inproceedings{bock2016madmom,
  title={Madmom: A new python audio and music signal processing library},
  author={B{\"o}ck, Sebastian and Korzeniowski, Filip and Schl{\"u}ter, Jan and Krebs, Florian and Widmer, Gerhard},
  booktitle={Proceedings of the 24th ACM international conference on Multimedia},
  year={2016}
}
@inproceedings{korzeniowski2021artist,
  title={Artist similarity with graph neural networks},
  author={Korzeniowski, Filip and Oramas, Sergio and Gouyon, Fabien},
  booktitle={International Society for Music Information Retrieval (ISMIR)},
  year={2021}
}

@inproceedings{hu2008collaborative,
  title={Collaborative filtering for implicit feedback datasets},
  author={Hu, Yifan and Koren, Yehuda and Volinsky, Chris},
  booktitle={2008 Eighth IEEE international conference on data mining},
  year={2008},
}
@inproceedings{mcfee2012hypergraph,
  title={Hypergraph models of playlist dialects.},
  author={McFee, Brian and Lanckriet, Gert RG},
  booktitle={International Society for Music Information Retrieval (ISMIR)},
  year={2012}
}
@inproceedings{won2021transformer,
  title={Semi-supervised music tagging transformer},
  author={Won, Minz and Choi, Keunwoo and Serra, Xavier},
  booktitle={International Society for Music Information Retrieval (ISMIR)},
  year={2021}
}

@inproceedings{schindler2019multi,
  title={Multi-Task Music Representation Learning from Multi-Label Embeddings},
  author={Schindler, Alexander and Knees, Peter},
  booktitle={Proc. International Conference on Content-Based Multimedia Indexing (CBMI)},
  year={2019},
  
}

@inproceedings{won2020multimodal,
  title={Multimodal Metric Learning for Tag-based Music Retrieval},
  author={Won, Minz and Oramas, Sergio and Nieto, Oriol and Gouyon, Fabien and Serra, Xavier},
  booktitle={IEEE International Conference on Acoustics, Speech and Signal Processing (ICASSP)},
  year={2020}
}
@inproceedings{bertin2011million,
  title={The million song dataset},
  author={Bertin-Mahieux, Thierry and Ellis, Daniel PW and Whitman, Brian and Lamere, Paul},
  booktitle={International Society for Music Information Retrieval (ISMIR)},
  year={2011}
}

@inproceedings{schreiber2015improving,
  title={Improving Genre Annotations for the Million Song Dataset.},
  author={Schreiber, Hendrik},
  booktitle={International Society for Music Information Retrieval (ISMIR)},
  year={2015}
}

@inproceedings{johnson2017clevr,
  title={Clevr: A diagnostic dataset for compositional language and elementary visual reasoning},
  author={Johnson, Justin and Hariharan, Bharath and Van Der Maaten, Laurens and Fei-Fei, Li and Lawrence Zitnick, C and Girshick, Ross},
  booktitle={Proceedings of the IEEE conference on computer vision and pattern recognition},
  year={2017}
}

@article{krippendorff2009testing,
  title={Testing the reliability of content analysis data},
  author={Krippendorff, Klaus},
  journal={The content analysis reader},
  year={2009},
  publisher={Sage Publications Thousand Oaks, CA}
}

@inproceedings{epure2023human,
  title={A Human Subject Study of Named Entity Recognition in Conversational Music Recommendation Queries},
  author={Epure, Elena and Hennequin, Romain},
  booktitle={Proceedings of the 17th Conference of the European Chapter of the Association for Computational Linguistics},
  year={2023}
}

@misc{liljeqvist2016named,
  title={Named entity recognition for search queries in the music domain},
  author={Liljeqvist, Sandra},
  year={2016}
}

@article{ellis2007classifying,
  title={Classifying music audio with timbral and chroma features},
  author={Ellis, Daniel PW},
  year={2007}
}

@article{lee2010analysis,
  title={Analysis of user needs and information features in natural language queries seeking music information},
  author={Lee, Jin Ha},
  journal={Journal of the American Society for Information Science and Technology},
  year={2010},
  publisher={Wiley Online Library}
}

@article{bainbridge2003people,
  title={How people describe their music information needs: A grounded theory analysis of music queries},
  author={Bainbridge, David and Cunningham, Sally Jo and Downie, J Stephen},
  year={2003},
  publisher={Johns Hopkins University}
}

@article{downie2002toward,
  title={Toward a theory of music information retrieval queries: System design implications},
  author={Downie, J Stephen and Cunningham, Sally Jo},
  year={2002}
}

@article{choi2023towards,
  title={Towards a new interface for music listening: A user experience study on youtube},
  author={Choi, Ahyeon and Shin, Eunsik and Joung, Haesun and Lee, Joongseek and Lee, Kyogu},
  journal={arXiv preprint arXiv:2307.14718},
  year={2023}
}

@inproceedings{lee2020music,
  title={How Music Fans Shape Commercial Music Services: A Case Study of BTS and ARMY.},
  author={Lee, Jin Ha and Nguyen, Anh Thu},
  booktitle={International Society for Music Information Retrieval (ISMIR)},
  year={2020}
}

@inproceedings{cai2020predicting,
  title={Predicting user intents and satisfaction with dialogue-based conversational recommendations},
  author={Cai, Wanling and Chen, Li},
  booktitle={Proceedings of the 28th ACM Conference on User Modeling, Adaptation and Personalization},
  year={2020}
}

@inproceedings{li2019search,
  title={Search mindsets: Understanding focused and non-focused information seeking in music search},
  author={Li, Ang and Thom, Jennifer and Chandar, Praveen and Hosey, Christine and Thomas, Brian St and Garcia-Gathright, Jean},
  booktitle={The World Wide Web Conference},
  year={2019}
}

@inproceedings{tomasi2020query,
  title={Query understanding for surfacing under-served music content},
  author={Tomasi, Federico and Mehrotra, Rishabh and Pappu, Aasish and B{\"u}tepage, Judith and Brost, Brian and Galv{\~a}o, Hugo and Lalmas, Mounia},
  booktitle={Proceedings of the 29th ACM International Conference on Information \& Knowledge Management}, 
  year={2020}
}

@article{glaser1968discovery,
  title={The discovery of grounded theory; strategies for qualitative research},
  author={Glaser, Barney G and Strauss, Anselm L and Strutzel, Elizabeth},
  journal={Nursing research},
  year={1968},
}

@inproceedings{dai2022dialog,
  title={Dialog inpainting: Turning documents into dialogs},
  author={Dai, Zhuyun and Chaganty, Arun Tejasvi and Zhao, Vincent Y and Amini, Aida and Rashid, Qazi Mamunur and Green, Mike and Guu, Kelvin},
  booktitle={International Conference on Machine Learning (ICML)},
  year={2022}
}

@inproceedings{he2023large,
  title={Large language models as zero-shot conversational recommenders},
  author={He, Zhankui and Xie, Zhouhang and Jha, Rahul and Steck, Harald and Liang, Dawen and Feng, Yesu and Majumder, Bodhisattwa Prasad and Kallus, Nathan and McAuley, Julian},
  booktitle={Proceedings of the 32nd ACM international conference on information and knowledge management},
  year={2023}
}

@article{dinan2018wizard,
  title={Wizard of wikipedia: Knowledge-powered conversational agents},
  author={Dinan, Emily and Roller, Stephen and Shuster, Kurt and Fan, Angela and Auli, Michael and Weston, Jason},
  journal={arXiv preprint arXiv:1811.01241},
  year={2018}
}

@article{jannach2021survey,
  title={A survey on conversational recommender systems},
  author={Jannach, Dietmar and Manzoor, Ahtsham and Cai, Wanling and Chen, Li},
  journal={ACM Computing Surveys (CSUR)},
  year={2021},
  publisher={ACM New York, NY, USA}
}
@inproceedings{christakopoulou2016towards,
  title={Towards conversational recommender systems},
  author={Christakopoulou, Konstantina and Radlinski, Filip and Hofmann, Katja},
  booktitle={Proceedings of the 22nd ACM SIGKDD international conference on knowledge discovery and data mining},
  year={2016}
}

@article{li2018towards,
  title={Towards deep conversational recommendations},
  author={Li, Raymond and Ebrahimi Kahou, Samira and Schulz, Hannes and Michalski, Vincent and Charlin, Laurent and Pal, Chris},
  journal={Advances in neural information processing systems (NeurIPS)},
  year={2018}
}
@inproceedings{chaganty2023beyond,
  title={Beyond single items: Exploring user preferences in item sets with the conversational playlist curation dataset},
  author={Chaganty, Arun Tejasvi and Leszczynski, Megan and Zhang, Shu and Ganti, Ravi and Balog, Krisztian and Radlinski, Filip},
  booktitle={Proceedings of the 46th International ACM SIGIR Conference on Research and Development in Information Retrieval},
  year={2023}
}

@article{leszczynski2023talk,
  title={Talk the Walk: Synthetic Data Generation for Conversational Music Recommendation},
  author={Leszczynski, Megan and Zhang, Shu and Ganti, Ravi and Balog, Krisztian and Radlinski, Filip and Pereira, Fernando and Chaganty, Arun Tejasvi},
  journal={arXiv preprint arXiv:2301.11489},
  year={2023}
}

@inproceedings{manco2022learning,
  title={Learning music audio representations via weak language supervision},
  author={Manco, Ilaria and Benetos, Emmanouil and Quinton, Elio and Fazekas, Gy{\"o}rgy},
  booktitle={ICASSP 2022-2022 IEEE International Conference on Acoustics, Speech and Signal Processing (ICASSP)},
  year={2022},
}

@inproceedings{choi2019zero,
  title={Zero-shot learning for audio-based music classification and tagging},
  author={Choi, Jeong and Lee, Jongpil and Park, Jiyoung and Nam, Juhan},
  booktitle={International Society for Music Information Retrieval (ISMIR)},
  year      = {2019}
}

@article{turnbull2008semantic,
  title={Semantic annotation and retrieval of music and sound effects},
  author={Turnbull, Douglas and Barrington, Luke and Torres, David and Lanckriet, Gert},
  journal={IEEE Transactions on Audio, Speech, and Language Processing},
  year={2008}
}

@article{nam2018deep,
  title={Deep learning for audio-based music classification and tagging: Teaching computers to distinguish rock from bach},
  author={Nam, Juhan and Choi, Keunwoo and Lee, Jongpil and Chou, Szu-Yu and Yang, Yi-Hsuan},
  journal={IEEE signal processing magazine},
  year={2018},
}

@article{achiam2023gpt,
  title={Gpt-4 technical report},
  author={Achiam, Josh and Adler, Steven and Agarwal, Sandhini and Ahmad, Lama and Akkaya, Ilge and Aleman, Florencia Leoni and Almeida, Diogo and Altenschmidt, Janko and Altman, Sam and Anadkat, Shyamal and others},
  journal={arXiv preprint arXiv:2303.08774},
  year={2023}
}

@article{manco2023song,
  title={The Song Describer Dataset: A corpus of audio captions for music-and-language evaluation},
  author={Manco, Ilaria and Weck, Benno and Doh, Seungheon and Won, Minz and Zhang, Yixiao and Bodganov, Dmitry and Wu, Yusong and Chen, Ke and Tovstogan, Philip and Benetos, Emmanouil and others},
  journal={arXiv preprint arXiv:2311.10057},
  year={2023}
}

@article{agostinelli2023musiclm,
  title={Musiclm: Generating music from text},
  author={Agostinelli, Andrea and Denk, Timo I and Borsos, Zal{\'a}n and Engel, Jesse and Verzetti, Mauro and Caillon, Antoine and Huang, Qingqing and Jansen, Aren and Roberts, Adam and Tagliasacchi, Marco and others},
  journal={arXiv preprint arXiv:2301.11325},
  year={2023}
}

@article{wu2023music,
  title={Music ControlNet: Multiple time-varying controls for music generation},
  author={Wu, Shih-Lun and Donahue, Chris and Watanabe, Shinji and Bryan, Nicholas J},
  journal={arXiv preprint arXiv:2311.07069},
  year={2023}
}

@article{novack2024ditto,
  title={DITTO: Diffusion Inference-Time T-Optimization for Music Generation},
  author={Novack, Zachary and McAuley, Julian and Berg-Kirkpatrick, Taylor and Bryan, Nicholas J},
  journal={arXiv preprint arXiv:2401.12179},
  year={2024}
}

@article{copet2024simple,
  title={Simple and controllable music generation},
  author={Copet, Jade and Kreuk, Felix and Gat, Itai and Remez, Tal and Kant, David and Synnaeve, Gabriel and Adi, Yossi and D{\'e}fossez, Alexandre},
  journal={Advances in Neural Information Processing Systems},
  volume={36},
  year={2024}
}

@article{chen2023musicldm,
  title={MusicLDM: Enhancing novelty in text-to-music generation using beat-synchronous mixup strategies},
  author={Chen, Ke and Wu, Yusong and Liu, Haohe and Nezhurina, Marianna and Berg-Kirkpatrick, Taylor and Dubnov, Shlomo},
  journal={arXiv preprint arXiv:2308.01546},
  year={2023}
}

@inproceedings{doh2023toward,
  title={Toward universal text-to-music retrieval},
  author={Doh, SeungHeon and Won, Minz and Choi, Keunwoo and Nam, Juhan},
  booktitle={ICASSP 2023-2023 IEEE International Conference on Acoustics, Speech and Signal Processing (ICASSP)},
  year={2023},
  
}

@inproceedings{manco2021muscaps,
  title={Muscaps: Generating captions for music audio},
  author={Manco, Ilaria and Benetos, Emmanouil and Quinton, Elio and Fazekas, Gy{\"o}rgy},
  booktitle={2021 International Joint Conference on Neural Networks (IJCNN)},
  year={2021},
  
}

@article{gardner2023llark,
  title={Llark: A multimodal foundation model for music},
  author={Gardner, Josh and Durand, Simon and Stoller, Daniel and Bittner, Rachel M},
  journal={arXiv preprint arXiv:2310.07160},
  year={2023}
}

@article{doh2023lp,
  title={{LP}-musiccaps: {LLM}-based pseudo music captioning},
  author={Doh, SeungHeon and Choi, Keunwoo and Lee, Jongpil and Nam, Juhan},
  journal={International Society for Music Information Retrieval (ISMIR)},
  year={2023}
}

@article{manco2022contrastive,
  title={Contrastive audio-language learning for music},
  author={Manco, Ilaria and Benetos, Emmanouil and Quinton, Elio and Fazekas, Gy{\"o}rgy},
  journal={International Society for Music Information Retrieval (ISMIR)},
  year={2022}
}

@article{huang2022mulan,
  title={Mulan: A joint embedding of music audio and natural language},
  author={Huang, Qingqing and Jansen, Aren and Lee, Joonseok and Ganti, Ravi and Li, Judith Yue and Ellis, Daniel PW},
  journal={International Society for Music Information Retrieval (ISMIR)},
  year={2022}
}

@article{dhariwal2020jukebox,
  title={Jukebox: A generative model for music},
  author={Dhariwal, Prafulla and Jun, Heewoo and Payne, Christine and Kim, Jong Wook and Radford, Alec and Sutskever, Ilya},
  journal={arXiv preprint arXiv:2005.00341},
  year={2020}
}

@inproceedings{ramesh2021zero,
  title={Zero-shot text-to-image generation},
  author={Ramesh, Aditya and Pavlov, Mikhail and Goh, Gabriel and Gray, Scott and Voss, Chelsea and Radford, Alec and Chen, Mark and Sutskever, Ilya},
  booktitle={International Conference on Machine Learning (ICML)},
  year={2021},
}

@inproceedings{radford2023robust,
  title={Robust speech recognition via large-scale weak supervision},
  author={Radford, Alec and Kim, Jong Wook and Xu, Tao and Brockman, Greg and McLeavey, Christine and Sutskever, Ilya},
  booktitle={International Conference on Machine Learning (ICML)},
  year={2023},
}

@inproceedings{radford2021learning,
  title={Learning transferable visual models from natural language supervision},
  author={Radford, Alec and Kim, Jong Wook and Hallacy, Chris and Ramesh, Aditya and Goh, Gabriel and Agarwal, Sandhini and Sastry, Girish and Askell, Amanda and Mishkin, Pamela and Clark, Jack and others},
  booktitle={International Conference on Machine Learning (ICML)},
  year={2021},
}

@article{raffel2020exploring,
  title={Exploring the limits of transfer learning with a unified text-to-text transformer},
  author={Raffel, Colin and Shazeer, Noam and Roberts, Adam and Lee, Katherine and Narang, Sharan and Matena, Michael and Zhou, Yanqi and Li, Wei and Liu, Peter J},
  journal={Journal of machine learning research},
  year={2020}
}

@article{devlin2018bert,
  title={Bert: Pre-training of deep bidirectional transformers for language understanding},
  author={Devlin, Jacob and Chang, Ming-Wei and Lee, Kenton and Toutanova, Kristina},
  journal={arXiv preprint arXiv:1810.04805},
  year={2018}
}

@article{radford2019language,
  title={Language models are unsupervised multitask learners},
  author={Radford, Alec and Wu, Jeffrey and Child, Rewon and Luan, David and Amodei, Dario and Sutskever, Ilya and others},
  year={2019}
}



@inproceedings{doh2024music,
  title={Music Discovery Dialogue Generation Using Human Intent Analysis and Large Language Models},
  author={Doh, SeungHeon and Choi, Keunwoo and Kwon, Daeyong and Kim, Taesu and Nam, Juhan},
  booktitle={International Society for Music Information Retrieval (ISMIR)},
  year={2024}
}


@inproceedings{schedl2022lfm,
  title={LFM-2b: A dataset of enriched music listening events for recommender systems research and fairness analysis},
  author={Schedl, Markus and Brandl, Stefan and Lesota, Oleg and Parada-Cabaleiro, Emilia and Penz, David and Rekabsaz, Navid},
  booktitle={Proceedings of the 2022 Conference on Human Information Interaction and Retrieval},
  pages={337--341},
  year={2022}
}

@misc{spotify_annoy,
  author = {Erik Bernhardsson and contributors},
  title = {Annoy: Approximate Nearest Neighbors in C++/Python},
  year = {2013--2025},
  howpublished = {\url{https://github.com/spotify/annoy}},
  note = {Accessed: 2025-01-25}
}

@article{loshchilov2017decoupled,
  title={Decoupled weight decay regularization},
  author={Loshchilov, I},
  journal={International Conference on Learning Representations (ICLR 2019)},
  year={2017}
}


@article{dubey2024llama,
  title={The llama 3 herd of models},
  author={Dubey, Abhimanyu and Jauhri, Abhinav and Pandey, Abhinav and Kadian, Abhishek and Al-Dahle, Ahmad and Letman, Aiesha and Mathur, Akhil and Schelten, Alan and Yang, Amy and Fan, Angela and others},
  journal={arXiv preprint arXiv:2407.21783},
  year={2024}
}


@inproceedings{bert4rec,
  title={BERT4Rec: Sequential recommendation with bidirectional encoder representations from transformer},
  author={Sun, Fei and Liu, Jun and Wu, Jian and Pei, Changhua and Lin, Xiao and Ou, Wenwu and Jiang, Peng},
  booktitle={Proceedings of the 28th ACM international conference on information and knowledge management},
  pages={1441--1450},
  year={2019}
}

@inproceedings{transformers4rec,
  title={Transformers4rec: Bridging the gap between nlp and sequential/session-based recommendation},
  author={de Souza Pereira Moreira, Gabriel and Rabhi, Sara and Lee, Jeong Min and Ak, Ronay and Oldridge, Even},
  booktitle={Proceedings of the 15th ACM conference on recommender systems},
  pages={143--153},
  year={2021}
}

@article{text2tracks,
  title={Text2Tracks: Generative Track Retrieval for Prompt-based Music Recommendation},
  author={Palumbo, Enrico and Penha, Gustavo and Damianou, Andreas and Garc{\'\i}a, Jos{\'e} Luis Redondo and Heath, Timothy Christopher and Wang, Alice and Bouchard, Hugues and Lalmas, Mounia},
  year={2022}
}

@article{mmrec,
  title={Mmrec: {LLM} based multi-modal recommender system},
  author={Tian, Jiahao and Zhao, Jinman and Wang, Zhenkai and Ding, Zhicheng},
  journal={arXiv preprint arXiv:2408.04211},
  year={2024}
}

@article{mugen,
  title={M2UGen: Multi-modal Music Understanding and Generation with the Power of Large Language Models},
  author={Liu, Shansong and Hussain, Atin Sakkeer and Sun, Chenshuo and Shan, Ying},
  journal={arXiv preprint arXiv:2311.11255},
  year={2023}
}

@inproceedings{zhang2018towards,
  title={Towards conversational search and recommendation: System ask, user respond},
  author={Zhang, Yongfeng and Chen, Xu and Ai, Qingyao and Yang, Liu and Croft, W Bruce},
  booktitle={Proceedings of the 27th acm international conference on information and knowledge management},
  pages={177--186},
  year={2018}
}
@article{chen2019towards,
  title={Towards knowledge-based recommender dialog system},
  author={Chen, Qibin and Lin, Junyang and Zhang, Yichang and Ding, Ming and Cen, Yukuo and Yang, Hongxia and Tang, Jie},
  journal={arXiv preprint arXiv:1908.05391},
  year={2019}
}

@inproceedings{unicrs,
  title={Towards unified conversational recommender systems via knowledge-enhanced prompt learning},
  author={Wang, Xiaolei and Zhou, Kun and Wen, Ji-Rong and Zhao, Wayne Xin},
  booktitle={Proceedings of the 28th ACM SIGKDD Conference on Knowledge Discovery and Data Mining},
  pages={1929--1937},
  year={2022}
}

@inproceedings{reficr,
  title={Unleashing the Retrieval Potential of Large Language Models in Conversational Recommender Systems},
  author={Yang, Ting and Chen, Li},
  booktitle={Proceedings of the 18th ACM Conference on Recommender Systems},
  pages={43--52},
  year={2024}
}

@article{zhang2021kecrs,
  title={Kecrs: Towards knowledge-enriched conversational recommendation system},
  author={Zhang, Tong and Liu, Yong and Zhong, Peixiang and Zhang, Chen and Wang, Hao and Miao, Chunyan},
  journal={arXiv preprint arXiv:2105.08261},
  year={2021}
}
@article{liu2023m3ke,
  title={M3ke: A massive multi-level multi-subject knowledge evaluation benchmark for chinese large language models},
  author={Liu, Chuang and Jin, Renren and Ren, Yuqi and Yu, Linhao and Dong, Tianyu and Peng, Xiaohan and Zhang, Shuting and Peng, Jianxiang and Zhang, Peiyi and Lyu, Qingqing and others},
  journal={arXiv preprint arXiv:2305.10263},
  year={2023}
}

@inproceedings{liu2024collaborative,
  title={Collaborative Cross-modal Fusion with Large Language Model for Recommendation},
  author={Liu, Zhongzhou and Zhang, Hao and Dong, Kuicai and Fang, Yuan},
  booktitle={Proceedings of the 33rd ACM International Conference on Information and Knowledge Management},
  pages={1565--1574},
  year={2024}
}
@article{chen2021cmbf,
  title={Cmbf: Cross-modal-based fusion recommendation algorithm},
  author={Chen, Xi and Lu, Yangsiyi and Wang, Yuehai and Yang, Jianyi},
  journal={Sensors},
  volume={21},
  number={16},
  pages={5275},
  year={2021},
  publisher={MDPI}
}

@article{lai2024matryoshka,
  title={Matryoshka Representation Learning for Recommendation},
  author={Lai, Riwei and Chen, Li and Chen, Weixin and Chen, Rui},
  journal={arXiv preprint arXiv:2406.07432},
  year={2024}
}
@article{salau2022state,
  title={State-of-the-art survey on deep learning-based recommender systems for e-learning},
  author={Salau, Latifat and Hamada, Mohamed and Prasad, Rajesh and Hassan, Mohammed and Mahendran, Anand and Watanobe, Yutaka},
  journal={Applied Sciences},
  volume={12},
  number={23},
  pages={11996},
  year={2022},
  publisher={MDPI}
}

@inproceedings{liu-etal-2023-conversational,
    title = "Conversational Recommender System and Large Language Model Are Made for Each Other in {E}-commerce Pre-sales Dialogue",
    author = "Liu, Yuanxing  and
      Zhang, Weinan  and
      Chen, Yifan  and
      Zhang, Yuchi  and
      Bai, Haopeng  and
      Feng, Fan  and
      Cui, Hengbin  and
      Li, Yongbin  and
      Che, Wanxiang",
    editor = "Bouamor, Houda  and
      Pino, Juan  and
      Bali, Kalika",
    booktitle = "Findings of the Association for Computational Linguistics: EMNLP 2023",
    month = dec,
    year = "2023",
    address = "Singapore",
    publisher = "Association for Computational Linguistics",
    url = "https://aclanthology.org/2023.findings-emnlp.643/",
    doi = "10.18653/v1/2023.findings-emnlp.643",
    pages = "9587--9605",
    abstract = "E-commerce pre-sales dialogue aims to understand and elicit user needs and preferences for the items they are seeking so as to provide appropriate recommendations. Conversational recommender systems (CRSs) learn user representation and provide accurate recommendations based on dialogue context, but rely on external knowledge. Large language models (LLMs) generate responses that mimic pre-sales dialogues after fine-tuning, but lack domain-specific knowledge for accurate recommendations. Intuitively, the strengths of LLM and CRS in E-commerce pre-sales dialogues are complementary, yet no previous work has explored this. This paper investigates the effectiveness of combining LLM and CRS in E-commerce pre-sales dialogues, proposing two collaboration methods: CRS assisting LLM and LLM assisting CRS. We conduct extensive experiments on a real-world dataset of E-commerce pre-sales dialogues. We analyze the impact of two collaborative approaches with two CRSs and two LLMs on four tasks of E-commerce pre-sales dialogue. We find that collaborations between CRS and LLM can be very effective in some cases."
}



@article{liu2024multimodal,
  title={Multimodal recommender systems: A survey},
  author={Liu, Qidong and Hu, Jiaxi and Xiao, Yutian and Zhao, Xiangyu and Gao, Jingtong and Wang, Wanyu and Li, Qing and Tang, Jiliang},
  journal={ACM Computing Surveys},
  volume={57},
  number={2},
  pages={1--17},
  year={2024},
  publisher={ACM New York, NY}
}

@inproceedings{won2024foundation,
  title={A foundation model for music informatics},
  author={Won, Minz and Hung, Yun-Ning and Le, Duc},
  booktitle={ICASSP 2024-2024 IEEE International Conference on Acoustics, Speech and Signal Processing (ICASSP)},
  pages={1226--1230},
  year={2024},
  organization={IEEE}
}


@misc{hewitt2021initializing,
  author = {Hewitt, John},
  title = {Initializing New Word Embeddings for Pretrained Language Models},
  year = {2021},
  howpublished = {https:/nlp.stanford.edu/~johnhew/vocab-expansion.html},
}