@inproceedings{bert4rec,
  title={BERT4Rec: Sequential recommendation with bidirectional encoder representations from transformer},
  author={Sun, Fei and Liu, Jun and Wu, Jian and Pei, Changhua and Lin, Xiao and Ou, Wenwu and Jiang, Peng},
  booktitle={Proceedings of the 28th ACM international conference on information and knowledge management},
  pages={1441--1450},
  year={2019}
}

@article{chen2019towards,
  title={Towards knowledge-based recommender dialog system},
  author={Chen, Qibin and Lin, Junyang and Zhang, Yichang and Ding, Ming and Cen, Yukuo and Yang, Hongxia and Tang, Jie},
  journal={arXiv preprint arXiv:1908.05391},
  year={2019}
}

@article{chen2021cmbf,
  title={Cmbf: Cross-modal-based fusion recommendation algorithm},
  author={Chen, Xi and Lu, Yangsiyi and Wang, Yuehai and Yang, Jianyi},
  journal={Sensors},
  volume={21},
  number={16},
  pages={5275},
  year={2021},
  publisher={MDPI}
}

@article{gardner2023llark,
  title={Llark: A multimodal foundation model for music},
  author={Gardner, Josh and Durand, Simon and Stoller, Daniel and Bittner, Rachel M},
  journal={arXiv preprint arXiv:2310.07160},
  year={2023}
}

@article{lai2024matryoshka,
  title={Matryoshka Representation Learning for Recommendation},
  author={Lai, Riwei and Chen, Li and Chen, Weixin and Chen, Rui},
  journal={arXiv preprint arXiv:2406.07432},
  year={2024}
}

@article{liu2023m3ke,
  title={M3ke: A massive multi-level multi-subject knowledge evaluation benchmark for chinese large language models},
  author={Liu, Chuang and Jin, Renren and Ren, Yuqi and Yu, Linhao and Dong, Tianyu and Peng, Xiaohan and Zhang, Shuting and Peng, Jianxiang and Zhang, Peiyi and Lyu, Qingqing and others},
  journal={arXiv preprint arXiv:2305.10263},
  year={2023}
}

@inproceedings{liu2024collaborative,
  title={Collaborative Cross-modal Fusion with Large Language Model for Recommendation},
  author={Liu, Zhongzhou and Zhang, Hao and Dong, Kuicai and Fang, Yuan},
  booktitle={Proceedings of the 33rd ACM International Conference on Information and Knowledge Management},
  pages={1565--1574},
  year={2024}
}

@article{mmrec,
  title={Mmrec: {LLM} based multi-modal recommender system},
  author={Tian, Jiahao and Zhao, Jinman and Wang, Zhenkai and Ding, Zhicheng},
  journal={arXiv preprint arXiv:2408.04211},
  year={2024}
}

@article{mugen,
  title={M2UGen: Multi-modal Music Understanding and Generation with the Power of Large Language Models},
  author={Liu, Shansong and Hussain, Atin Sakkeer and Sun, Chenshuo and Shan, Ying},
  journal={arXiv preprint arXiv:2311.11255},
  year={2023}
}

@inproceedings{oramas2017deep,
  title={A deep multimodal approach for cold-start music recommendation},
  author={Oramas, Sergio and Nieto, Oriol and Sordo, Mohamed and Serra, Xavier},
  booktitle={Proceedings of the 2nd workshop on deep learning for recommender systems},
  pages={32--37},
  year={2017}
}

@inproceedings{reficr,
  title={Unleashing the Retrieval Potential of Large Language Models in Conversational Recommender Systems},
  author={Yang, Ting and Chen, Li},
  booktitle={Proceedings of the 18th ACM Conference on Recommender Systems},
  pages={43--52},
  year={2024}
}

@article{tal2024joint,
  title={Joint Audio and Symbolic Conditioning for Temporally Controlled Text-to-Music Generation},
  author={Tal, Or and Ziv, Alon and Gat, Itai and Kreuk, Felix and Adi, Yossi},
  journal={arXiv preprint arXiv:2406.10970},
  year={2024}
}

@article{text2tracks,
  title={Text2Tracks: Generative Track Retrieval for Prompt-based Music Recommendation},
  author={Palumbo, Enrico and Penha, Gustavo and Damianou, Andreas and Garc{\'\i}a, Jos{\'e} Luis Redondo and Heath, Timothy Christopher and Wang, Alice and Bouchard, Hugues and Lalmas, Mounia},
  year={2022}
}

@inproceedings{transformers4rec,
  title={Transformers4rec: Bridging the gap between nlp and sequential/session-based recommendation},
  author={de Souza Pereira Moreira, Gabriel and Rabhi, Sara and Lee, Jeong Min and Ak, Ronay and Oldridge, Even},
  booktitle={Proceedings of the 15th ACM conference on recommender systems},
  pages={143--153},
  year={2021}
}

@inproceedings{unicrs,
  title={Towards unified conversational recommender systems via knowledge-enhanced prompt learning},
  author={Wang, Xiaolei and Zhou, Kun and Wen, Ji-Rong and Zhao, Wayne Xin},
  booktitle={Proceedings of the 28th ACM SIGKDD Conference on Knowledge Discovery and Data Mining},
  pages={1929--1937},
  year={2022}
}

@article{van2013deep,
  title={Deep content-based music recommendation},
  author={Van den Oord, Aaron and Dieleman, Sander and Schrauwen, Benjamin},
  journal={Advances in neural information processing systems},
  volume={26},
  year={2013}
}

@inproceedings{zhang2018towards,
  title={Towards conversational search and recommendation: System ask, user respond},
  author={Zhang, Yongfeng and Chen, Xu and Ai, Qingyao and Yang, Liu and Croft, W Bruce},
  booktitle={Proceedings of the 27th acm international conference on information and knowledge management},
  pages={177--186},
  year={2018}
}

@article{zhang2021kecrs,
  title={Kecrs: Towards knowledge-enriched conversational recommendation system},
  author={Zhang, Tong and Liu, Yong and Zhong, Peixiang and Zhang, Chen and Wang, Hao and Miao, Chunyan},
  journal={arXiv preprint arXiv:2105.08261},
  year={2021}
}

