@article{yan2024recess,
  title={Recess vaccine for federated learning: Proactive defense against model poisoning attacks},
  author={Yan, Haonan and Zhang, Wenjing and Chen, Qian and Li, Xiaoguang and Sun, Wenhai and Li, Hui and Lin, Xiaodong},
  journal={Advances in Neural Information Processing Systems},
  volume={36},
  year={2024}
}

% ---------- optimizer ---------- %
@article{kingma2014adam,
  title={Adam: A method for stochastic optimization},
  author={Kingma, Diederik P and Ba, Jimmy},
  journal={arXiv preprint arXiv:1412.6980},
  year={2014}
}

@article{robbins1951sgd,
  title={A stochastic approximation method},
  author={Robbins, Herbert and Monro, Sutton},
  journal={The annals of mathematical statistics},
  pages={400--407},
  year={1951},
  publisher={JSTOR}
}

% ---------- fl ---------- %

@inproceedings{mcmahan2017fl,
  title={Communication-efficient learning of deep networks from decentralized data},
  author={McMahan, Brendan and Moore, Eider and Ramage, Daniel and Hampson, Seth and y Arcas, Blaise Aguera},
  booktitle={Artificial intelligence and statistics},
  pages={1273--1282},
  year={2017},
  organization={PMLR}
}

@inproceedings{yurochkin2019bayesian,
  title={Bayesian nonparametric federated learning of neural networks},
  author={Yurochkin, Mikhail and Agarwal, Mayank and Ghosh, Soumya and Greenewald, Kristjan and Hoang, Nghia and Khazaeni, Yasaman},
  booktitle={International Conference on Machine Learning},
  pages={7252--7261},
  year={2019}
}

@inproceedings{karimireddy2020scaffold,
  title={Scaffold: Stochastic controlled averaging for federated learning},
  author={Karimireddy, Sai Praneeth and Kale, Satyen and Mohri, Mehryar and Reddi, Sashank and Stich, Sebastian and Suresh, Ananda Theertha},
  booktitle={International Conference on Machine Learning},
  pages={5132--5143},
  year={2020},
  organization={PMLR}
}

@article{li2020fedprox,
  title={Federated optimization in heterogeneous networks},
  author={Li, Tian and Sahu, Anit Kumar and Zaheer, Manzil and Sanjabi, Maziar and Talwalkar, Ameet and Smith, Virginia},
  journal={Proceedings of Machine Learning and Systems},
  volume={2},
  pages={429--450},
  year={2020}
}

@article{li2021federated,
      title={Federated Learning on Non-IID Data Silos: An Experimental Study},
      author={Li, Qinbin and Diao, Yiqun and Chen, Quan and He, Bingsheng},
      journal={arXiv preprint arXiv:2102.02079},
      year={2021},
}

@article{kairouz2021advances,
  title={Advances and open problems in federated learning},
  author={Kairouz, Peter and McMahan, H Brendan and Avent, Brendan and Bellet, Aur{\'e}lien and Bennis, Mehdi and Bhagoji, Arjun Nitin and Bonawitz, Kallista and Charles, Zachary and Cormode, Graham and Cummings, Rachel and others},
  journal={Foundations and Trends{\textregistered} in Machine Learning},
  volume={14},
  number={1--2},
  pages={1--210},
  year={2021},
  publisher={Now Publishers, Inc.}
}

@article{wang2021fieldguide,
  title={A field guide to federated optimization},
  author={Wang, Jianyu and Charles, Zachary and Xu, Zheng and Joshi, Gauri and McMahan, H Brendan and Al-Shedivat, Maruan and Andrew, Galen and Avestimehr, Salman and Daly, Katharine and Data, Deepesh and others},
  journal={arXiv preprint arXiv:2107.06917},
  year={2021}
}

% ---------- defense ---------- %

% ---------- 2017 ---------- %

@inproceedings{diakonikolas2017being,
  title={Being robust (in high dimensions) can be practical},
  author={Diakonikolas, Ilias and Kamath, Gautam and Kane, Daniel M and Li, Jerry and Moitra, Ankur and Stewart, Alistair},
  booktitle={International Conference on Machine Learning},
  pages={999--1008},
  year={2017},
  organization={PMLR}
}

@article{blanchard2017krum,
  title={Machine learning with adversaries: Byzantine tolerant gradient descent},
  author={Blanchard, Peva and El Mhamdi, El Mahdi and Guerraoui, Rachid and Stainer, Julien},
  journal={Advances in Neural Information Processing Systems},
  volume={30},
  year={2017}
}

% ---------- 2018 ---------- %

@inproceedings{guerraoui2018bulyan,
  title={The hidden vulnerability of distributed learning in byzantium},
  author={Guerraoui, Rachid and Rouault, S{\'e}bastien and others},
  booktitle={International Conference on Machine Learning},
  pages={3521--3530},
  year={2018},
  organization={PMLR}
}

@inproceedings{bernstein2018signsgd,
  title={signSGD: Compressed optimisation for non-convex problems},
  author={Bernstein, Jeremy and Wang, Yu-Xiang and Azizzadenesheli, Kamyar and Anandkumar, Animashree},
  booktitle={International Conference on Machine Learning},
  pages={560--569},
  year={2018},
  organization={PMLR}
}

@inproceedings{yin2018mediantrmean,
  title={Byzantine-robust distributed learning: Towards optimal statistical rates},
  author={Yin, Dong and Chen, Yudong and Kannan, Ramchandran and Bartlett, Peter},
  booktitle={International Conference on Machine Learning},
  pages={5650--5659},
  year={2018},
  organization={PMLR}
}

@inproceedings{chen2018draco,
  title={Draco: Byzantine-resilient distributed training via redundant gradients},
  author={Chen, Lingjiao and Wang, Hongyi and Charles, Zachary and Papailiopoulos, Dimitris},
  booktitle={International Conference on Machine Learning},
  pages={903--912},
  year={2018},
  organization={PMLR}
}

% ---------- 2019 ---------- %

@article{rajput2019detox,
  title={DETOX: A redundancy-based framework for faster and more robust gradient aggregation},
  author={Rajput, Shashank and Wang, Hongyi and Charles, Zachary and Papailiopoulos, Dimitris},
  journal={Advances in Neural Information Processing Systems},
  volume={32},
  year={2019}
}

@inproceedings{karimireddy2019errorfeedback,
  title={Error feedback fixes signsgd and other gradient compression schemes},
  author={Karimireddy, Sai Praneeth and Rebjock, Quentin and Stich, Sebastian and Jaggi, Martin},
  booktitle={International Conference on Machine Learning},
  pages={3252--3261},
  year={2019},
  organization={PMLR}
}

@inproceedings{xie2019zeno,
  title={Zeno: Distributed stochastic gradient descent with suspicion-based fault-tolerance},
  author={Xie, Cong and Koyejo, Sanmi and Gupta, Indranil},
  booktitle={International Conference on Machine Learning},
  pages={6893--6901},
  year={2019},
  organization={PMLR}
}

@article{ghosh2019robust,
  title={Robust federated learning in a heterogeneous environment},
  author={Ghosh, Avishek and Hong, Justin and Yin, Dong and Ramchandran, Kannan},
  journal={arXiv preprint arXiv:1906.06629},
  year={2019}
}

@article{pillutla2019geometric,
  title={Robust aggregation for federated learning},
  author={Pillutla, Krishna and Kakade, Sham M and Harchaoui, Zaid},
  journal={arXiv preprint arXiv:1912.13445},
  year={2019}
}

% ---------- 2020 ---------- %

@inproceedings{allen2020safeguard,
  title={Byzantine-Resilient Non-Convex Stochastic Gradient Descent},
  author={Allen-Zhu, Zeyuan and Ebrahimianghazani, Faeze and Li, Jerry and Alistarh, Dan},
  booktitle={International Conference on Learning Representations},
  year={2020}
}

@inproceedings{fang2020fang,
  title={Local model poisoning attacks to $\{$Byzantine-Robust$\}$ federated learning},
  author={Fang, Minghong and Cao, Xiaoyu and Jia, Jinyuan and Gong, Neil},
  booktitle={29th USENIX Security Symposium (USENIX Security 20)},
  pages={1605--1622},
  year={2020}
}

@inproceedings{boussetta2021aksel,
  title={Aksel: Fast byzantine sgd},
  author={Boussetta, Amine and El Mhamdi, El Mahdi and Guerraoui, Rachid and Maurer, Alexandre David Olivier and Rouault, S{\'e}bastien Louis Alexandre},
  booktitle={Proceedings of the 24th International Conference on Principles of Distributed Systems (OPODIS 2020)},
  number={CONF},
  year={2021},
  organization={Schloss Dagstuhl--Leibniz-Zentrum f{\"u}r Informatik}
}

% ---------- 2021 ---------- %

@inproceedings{el2021momentum,
  title={Distributed momentum for byzantine-resilient stochastic gradient descent},
  author={El Mhamdi, El Mahdi and Guerraoui, Rachid and Rouault, S{\'e}bastien Louis Alexandre},
  booktitle={9th International Conference on Learning Representations (ICLR)},
  number={CONF},
  year={2021}
}

@inproceedings{karimireddy2021cc,
  title={Learning from history for byzantine robust optimization},
  author={Karimireddy, Sai Praneeth and He, Lie and Jaggi, Martin},
  booktitle={International Conference on Machine Learning},
  pages={5311--5319},
  year={2021},
  organization={PMLR}
}


@InProceedings{farhadkhani2022reasm,
  title={{B}yzantine Machine Learning Made Easy By Resilient Averaging of Momentums},
  author={Farhadkhani, Sadegh and Guerraoui, Rachid and Gupta, Nirupam and Pinot, Rafael and Stephan, John},
  booktitle={Proceedings of the 39th International Conference on Machine Learning},
  pages={6246--6283},
  year={2022},
  volume={162},
  series={Proceedings of Machine Learning Research},
  month={17--23 Jul},
  publisher={PMLR},
}


@inproceedings{data2021byzantine,
  title={Byzantine-resilient high-dimensional sgd with local iterations on heterogeneous data},
  author={Data, Deepesh and Diggavi, Suhas},
  booktitle={International Conference on Machine Learning},
  pages={2478--2488},
  year={2021},
  organization={PMLR}
}

@article{park2021sageflow,
  title={Sageflow: Robust federated learning against both stragglers and adversaries},
  author={Park, Jungwuk and Han, Dong-Jun and Choi, Minseok and Moon, Jaekyun},
  journal={Advances in Neural Information Processing Systems},
  volume={34},
  pages={840--851},
  year={2021}
}

@article{el2021collaborative,
  title={Collaborative learning in the jungle (decentralized, byzantine, heterogeneous, asynchronous and nonconvex learning)},
  author={El-Mhamdi, El Mahdi and Farhadkhani, Sadegh and Guerraoui, Rachid and Guirguis, Arsany and Hoang, L{\^e}-Nguy{\^e}n and Rouault, S{\'e}bastien},
  journal={Advances in Neural Information Processing Systems},
  volume={34},
  pages={25044--25057},
  year={2021}
}

@article{sun2021flwbc,
  title={Fl-wbc: Enhancing robustness against model poisoning attacks in federated learning from a client perspective},
  author={Sun, Jingwei and Li, Ang and DiValentin, Louis and Hassanzadeh, Amin and Chen, Yiran and Li, Hai},
  journal={Advances in Neural Information Processing Systems},
  volume={34},
  pages={12613--12624},
  year={2021}
}

@inproceedings{shejwalkar2021dnc,
  title={Manipulating the byzantine: Optimizing model poisoning attacks and defenses for federated learning},
  author={Shejwalkar, Virat and Houmansadr, Amir},
  booktitle={NDSS},
  year={2021}
}

% ---------- 2022 ---------- %

@inproceedings{karimireddy2022bucketing,
    title={Byzantine-Robust Learning on Heterogeneous Datasets via Bucketing},
    author={Sai Praneeth Karimireddy and Lie He and Martin Jaggi},
    booktitle={International Conference on Learning Representations},
    year={2022},
    url={https://openreview.net/forum?id=jXKKDEi5vJt}
}

@inproceedings{acharya2022cgm,
  title={Robust training in high dimensions via block coordinate geometric median descent},
  author={Acharya, Anish and Hashemi, Abolfazl and Jain, Prateek and Sanghavi, Sujay and Dhillon, Inderjit S and Topcu, Ufuk},
  booktitle={International Conference on Artificial Intelligence and Statistics},
  pages={11145--11168},
  year={2022},
  organization={PMLR}
}

@InProceedings{farhadkhani2022momentum,
  title ={{B}yzantine Machine Learning Made Easy By Resilient Averaging of Momentums},
  author ={Farhadkhani, Sadegh and Guerraoui, Rachid and Gupta, Nirupam and Pinot, Rafael and Stephan, John},
  booktitle ={Proceedings of the 39th International Conference on Machine Learning},
  pages ={6246--6283},
  year ={2022},
  volume ={162},
  series ={Proceedings of Machine Learning Research},
  month ={17--23 Jul},
  publisher ={PMLR},
}

@article{allouah2023nnm,
  title={Fixing by Mixing: A Recipe for Optimal Byzantine ML under Heterogeneity},
  author={Allouah, Youssef and Farhadkhani, Sadegh and Guerraoui, Rachid and Gupta, Nirupam and Pinot, Rafael and Stephan, John},
  journal={arXiv preprint arXiv:2302.01772},
  year={2023}
}

% ---------- attack ----------%

@article{baruch2019lie,
  title={A little is enough: Circumventing defenses for distributed learning},
  author={Baruch, Gilad and Baruch, Moran and Goldberg, Yoav},
  journal={Advances in Neural Information Processing Systems},
  volume={32},
  year={2019}
}

@inproceedings{xie2020ipm,
  title={Fall of empires: Breaking byzantine-tolerant sgd by inner product manipulation},
  author={Xie, Cong and Koyejo, Oluwasanmi and Gupta, Indranil},
  booktitle={Uncertainty in Artificial Intelligence},
  pages={261--270},
  year={2020},
  organization={PMLR}
}

% ---------- dataset ----------%

@Techreport{krizhevsky2009cifar,
 author = {Krizhevsky, Alex and Hinton, Geoffrey},
 address = {Toronto, Ontario},
 institution = {University of Toronto},
 number = {0},
 publisher = {Technical report, University of Toronto},
 title = {Learning multiple layers of features from tiny images},
 year = {2009},
 title_with_no_special_chars = {Learning multiple layers of features from tiny images},
 url = {https://www.cs.toronto.edu/~kriz/learning-features-2009-TR.pdf}
}

@article{russakovsky2015imagenet,
  title={Imagenet large scale visual recognition challenge},
  author={Russakovsky, Olga and Deng, Jia and Su, Hao and Krause, Jonathan and Satheesh, Sanjeev and Ma, Sean and Huang, Zhiheng and Karpathy, Andrej and Khosla, Aditya and Bernstein, Michael and others},
  journal={International journal of computer vision},
  volume={115},
  number={3},
  pages={211--252},
  year={2015},
  publisher={Springer}
}

@article{li2021imagenet12,
  title={Anti-backdoor learning: Training clean models on poisoned data},
  author={Li, Yige and Lyu, Xixiang and Koren, Nodens and Lyu, Lingjuan and Li, Bo and Ma, Xingjun},
  journal={Advances in Neural Information Processing Systems},
  volume={34},
  year={2021}
}

@article{caldas2018leaf,
  title={Leaf: A benchmark for federated settings},
  author={Caldas, Sebastian and Duddu, Sai Meher Karthik and Wu, Peter and Li, Tian and Kone{\v{c}}n{\`y}, Jakub and McMahan, H Brendan and Smith, Virginia and Talwalkar, Ameet},
  journal={arXiv preprint arXiv:1812.01097},
  year={2018}
}

% ---------- architecture ----------%

@article{krizhevsky2017alexnet,
  title={Imagenet classification with deep convolutional neural networks},
  author={Krizhevsky, Alex and Sutskever, Ilya and Hinton, Geoffrey E},
  journal={Communications of the ACM},
  volume={60},
  number={6},
  pages={84--90},
  year={2017},
  publisher={AcM New York, NY, USA}
}

@article{iandola2016squeezenet,
  title={SqueezeNet: AlexNet-level accuracy with 50x fewer parameters and< 0.5 MB model size},
  author={Iandola, Forrest N and Han, Song and Moskewicz, Matthew W and Ashraf, Khalid and Dally, William J and Keutzer, Kurt},
  journal={arXiv preprint arXiv:1602.07360},
  year={2016}
}

@inproceedings{he2016resnet,
  title={Deep residual learning for image recognition},
  author={He, Kaiming and Zhang, Xiangyu and Ren, Shaoqing and Sun, Jian},
  booktitle={Proceedings of the IEEE conference on computer vision and pattern recognition},
  pages={770--778},
  year={2016}
}

% ---------- assumption ---------- %
@article{yang2017independence,
  title={Mean field residual networks: On the edge of chaos},
  author={Yang, Ge and Schoenholz, Samuel},
  journal={Advances in neural information processing systems},
  volume={30},
  year={2017}
}

% ---------- karl pearson ----------%
@misc{moore2009pearson1,
  title={Introduction to the practice of statistics},
  author={Moore, David S and Mccabe, George P and Craig, Bruce A},
  year={2009}
}

@book{knoke2002pearson2,
  title={Statistics for Social Data Analysis},
  author={Knoke, D. and Bohrnstedt, G.W. and Mee, A.P.},
  isbn={9780875814483},
  lccn={2002102712},
  url={https://books.google.co.jp/books?id=1wNHAAAAMAAJ},
  year={2002},
  publisher={F.E. Peacock Publishers}
}

% ---------- visualization ----------%

@article{roweis2000lle,
  title={Nonlinear dimensionality reduction by locally linear embedding},
  author={Roweis, Sam T and Saul, Lawrence K},
  journal={science},
  volume={290},
  number={5500},
  pages={2323--2326},
  year={2000},
  publisher={American Association for the Advancement of Science}
}

@article{van2008tsne,
  title={Visualizing data using t-SNE.},
  author={Van der Maaten, Laurens and Hinton, Geoffrey},
  journal={Journal of machine learning research},
  volume={9},
  number={11},
  year={2008}
}

@article{yu2018parallel,
  title={Parallel restarted SGD for non-convex optimization with faster convergence and less communication},
  author={Yu, Hao and Yang, Sen and Zhu, Shenghuo},
  journal={arXiv preprint arXiv:1807.06629},
  volume={2},
  number={4},
  pages={7},
  year={2018}
}

@article{li2019convergence,
  title={On the convergence of fedavg on non-iid data},
  author={Li, Xiang and Huang, Kaixuan and Yang, Wenhao and Wang, Shusen and Zhang, Zhihua},
  journal={arXiv preprint arXiv:1907.02189},
  year={2019}
}

@article{woodworth2020minibatch,
  title={Minibatch vs local sgd for heterogeneous distributed learning},
  author={Woodworth, Blake E and Patel, Kumar Kshitij and Srebro, Nati},
  journal={Advances in Neural Information Processing Systems},
  volume={33},
  pages={6281--6292},
  year={2020}
}

@article{luo2021no,
  title={No fear of heterogeneity: Classifier calibration for federated learning with non-iid data},
  author={Luo, Mi and Chen, Fei and Hu, Dapeng and Zhang, Yifan and Liang, Jian and Feng, Jiashi},
  journal={Advances in Neural Information Processing Systems},
  volume={34},
  pages={5972--5984},
  year={2021}
}

@article{peng2024fedcal,
  title={FedCal: Achieving Local and Global Calibration in Federated Learning via Aggregated Parameterized Scaler},
  author={Peng, Hongyi and Yu, Han and Tang, Xiaoli and Li, Xiaoxiao},
  journal={arXiv preprint arXiv:2405.15458},
  year={2024}
}


@inproceedings{
allouah2024byzantinerobust,
title={Byzantine-Robust Federated Learning: Impact of Client Subsampling and Local Updates},
author={Youssef Allouah and Sadegh Farhadkhani and Rachid Guerraoui and Nirupam Gupta and Rafael Pinot and Geovani Rizk and Sasha Voitovych},
booktitle={Forty-first International Conference on Machine Learning},
year={2024},
url={https://openreview.net/forum?id=Izv7gBnap3}
}