@inproceedings{allen2019convergence,
  title={A convergence theory for deep learning via over-parameterization},
  author={Allen-Zhu, Zeyuan and Li, Yuanzhi and Song, Zhao},
  booktitle={International conference on machine learning},
  year={2019}
}

@inproceedings{brown2021memorization,
  title={When is memorization of irrelevant training data necessary for high-accuracy learning?},
  author={Brown, Gavin and Bun, Mark and Feldman, Vitaly and Smith, Adam and Talwar, Kunal},
  booktitle={ACM SIGACT symposium on theory of computing},
  year={2021}
}

@inproceedings{cao2022benign,
  title={Benign overfitting in two-layer convolutional neural networks},
  author={Cao, Yuan and Chen, Zixiang and Belkin, Misha and Gu, Quanquan},
  booktitle={Advances in neural information processing systems},
  year={2022}
}

@inproceedings{cheng2022memorize,
  title={Memorize to generalize: on the necessity of interpolation in high dimensional linear regression},
  author={Cheng, Chen and Duchi, John and Kuditipudi, Rohith},
  booktitle={Conference on Learning Theory},
  year={2022}
}

@article{du2018gradient,
  title={Gradient descent provably optimizes over-parameterized neural networks},
  author={Du, Simon S and Zhai, Xiyu and Poczos, Barnabas and Singh, Aarti},
  journal={arXiv preprint arXiv:1810.02054},
  year={2018}
}

@inproceedings{feldman2020does,
  title={Does learning require memorization? a short tale about a long tail},
  author={Feldman, Vitaly},
  booktitle={ACM SIGACT Symposium on Theory of Computing},
  year={2020}
}

@inproceedings{feldman2020neural,
  title={What neural networks memorize and why: Discovering the long tail via influence estimation},
  author={Feldman, Vitaly and Zhang, Chiyuan},
  booktitle={Advances in Neural Information Processing Systems},
  year={2020}
}

@article{garg2023memorization,
  title={Memorization through the lens of curvature of loss function around samples},
  author={Garg, Isha and Roy, Kaushik},
  journal={arXiv preprint arXiv:2307.05831},
  year={2023}
}

@inproceedings{jacot2018neural,
  title={Neural tangent kernel: Convergence and generalization in neural networks},
  author={Jacot, Arthur and Gabriel, Franck and Hongler, Cl{\'e}ment},
  booktitle={Advances in neural information processing systems},
  year={2018}
}

@inproceedings{kou2023benign,
  title={Benign Overfitting in Two-layer ReLU Convolutional Neural Networks},
  author={Kou, Yiwen and Chen, Zixiang and Chen, Yuanzhou and Gu, Quanquan},
  booktitle={International Conference on Machine Learning},
  year={2023}
}

