@inproceedings{Ciborowska2022,
	author = {Ciborowska, Agnieszka and Damevski, Kostadin},
	title = {Fast changeset-based bug localization with BERT},
	year = {2022},
	isbn = {9781450392211},
	publisher = {Association for Computing Machinery},
	address = {New York, NY, USA},
	url = {https://doi.org/10.1145/3510003.3510042},
	doi = {10.1145/3510003.3510042},
	booktitle = {Proceedings of the 44th International Conference on Software Engineering (ICSE)},
	pages = {946â€“957},
	numpages = {12},
	keywords = {BERT, bug localization, changesets, information retrieval},
	location = {Pittsburgh, Pennsylvania}
}

@ARTICLE{Kim2013,
		author={Kim, Dongsun and Tao, Yida and Kim, Sunghun and Zeller, Andreas},
		journal={IEEE Transactions on Software Engineering}, 
		title={Where Should We Fix This Bug? A Two-Phase Recommendation Model}, 
		year={2013},
		volume={39},
		number={11},
		pages={1597-1610},
		keywords={Predictive models;Feature extraction;Computer bugs;Software;Computational modeling;Data mining;Noise;Bug reports;machine learning;patch file prediction},
		doi={10.1109/TSE.2013.24}}

@ARTICLE{Mohammad2024,
	author = {Rezaalipour, Mohammad and Furia, Carlo A.},
	title = {An empirical study of fault localization in Python programs},
	year = {2024},
	issue_date = {Jul 2024},
	publisher = {Kluwer Academic Publishers},
	address = {USA},
	volume = {29},
	number = {4},
	issn = {1382-3256},
	url = {https://doi.org/10.1007/s10664-024-10475-3},
	doi = {10.1007/s10664-024-10475-3},
	journal = {Empirical Software Engineering},
	month = jun,
	numpages = {59},
}

@INPROCEEDINGS{Yang2021,
	author={Yang, Zhou and Shi, Jieke and Wang, Shaowei and Lo, David},
	booktitle={2021 36th IEEE/ACM International Conference on Automated Software Engineering (ASE)}, 
	title={IncBL: Incremental Bug Localization}, 
	year={2021},
	volume={},
	number={},
	pages={1223-1226},
	keywords={Location awareness;Analytical models;Codes;Computer bugs;Information retrieval;Mathematical models;Open source software;Bug Localization;Information Retrieval;Mining Software Repository},
	doi={10.1109/ASE51524.2021.9678546}}

@INPROCEEDINGS{Zhou2012,
	author={Zhou, Jian and Zhang, Hongyu and Lo, David},
	booktitle={2012 34th International Conference on Software Engineering (ICSE)}, 
	title={Where should the bugs be fixed? More accurate information retrieval-based bug localization based on bug reports}, 
	year={2012},
	volume={},
	number={},
	pages={14-24},
	keywords={Computer bugs;Vectors;Mathematical model;Equations;Information retrieval;Indexing;Computational modeling;bug localization;information retrieval;feature location;bug reports},
	doi={10.1109/ICSE.2012.6227210}}

@article{agentless,
	author    = {Xia, Chunqiu Steven and Deng, Yinlin and Dunn, Soren and Zhang, Lingming},
	title     = {Agentless: Demystifying LLM-based Software Engineering Agents},
	year      = {2024},
	journal   = {arXiv preprint},
}

@misc{chen2024coder,
	title={CodeR: Issue Resolving with Multi-Agent and Task Graphs}, 
	author={Dong Chen and Shaoxin Lin and Muhan Zeng and Daoguang Zan and Jian-Gang Wang and Anton Cheshkov and Jun Sun and Hao Yu and Guoliang Dong and Artem Aliev and Jie Wang and Xiao Cheng and Guangtai Liang and Yuchi Ma and Pan Bian and Tao Xie and Qianxiang Wang},
	year={2024},
	eprint={2406.01304},
	archivePrefix={arXiv},
	primaryClass={cs.CL}
}

@inproceedings{yang2024sweagent,
	title={{SWE}-agent: Agent-Computer Interfaces Enable Automated Software Engineering},
	author={John Yang and Carlos E Jimenez and Alexander Wettig and Kilian Lieret and Shunyu Yao and Karthik R Narasimhan and Ofir Press},
	booktitle={The Thirty-eighth Annual Conference on Neural Information Processing Systems (NIPS)},
	year={2024},
	url={https://arxiv.org/abs/2405.15793}
}

