@INPROCEEDINGS{Zhou2012,
	author={Zhou, Jian and Zhang, Hongyu and Lo, David},
	booktitle={2012 34th International Conference on Software Engineering (ICSE)}, 
	title={Where should the bugs be fixed? More accurate information retrieval-based bug localization based on bug reports}, 
	year={2012},
	volume={},
	number={},
	pages={14-24},
	keywords={Computer bugs;Vectors;Mathematical model;Equations;Information retrieval;Indexing;Computational modeling;bug localization;information retrieval;feature location;bug reports},
	doi={10.1109/ICSE.2012.6227210}}
	
	@ARTICLE{Kim2013,
		author={Kim, Dongsun and Tao, Yida and Kim, Sunghun and Zeller, Andreas},
		journal={IEEE Transactions on Software Engineering}, 
		title={Where Should We Fix This Bug? A Two-Phase Recommendation Model}, 
		year={2013},
		volume={39},
		number={11},
		pages={1597-1610},
		keywords={Predictive models;Feature extraction;Computer bugs;Software;Computational modeling;Data mining;Noise;Bug reports;machine learning;patch file prediction},
		doi={10.1109/TSE.2013.24}}

@inproceedings{Ciborowska2022,
	author = {Ciborowska, Agnieszka and Damevski, Kostadin},
	title = {Fast changeset-based bug localization with BERT},
	year = {2022},
	isbn = {9781450392211},
	publisher = {Association for Computing Machinery},
	address = {New York, NY, USA},
	url = {https://doi.org/10.1145/3510003.3510042},
	doi = {10.1145/3510003.3510042},
	booktitle = {Proceedings of the 44th International Conference on Software Engineering (ICSE)},
	pages = {946–957},
	numpages = {12},
	keywords = {BERT, bug localization, changesets, information retrieval},
	location = {Pittsburgh, Pennsylvania}
}

@ARTICLE{Mohammad2024,
	author = {Rezaalipour, Mohammad and Furia, Carlo A.},
	title = {An empirical study of fault localization in Python programs},
	year = {2024},
	issue_date = {Jul 2024},
	publisher = {Kluwer Academic Publishers},
	address = {USA},
	volume = {29},
	number = {4},
	issn = {1382-3256},
	url = {https://doi.org/10.1007/s10664-024-10475-3},
	doi = {10.1007/s10664-024-10475-3},
	journal = {Empirical Software Engineering},
	month = jun,
	numpages = {59},
}

@inproceedings{
	jimenez2024swebench,
	title={{SWE}-bench: Can Language Models Resolve Real-world Github Issues?},
	author={Carlos E Jimenez and John Yang and Alexander Wettig and Shunyu Yao and Kexin Pei and Ofir Press and Karthik R Narasimhan},
	booktitle={The Twelfth International Conference on Learning Representations (ICLR)},
	year={2024},
	url={https://openreview.net/forum?id=VTF8yNQM66}
}

@misc{chen2024coder,
	title={CodeR: Issue Resolving with Multi-Agent and Task Graphs}, 
	author={Dong Chen and Shaoxin Lin and Muhan Zeng and Daoguang Zan and Jian-Gang Wang and Anton Cheshkov and Jun Sun and Hao Yu and Guoliang Dong and Artem Aliev and Jie Wang and Xiao Cheng and Guangtai Liang and Yuchi Ma and Pan Bian and Tao Xie and Qianxiang Wang},
	year={2024},
	eprint={2406.01304},
	archivePrefix={arXiv},
	primaryClass={cs.CL}
}

@inproceedings{yang2024sweagent,
	title={{SWE}-agent: Agent-Computer Interfaces Enable Automated Software Engineering},
	author={John Yang and Carlos E Jimenez and Alexander Wettig and Kilian Lieret and Shunyu Yao and Karthik R Narasimhan and Ofir Press},
	booktitle={The Thirty-eighth Annual Conference on Neural Information Processing Systems (NIPS)},
	year={2024},
	url={https://arxiv.org/abs/2405.15793}
}

@article{agentless,
	author    = {Xia, Chunqiu Steven and Deng, Yinlin and Dunn, Soren and Zhang, Lingming},
	title     = {Agentless: Demystifying LLM-based Software Engineering Agents},
	year      = {2024},
	journal   = {arXiv preprint},
}

@inproceedings{Leong2024,
	author = {Fwa, Hua Leong},
	title = {Experience Report: Identifying common misconceptions and errors of novice programmers with ChatGPT},
	year = {2024},
	isbn = {9798400704987},
	publisher = {Association for Computing Machinery},
	address = {New York, NY, USA},
	url = {https://doi.org/10.1145/3639474.3640059},
	doi = {10.1145/3639474.3640059},
	booktitle = {Proceedings of the 46th International Conference on Software Engineering: Software Engineering Education and Training (ICSE-SEET)},
	pages = {233–241},
	numpages = {9},
	keywords = {LLM, ChatGPT, misconception, programming, errors, cluster, prompts},
	location = {Lisbon, Portugal}
}

@inproceedings{Bo2024,
	author = {Bo, Lili and Ji, Wangjie and Sun, Xiaobing and Zhang, Ting and Wu, Xiaoxue and Wei, Ying},
	title = {ChatBR: Automated assessment and improvement of bug report quality using ChatGPT},
	year = {2024},
	isbn = {9798400712487},
	publisher = {Association for Computing Machinery},
	address = {New York, NY, USA},
	url = {https://doi.org/10.1145/3691620.3695518},
	doi = {10.1145/3691620.3695518},
	booktitle = {Proceedings of the 39th IEEE/ACM International Conference on Automated Software Engineering (ASE)},
	pages = {1472–1483},
	numpages = {12},
	keywords = {bug report, ChatGPT, pre-trained models, large language models},
	location = {Sacramento, CA, USA}
}

@misc{Zhang2023,
	title={STEAM: Simulating the InTeractive BEhavior of ProgrAMmers for Automatic Bug Fixing}, 
	author={Yuwei Zhang and Zhi Jin and Ying Xing and Ge Li},
	year={2023},
	eprint={2308.14460},
	archivePrefix={arXiv},
	primaryClass={cs.SE},
	url={https://arxiv.org/abs/2308.14460}, 
}

@ARTICLE{Xin2024,
	author={Yin, Xin and Ni, Chao and Wang, Shaohua},
	journal={IEEE Transactions on Software Engineering}, 
	title={Multitask-Based Evaluation of Open-Source LLM on Software Vulnerability}, 
	year={2024},
	volume={50},
	number={11},
	pages={3071-3087},
	keywords={Software;Training;Biological system modeling;Codes;Software quality;Large language models;Source coding;Software systems;Software engineering;Nickel;Software vulnerability analysis;large language model},
	doi={10.1109/TSE.2024.3470333}}

@inproceedings{Guan2024,
	author = {Guan, Hao and Bai, Guangdong and Liu, Yepang},
	title = {Large Language Models Can Connect the Dots: Exploring Model Optimization Bugs with Domain Knowledge-Aware Prompts},
	year = {2024},
	isbn = {9798400706127},
	publisher = {Association for Computing Machinery},
	address = {New York, NY, USA},
	url = {https://doi.org/10.1145/3650212.3680383},
	doi = {10.1145/3650212.3680383},
	booktitle = {Proceedings of the 33rd ACM SIGSOFT International Symposium on Software Testing and Analysis (ISSTA)},
	pages = {1579–1591},
	numpages = {13},
	keywords = {Large Language Model, Library Testing, Model Optimization},
	location = {Vienna, Austria}
}

@ARTICLE{Tu2024,
	author={Tu, Haoxin and Zhou, Zhide and Jiang, He and Yusuf, Imam Nur Bani and Li, Yuxian and Jiang, Lingxiao},
	journal={IEEE Transactions on Software Engineering}, 
	title={Isolating Compiler Bugs by Generating Effective Witness Programs With Large Language Models}, 
	year={2024},
	volume={50},
	number={7},
	pages={1768-1788},
	doi={10.1109/TSE.2024.3397822}}

@inproceedings{Li2020,
	author = {Li, Yi and Wang, Shaohua and Nguyen, Tien N.},
	title = {DLFix: context-based code transformation learning for automated program repair},
	year = {2020},
	isbn = {9781450371216},
	publisher = {Association for Computing Machinery},
	address = {New York, NY, USA},
	url = {https://doi.org/10.1145/3377811.3380345},
	doi = {10.1145/3377811.3380345},
	booktitle = {Proceedings of the ACM/IEEE 42nd International Conference on Software Engineering (ICSE)},
	pages = {602–614},
	numpages = {13},
	location = {Seoul, South Korea}
}

@inproceedings{
	Carlos2024,
	title={{SWE}-bench: Can Language Models Resolve Real-world Github Issues?},
	author={Carlos E Jimenez and John Yang and Alexander Wettig and Shunyu Yao and Kexin Pei and Ofir Press and Karthik R Narasimhan},
	booktitle={The Twelfth International Conference on Learning Representations},
	year={2024},
	url={https://openreview.net/forum?id=VTF8yNQM66}
}

@misc{YangZhou2024,
	title={Hotfixing Large Language Models for Code}, 
	author={Zhou Yang and David Lo},
	year={2024},
	eprint={2408.05727},
	archivePrefix={arXiv},
	primaryClass={cs.SE},
	url={https://arxiv.org/abs/2408.05727}, 
}

@inproceedings{LiGuochang2024,
	author = {Li, Guochang and Zhi, Chen and Chen, Jialiang and Han, Junxiao and Deng, Shuiguang},
	title = {Exploring Parameter-Efficient Fine-Tuning of Large Language Model on Automated Program Repair},
	year = {2024},
	isbn = {9798400712487},
	publisher = {Association for Computing Machinery},
	address = {New York, NY, USA},
	url = {https://doi.org/10.1145/3691620.3695066},
	doi = {10.1145/3691620.3695066},
	booktitle = {Proceedings of the 39th IEEE/ACM International Conference on Automated Software Engineering (ASE)},
	pages = {719–731},
	numpages = {13},
	keywords = {automated program repair, parameter-effective fine-tuning, large language model, execution-based evaluation},
	location = {Sacramento, CA, USA}
}

@article{Fan2024,
	author = {Fan, Lishui and Liu, Jiakun and Liu, Zhongxin and Lo, David and Xia, Xin and Li, Shanping},
	title = {Exploring the Capabilities of LLMs for Code Change Related Tasks},
	year = {2024},
	publisher = {Association for Computing Machinery},
	address = {New York, NY, USA},
	issn = {1049-331X},
	url = {https://doi.org/10.1145/3709358},
	doi = {10.1145/3709358},
	note = {Just Accepted},
	journal = {ACM Trans. Softw. Eng. Methodol.},
	month = dec,
	keywords = {Code-change-related task, large language model, empirical study}
}

@inproceedings{
	hu2022lora,
	title={Lo{RA}: Low-Rank Adaptation of Large Language Models},
	author={Edward J Hu and Yelong Shen and Phillip Wallis and Zeyuan Allen-Zhu and Yuanzhi Li and Shean Wang and Lu Wang and Weizhu Chen},
	booktitle={International Conference on Learning Representations},
	year={2022},
	url={https://openreview.net/forum?id=nZeVKeeFYf9}
}

@inproceedings{wei2022,
	title={Finetuned Language Models are Zero-Shot Learners},
	author={Wei, Jason and Bosma, Maarten and Zhao, Vincent and Guu, Kelvin and Yu, Adams Wei and Lester, Brian and Du, Nan and Dai, Andrew M and Le, Quoc V},
	year = {2022},
	booktitle={International Conference on Learning Representations (ICLR)}
}

@article{Yin2024,
	author = {Yin, ChunLin and Du, KunPeng and Nong, Qiong and Zhang, HongCheng and Yang, Li and Yan, Bin and Huang, Xiang and Wang, XiaoBo and Zhang, Xuan},
	title = {PowerPulse: Power energy chat model with LLaMA model fine-tuned on Chinese and power sector domain knowledge},
	journal = {Expert Systems},
	volume = {41},
	number = {3},
	pages = {e13513},
	keywords = {domain-specific knowledge, instruction fine-tuning, LLaMA, LLMs, LoRA, power energy},
	doi = {https://doi.org/10.1111/exsy.13513},
	url = {https://onlinelibrary.wiley.com/doi/abs/10.1111/exsy.13513},
	eprint = {https://onlinelibrary.wiley.com/doi/pdf/10.1111/exsy.13513},
	year = {2024}
}

@inproceedings{Sanh2022,
	title={Multitask Prompted Training Enables Zero-Shot Task Generalization}, 
	author={Victor Sanh and Albert Webson and Colin Raffel and Stephen H. Bach and Lintang Sutawika and Zaid Alyafeai and Antoine Chaffin and Arnaud Stiegler and Teven Le Scao and Arun Raja and Manan Dey and M Saiful Bari and Canwen Xu and Urmish Thakker and Shanya Sharma Sharma and Eliza Szczechla and Taewoon Kim and Gunjan Chhablani and Nihal Nayak and Debajyoti Datta and Jonathan Chang and Mike Tian-Jian Jiang and Han Wang and Matteo Manica and Sheng Shen and Zheng Xin Yong and Harshit Pandey and Rachel Bawden and Thomas Wang and Trishala Neeraj and Jos Rozen and Abheesht Sharma and Andrea Santilli and Thibault Fevry and Jason Alan Fries and Ryan Teehan and Tali Bers and Stella Biderman and Leo Gao and Thomas Wolf and Alexander M. Rush},
	year={2022},
	booktitle={International Conference on Learning Representations (ICLR)}
}

@inproceedings{Ouyang2024,
	author = {Ouyang, Long and Wu, Jeff and Jiang, Xu and Almeida, Diogo and Wainwright, Carroll L. and Mishkin, Pamela and Zhang, Chong and Agarwal, Sandhini and Slama, Katarina and Ray, Alex and Schulman, John and Hilton, Jacob and Kelton, Fraser and Miller, Luke and Simens, Maddie and Askell, Amanda and Welinder, Peter and Christiano, Paul and Leike, Jan and Lowe, Ryan},
	title = {Training language models to follow instructions with human feedback},
	year = {2024},
	isbn = {9781713871088},
	publisher = {Curran Associates Inc.},
	address = {Red Hook, NY, USA},
	booktitle = {Proceedings of the 36th International Conference on Neural Information Processing Systems (NIPS)},
	articleno = {2011},
	numpages = {15},
	location = {New Orleans, LA, USA}
}

@article{ZhangQuanjun2023,
	title={A Critical Review of Large Language Model on Software Engineering: An Example from ChatGPT and Automated Program Repair},
	author={Quanjun Zhang and Tongke Zhang and Juan Zhai and Chunrong Fang and Bo-Chen Yu and Weisong Sun and Zhenyu Chen},
	journal={ArXiv},
	year={2023},
	volume={abs/2310.08879},
	url={https://api.semanticscholar.org/CorpusID:264127977}
}

@article{Jeanne1987,
	author = {Ferrante, Jeanne and Ottenstein, Karl J. and Warren, Joe D.},
	title = {The program dependence graph and its use in optimization},
	year = {1987},
	issue_date = {July 1987},
	publisher = {Association for Computing Machinery},
	address = {New York, NY, USA},
	volume = {9},
	number = {3},
	issn = {0164-0925},
	url = {https://doi.org/10.1145/24039.24041},
	doi = {10.1145/24039.24041},
	journal = {ACM Trans. Program. Lang. Syst.},
	month = jul,
	pages = {319–349},
	numpages = {31}
}

@article{Susan1990,
	author = {Horwitz, Susan and Reps, Thomas and Binkley, David},
	title = {Interprocedural slicing using dependence graphs},
	year = {1990},
	issue_date = {Jan. 1990},
	publisher = {Association for Computing Machinery},
	address = {New York, NY, USA},
	volume = {12},
	number = {1},
	issn = {0164-0925},
	url = {https://doi.org/10.1145/77606.77608},
	doi = {10.1145/77606.77608},
	journal = {ACM Trans. Program. Lang. Syst.},
	month = jan,
	pages = {26–60},
	numpages = {35}
}

@INPROCEEDINGS{Susan1992,
	author={Horwitz, Susan and Reps, Thomas},
	booktitle={International Conference on Software Engineering (ICSE)}, 
	title={The use of program dependence graphs in software engineering}, 
	year={1992},
	volume={},
	number={},
	pages={392-411},
	keywords={Software engineering;Computer languages;Programming profession;Data structures;Parallel processing;Knowledge engineering;Computerized monitoring;Contracts;Distributed computing},
	doi={10.1145/143062.143156}}


@inproceedings{Yang2024,
	author = {Yang, Aidan Z. H. and Le Goues, Claire and Martins, Ruben and Hellendoorn, Vincent},
	title = {Large Language Models for Test-Free Fault Localization},
	year = {2024},
	isbn = {9798400702174},
	publisher = {Association for Computing Machinery},
	address = {New York, NY, USA},
	url = {https://doi.org/10.1145/3597503.3623342},
	doi = {10.1145/3597503.3623342},
	booktitle = {Proceedings of the IEEE/ACM 46th International Conference on Software Engineering (ICSE)},
	articleno = {17},
	numpages = {12},
	location = {Lisbon, Portugal}
}

@INPROCEEDINGS{Meng2022,
	author={Meng, Xiangxin and Wang, Xu and Zhang, Hongyu and Sun, Hailong and Liu, Xudong},
	booktitle={2022 IEEE/ACM 44th International Conference on Software Engineering (ICSE)}, 
	title={Improving Fault Localization and Program Repair with Deep Semantic Features and Transferred Knowledge}, 
	year={2022},
	volume={},
	number={},
	pages={1169-1180},
	keywords={Location awareness;Codes;Semantics;Computer bugs;Maintenance engineering;Feature extraction;Software debugging;Fault localization;program repair;transfer learning;neural networks;software debugging},
	doi={10.1145/3510003.3510147}}

@inproceedings{Zeng2022,
	author = {Zeng, Muhan and Wu, Yiqian and Ye, Zhentao and Xiong, Yingfei and Zhang, Xin and Zhang, Lu},
	title = {Fault localization via efficient probabilistic modeling of program semantics},
	year = {2022},
	isbn = {9781450392211},
	publisher = {Association for Computing Machinery},
	address = {New York, NY, USA},
	url = {https://doi.org/10.1145/3510003.3510073},
	doi = {10.1145/3510003.3510073},
	booktitle = {Proceedings of the 44th International Conference on Software Engineering (ICSE)},
	pages = {958–969},
	numpages = {12},
	keywords = {fault localization, probabilistic modeling, semantics},
	location = {Pittsburgh, Pennsylvania}
}

@misc{Xu2024,
	title={FlexFL: Flexible and Effective Fault Localization with Open-Source Large Language Models}, 
	author={Chuyang Xu and Zhongxin Liu and Xiaoxue Ren and Gehao Zhang and Ming Liang and David Lo},
	year={2024},
	eprint={2411.10714},
	archivePrefix={arXiv},
	primaryClass={cs.SE},
	url={https://arxiv.org/abs/2411.10714}, 
}

@INPROCEEDINGS{Spencer2017,
	author={Pearson, Spencer and Campos, José and Just, René and Fraser, Gordon and Abreu, Rui and Ernst, Michael D. and Pang, Deric and Keller, Benjamin},
	booktitle={2017 IEEE/ACM 39th International Conference on Software Engineering (ICSE)}, 
	title={Evaluating and Improving Fault Localization}, 
	year={2017},
	volume={},
	number={},
	pages={609-620},
	keywords={Maintenance engineering;Tools;Debugging;Java;Computer bugs;Focusing;Manuals},
	doi={10.1109/ICSE.2017.62}}
	
@INPROCEEDINGS{Chris2018,
	author={Mills, Chris and Pantiuchina, Jevgenija and Parra, Esteban and Bavota, Gabriele and Haiduc, Sonia},
	booktitle={2018 IEEE International Conference on Software Maintenance and Evolution (ICSME)}, 
	title={Are Bug Reports Enough for Text Retrieval-Based Bug Localization?}, 
	year={2018},
	volume={},
	number={},
	pages={381-392},
	keywords={Computer bugs;Vocabulary;Task analysis;Genetic algorithms;Software engineering;Manuals;Software;text retrieval;bug localization;query formulation;bug reports},
	doi={10.1109/ICSME.2018.00046}}

@article{ZHANG2015,
	author = {Zhang, Jie and Wang, Xiaoyin and Hao, Dan and Xie, Bing and Zhang, Lu and Mei, Hong},
	title = {A survey on bug-report analysis},
	journal = {SCIENCE CHINA Information Sciences},
	year = {2015},
	volume = {58},
	number = {2},
	pages = {021101-021101},
	doi = {https://doi.org/10.1007/s11432-014-5241-2}
}

@inproceedings{Zhang2024,
	author = {Zhang, Yuntong and Ruan, Haifeng and Fan, Zhiyu and Roychoudhury, Abhik},
	title = {AutoCodeRover: Autonomous Program Improvement},
	year = {2024},
	isbn = {9798400706127},
	publisher = {Association for Computing Machinery},
	address = {New York, NY, USA},
	url = {https://doi.org/10.1145/3650212.3680384},
	doi = {10.1145/3650212.3680384},
	booktitle = {Proceedings of the 33rd ACM SIGSOFT International Symposium on Software Testing and Analysis (ISSTA)},
	pages = {1592–1604},
	numpages = {13},
	keywords = {automatic program repair, autonomous software engineering, autonomous software improvement, large language model},
	location = {Vienna, Austria}
}


@INPROCEEDINGS{Yang2021,
	author={Yang, Zhou and Shi, Jieke and Wang, Shaowei and Lo, David},
	booktitle={2021 36th IEEE/ACM International Conference on Automated Software Engineering (ASE)}, 
	title={IncBL: Incremental Bug Localization}, 
	year={2021},
	volume={},
	number={},
	pages={1223-1226},
	keywords={Location awareness;Analytical models;Codes;Computer bugs;Information retrieval;Mathematical models;Open source software;Bug Localization;Information Retrieval;Mining Software Repository},
	doi={10.1109/ASE51524.2021.9678546}}

@inproceedings{Sun2024,
	author = {Sun, Zhensu and Du, Xiaoning and Yang, Zhou and Li, Li and Lo, David},
	title = {AI Coders Are among Us: Rethinking Programming Language Grammar towards Efficient Code Generation},
	year = {2024},
	isbn = {9798400706127},
	publisher = {Association for Computing Machinery},
	address = {New York, NY, USA},
	url = {https://doi.org/10.1145/3650212.3680347},
	doi = {10.1145/3650212.3680347},
	booktitle = {Proceedings of the 33rd ACM SIGSOFT International Symposium on Software Testing and Analysis (ISSTA)},
	pages = {1124–1136},
	numpages = {13},
	keywords = {Code Generation, Large Language Model, Programming Language},
	location = {Vienna, Austria}
}

@article{Hou2024,
	author = {Hou, Xinyi and Zhao, Yanjie and Liu, Yue and Yang, Zhou and Wang, Kailong and Li, Li and Luo, Xiapu and Lo, David and Grundy, John and Wang, Haoyu},
	title = {Large Language Models for Software Engineering: A Systematic Literature Review},
	year = {2024},
	issue_date = {November 2024},
	publisher = {Association for Computing Machinery},
	address = {New York, NY, USA},
	volume = {33},
	number = {8},
	issn = {1049-331X},
	url = {https://doi.org/10.1145/3695988},
	doi = {10.1145/3695988},
	journal = {ACM Trans. Softw. Eng. Methodol.},
	month = dec,
	articleno = {220},
	numpages = {79},
	keywords = {Software Engineering, Large Language Model, Survey}
}

@misc{openai2023gpt4,
	title        = {{GPT-4 Technical Report}},
	author       = {OpenAI},
	howpublished = {\url{https://cdn.openai.com/papers/GPT-4.pdf}},
	month        = mar,
	year         = {2023},
	note         = {Accessed: 20 January 2025}
}

@article{YangHaoran2024,
	author = {Yang, Haoran and Nong, Yu and Zhang, Tao and Luo, Xiapu and Cai, Haipeng},
	title = {Learning to Detect and Localize Multilingual Bugs},
	year = {2024},
	issue_date = {July 2024},
	publisher = {Association for Computing Machinery},
	address = {New York, NY, USA},
	volume = {1},
	number = {FSE},
	url = {https://doi.org/10.1145/3660804},
	doi = {10.1145/3660804},
	journal = {Proc. ACM Softw. Eng.},
	month = jul,
	articleno = {97},
	numpages = {24},
}

@inproceedings{Michael2020,
	author = {Pradel, Michael and Murali, Vijayaraghavan and Qian, Rebecca and Machalica, Mateusz and Meijer, Erik and Chandra, Satish},
	title = {Scaffle: bug localization on millions of files},
	booktitle = {ACM SIGSOFT International Symposium on Software Testing and Analysis (ISSTA)},
	year = {2020},
	isbn = {9781450380089},
	publisher = {Association for Computing Machinery},
	address = {New York, NY, USA},
	url = {https://doi.org/10.1145/3395363.3397356},
	doi = {10.1145/3395363.3397356},
	pages = {225–236},
	numpages = {12},
	keywords = {Bug localization, machine learning, software crashes},
	location = {Virtual Event, USA}
}


@INPROCEEDINGS{Beszédes2020,
	author={Besz\'{e}des, \'{A}rp\'{a}d and Horv\'{a}th, Ferenc and Di Penta, Massimiliano and Gyim\'{o}thy, Tibor},
	booktitle={2020 IEEE 27th International Conference on Software Analysis, Evolution and Reengineering (SANER)}, 
	title={Leveraging Contextual Information from Function Call Chains to Improve Fault Localization}, 
	year={2020},
	volume={},
	number={},
	pages={468-479},
	keywords={Location awareness;Analytical models;Runtime;Codes;Conferences;Computer bugs;Debugging;Spectrum Based Fault Localization;Function Call Chains;Call Stack Traces;Testing and Debugging},
	doi={10.1109/SANER48275.2020.9054820}}

@ARTICLE{ChenXin2024,
	author={Chen, Xin and Sun, Tian and Zhuang, Dongling and Yu, Dongjin and Jiang, He and Zhou, Zhide and Li, Sicheng},
	journal={IEEE Transactions on Software Engineering}, 
	title={HetFL: Heterogeneous Graph-Based Software Fault Localization}, 
	year={2024},
	volume={50},
	number={11},
	pages={2884-2905},
	keywords={Location awareness;Software;History;Vectors;Computer science;Codes;Aggregates;Heterogeneous graph;change history;call relationship;fault localization;attention mechanism},
	doi={10.1109/TSE.2024.3454605}}

@INPROCEEDINGS{Le2018,
	author={Yu, Le and Chen, Jiachi and Zhou, Hao and Luo, Xiapu and Liu, Kang},
	booktitle={2018 48th Annual IEEE/IFIP International Conference on Dependable Systems and Networks (DSN)}, 
	title={Localizing Function Errors in Mobile Apps with User Reviews}, 
	year={2018},
	volume={},
	number={},
	pages={418-429},
	keywords={Semantics;Tools;Androids;Humanoid robots;Graphical user interfaces;Computer bugs;Review;bug;Android;Static Analysis;NLP},
	doi={10.1109/DSN.2018.00051}}


@ARTICLE{Weiser1984,
	author={Weiser, Mark},
	journal={IEEE Transactions on Software Engineering}, 
	title={Program Slicing}, 
	year={1984},
	volume={SE-10},
	number={4},
	pages={352-357},
	keywords={Trajectory;Data mining;Probability density function;Merging;Program processors;Debugging;Algorithms;Data flow analysis;debugging;human factors;parallel processing;program maintenance;program metrics;slicing;software tools},
	doi={10.1109/TSE.1984.5010248}}

@INPROCEEDINGS{Cao2022,
	author={Cao, Sicong and Sun, Xiaobing and Bo, Lili and Wu, Rongxin and Li, Bin and Tao, Chuanqi},
	booktitle={2022 IEEE/ACM 44th International Conference on Software Engineering (ICSE)}, 
	title={MVD: Memory-Related Vulnerability Detection Based on Flow-Sensitive Graph Neural Networks}, 
	year={2022},
	volume={},
	number={},
	pages={1456-1468},
	keywords={Analytical models;Codes;Semantics;Detectors;Graph neural networks;Software;Security;Memory-Related Vulnerability;Vulnerability Detection;Graph Neural Networks;Flow Analysis},
	doi={10.1145/3510003.3510219}}

@inproceedings{Jiang2024,
	title = {Leveraging Context-Aware Prompting for Commit Message Generation},
	author = {Jiang, Zhihua  and Chen, Jianwei  and Rao, Dongning  and Ye, Guanghui},
	booktitle = {Proceedings of the 2024 Conference on Empirical Methods in Natural Language Processing},
	month = {nov},
	year = {2024},
	address = {Miami, Florida, USA},
	publisher = {Association for Computational Linguistics},
	url = {https://aclanthology.org/2024.emnlp-main.749},
	doi = {10.18653/v1/2024.emnlp-main.749},
	pages = {13522--13540}
}

@inproceedings{WangChe2024,
	author = {Wang, Che and Zhang, Jiashuo and Gao, Jianbo and Xia, Libin and Guan, Zhi and Chen, Zhong},
	title = {ContractTinker: LLM-Empowered Vulnerability Repair for Real-World Smart Contracts},
	year = {2024},
	isbn = {9798400712487},
	publisher = {Association for Computing Machinery},
	address = {New York, NY, USA},
	url = {https://doi.org/10.1145/3691620.3695349},
	doi = {10.1145/3691620.3695349},
	booktitle = {Proceedings of the 39th IEEE/ACM International Conference on Automated Software Engineering (ASE)},
	pages = {2350–2353},
	numpages = {4},
	keywords = {program repair, smart contract, large language model},
	location = {Sacramento, CA, USA}
}

@misc{joern2025,
	title        = {Open-source code analysis platform for C/C++/Java/Binary/Javascript/Python/Kotlin based on code property graphs.},
	howpublished = {\url{https://joern.io/}}
}

@inproceedings{zheng2024llamafactory,
	title={LlamaFactory: Unified Efficient Fine-Tuning of 100+ Language Models},
	author={Yaowei Zheng and Richong Zhang and Junhao Zhang and Yanhan Ye and Zheyan Luo and Zhangchi Feng and Yongqiang Ma},
	booktitle={Proceedings of the 62nd Annual Meeting of the Association for Computational Linguistics (ACL)},
	address={Bangkok, Thailand},
	publisher={Association for Computational Linguistics},
	year={2024},
	url={http://arxiv.org/abs/2403.13372}
}


@INPROCEEDINGS{Han2024,
	author={Han, Mei and Wang, Lulu and Chang, Jianming and Li, Bixin and Zhang, Chunguang},
	booktitle={2024 IEEE 35th International Symposium on Software Reliability Engineering (ISSRE)}, 
	title={Learning Graph-based Patch Representations for Identifying and Assessing Silent Vulnerability Fixes}, 
	year={2024},
	volume={},
	number={},
	pages={120-131},
	keywords={Representation learning;Codes;Source coding;Pipelines;Semantics;Syntactics;Feature extraction;Software;Software reliability;Security;silent vulnerability fix;code representation;graph neural network},
	doi={10.1109/ISSRE62328.2024.00022}}

@misc{Diederik2017,
	title={Adam: A Method for Stochastic Optimization}, 
	author={Diederik P. Kingma and Jimmy Ba},
	year={2017},
	eprint={1412.6980},
	archivePrefix={arXiv},
	primaryClass={cs.LG},
	url={https://arxiv.org/abs/1412.6980}, 
}

@misc{Ilya2017,
	title={SGDR: Stochastic Gradient Descent with Warm Restarts}, 
	author={Ilya Loshchilov and Frank Hutter},
	year={2017},
	eprint={1608.03983},
	archivePrefix={arXiv},
	primaryClass={cs.LG},
	url={https://arxiv.org/abs/1608.03983}, 
}

@article{Panichella2021,
	title = {“Won’t We Fix this Issue?” Qualitative characterization and automated identification of wontfix issues on GitHub},
	journal = {Information and Software Technology},
	volume = {139},
	pages = {106665},
	year = {2021},
	issn = {0950-5849},
	doi = {https://doi.org/10.1016/j.infsof.2021.106665},
	url = {https://www.sciencedirect.com/science/article/pii/S0950584921001269},
	author = {Sebastiano Panichella and Gerardo Canfora and Andrea {Di Sorbo}},
	keywords = {Issue tracking, Issue management, Empirical study, Machine learning}
}

@inproceedings{dao2022flashattention,
	title={Flash{A}ttention: Fast and Memory-Efficient Exact Attention with {IO}-Awareness},
	author={Dao, Tri and Fu, Daniel Y. and Ermon, Stefano and Rudra, Atri and R{\'e}, Christopher},
	booktitle={Advances in Neural Information Processing Systems (NeurIPS)},
	year={2022}
}



