@inproceedings{barstochastic,
  title={Stochastic positional embeddings improve masked image modeling},
  author={Bar, Amir and Bordes, Florian and Shocher, Assaf and Assran, Mido and Vincent, Pascal and Ballas, Nicolas and Darrell, Trevor and Globerson, Amir and LeCun, Yann},
  booktitle=ICML,
year={2024},
}

@inproceedings{beit,
  title     = {BEiT: BERT Pre-Training of Image Transformers},
  author    = {Bao, Hangbo and Dong, Li and Wei, Furu},
  booktitle = ICLR,
  year      = {2021}
}

@article{bert,
  author  = {Jacob Devlin and
             Ming{-}Wei Chang and
             Kenton Lee and
             Kristina Toutanova},
  title   = {{BERT:} Pre-training of Deep Bidirectional Transformers for Language
             Understanding},
  journal = {CoRR},
  year    = {2018}
}

@inproceedings{data2vec,
  title     = {data2vec: A General Framework for Self-supervised Learning in Speech, Vision and Language},
  author    = {Baevski, Alexei and Hsu, Wei-Ning and Xu, Qiantong and Babu, Arun and Gu, Jiatao and Auli, Michael},
  booktitle = ICML,
  year      = {2022}
}

@inproceedings{deepcluster,
  title     = {Deep clustering for unsupervised learning of visual features},
  author    = {Caron, Mathilde and Bojanowski, Piotr and Joulin, Armand and Douze, Matthijs},
  booktitle = ECCV,
  year      = {2018}
}

@inproceedings{dino,
  title     = {Emerging properties in self-supervised vision transformers},
  author    = {Caron, Mathilde and Touvron, Hugo and Misra, Ishan and J{\'e}gou, Herv{\'e} and Mairal, Julien and Bojanowski, Piotr and Joulin, Armand},
  booktitle = ICCV,
  year      = {2021}
}

@article{dinov2,
  title   = {DINOv2: Learning robust visual features without supervision},
  author  = {Oquab, Maxime and Darcet, Timoth{\'e}e and Moutakanni, Th{\'e}o and Vo, Huy and Szafraniec, Marc and Khalidov, Vasil and Fernandez, Pierre and Haziza, Daniel and Massa, Francisco and El-Nouby, Alaaeldin and others},
  journal = TMLR,
  year    = {2024}
}

@inproceedings{doersch2015unsupervised,
  title     = {Unsupervised visual representation learning by context prediction},
  author    = {Doersch, Carl and Gupta, Abhinav and Efros, Alexei A},
  booktitle = ICCV,
  year      = {2015}
}

@inproceedings{dosovitskiy2020image,
  title     = {An Image is Worth 16x16 Words: Transformers for Image Recognition at Scale},
  author    = {Dosovitskiy, Alexey and Beyer, Lucas and Kolesnikov, Alexander and Weissenborn, Dirk and Zhai, Xiaohua and Unterthiner, Thomas and Dehghani, Mostafa and Minderer, Matthias and Heigold, Georg and Gelly, Sylvain and others},
  booktitle = ICLR,
  year      = {2021}
}

@inproceedings{gidaris2018unsupervised,
  title     = {Unsupervised Representation Learning by Predicting Image Rotations},
  author    = {Spyros Gidaris and Praveer Singh and Nikos Komodakis},
  booktitle = ICLR,
  year      = {2018}
}

@article{gigapath,
  title   = {A whole-slide foundation model for digital pathology from real-world data},
  author  = {Xu, Hanwen and Usuyama, Naoto and Bagga, Jaspreet and Zhang, Sheng and Rao, Rajesh and Naumann, Tristan and Wong, Cliff and Gero, Zelalem and Gonz{\'a}lez, Javier and Gu, Yu and others},
  journal = {Nature},
  year    = {2024}
}

@misc{gpt,
  title  = {Improving language understanding by generative pre-training},
  author = {Radford, Alec and
            Narasimhan, Karthik and
            Salimans, Tim and
            Sutskever, Ilya
            },
  year   = {2018}
}

@inproceedings{he2020momentum,
  title     = {Momentum contrast for unsupervised visual representation learning},
  author    = {He, Kaiming and Fan, Haoqi and Wu, Yuxin and Xie, Saining and Girshick, Ross},
  booktitle = CVPR,
  year      = {2020}
}

@inproceedings{he2021masked,
  title     = {Masked autoencoders are scalable vision learners},
  author    = {He, Kaiming and Chen, Xinlei and Xie, Saining and Li, Yanghao and Doll{\'a}r, Piotr and Girshick, Ross},
  booktitle = CVPR,
  year      = {2022}
}

@article{huang2023contrastive,
  title={Contrastive masked autoencoders are stronger vision learners},
  author={Huang, Zhicheng and Jin, Xiaojie and Lu, Chengze and Hou, Qibin and Cheng, Ming-Ming and Fu, Dongmei and Shen, Xiaohui and Feng, Jiashi},
  journal=TPAMI,
  year={2023},
}

@inproceedings{ibot,
  title     = {iBOT: Image bert pre-training with online tokenizer},
  author    = {Zhou, Jinghao and Wei, Chen and Wang, Huiyu and Shen, Wei and Xie, Cihang and Yuille, Alan and Kong, Tao},
  booktitle = ICLR,
  year      = {2022}
}

@inproceedings{igpt,
  title     = {Generative pretraining from pixels},
  author    = {Chen, Mark and Radford, Alec and Child, Rewon and Wu, Jeffrey and Jun, Heewoo and Luan, David and Sutskever, Ilya},
  booktitle = ICML,
  year      = {2020}
}

@inproceedings{ijepa,
  title     = {Self-Supervised Learning from Images with a Joint-Embedding Predictive Architecture},
  author    = {Assran, Mahmoud and Duval, Quentin and Misra, Ishan and Bojanowski, Piotr and Vincent, Pascal and Rabbat, Michael and LeCun, Yann and Ballas, Nicolas},
  booktitle = CVPR,
  year      = {2023}
}

@inproceedings{pathakCVPR16context,
  author    = {Pathak, Deepak and
               Kr\"ahenb\"uhl, Philipp and
               Donahue, Jeff and
               Darrell, Trevor and
               Efros, Alexei},
  title     = {Context Encoders:
               Feature Learning by Inpainting},
  booktitle = CVPR,
  year      = {2016}
}

@inproceedings{ramesh2021clip,
  title     = {Zero-Shot Text-to-Image Generation},
  author    = {Ramesh, Aditya and Pavlov, Mikhail and Goh, Gabriel and Gray, Scott and Voss, Chelsea and Radford, Alec and Chen, Mark and Sutskever, Ilya},
  booktitle = ICML,
  year      = {2021}
}

@inproceedings{simclr,
  title     = {A simple framework for contrastive learning of visual representations},
  author    = {Chen, Ting and Kornblith, Simon and Norouzi, Mohammad and Hinton, Geoffrey},
  booktitle = ICML,
  year      = {2020}
}

@inproceedings{swav,
  title     = {Unsupervised learning of visual features by contrasting cluster assignments},
  author    = {Caron, Mathilde and Misra, Ishan and Mairal, Julien and Goyal, Priya and Bojanowski, Piotr and Joulin, Armand},
  booktitle = NIPS,
  year      = {2020}
}

@article{tolan2024very,
  title   = {Very high resolution canopy height maps from RGB imagery using self-supervised vision transformer and convolutional decoder trained on aerial lidar},
  author  = {Tolan, Jamie and Yang, Hung-I and Nosarzewski, Benjamin and Couairon, Guillaume and Vo, Huy V and Brandt, John and Spore, Justine and Majumdar, Sayantan and Haziza, Daniel and Vamaraju, Janaki and others},
  journal = {Remote Sensing of Environment},
  year    = {2024}
}

@inproceedings{vaswani2017attention,
  title     = {Attention is all you need},
  author    = {Vaswani, Ashish and Shazeer, Noam and Parmar, Niki and Uszkoreit, Jakob and Jones, Llion and Gomez, Aidan N and Kaiser, {\L}ukasz and Polosukhin, Illia},
  booktitle = NIPS,
  year      = {2017}
}

@inproceedings{vincent2008extracting,
  author    = {P. Vincent and H. Larochelle and Y. Bengio and P.-A. Manzagol},
  title     = {Extracting and composing robust features with denoising autoencoders},
  booktitle = ICML,
  year      = {2008}
}

@article{xie2021simmim,
  title   = {Simmim: A simple framework for masked image modeling},
  author  = {Xie, Zhenda and Zhang, Zheng and Cao, Yue and Lin, Yutong and Bao, Jianmin and Yao, Zhuliang and Dai, Qi and Hu, Han},
  journal = {arXiv},
  year    = {2021}
}

@inproceedings{zhang2016colorful,
  title     = {Colorful image colorization},
  author    = {Zhang, Richard and Isola, Phillip and Efros, Alexei A},
  booktitle = ECCV,
  year      = {2016}
}

