@inproceedings{andrychowicz2020matters,
  title={What matters for on-policy deep actor-critic methods? a large-scale study},
  author={Andrychowicz, Marcin and Raichuk, Anton and Sta{\'n}czyk, Piotr  and others},
  booktitle={International Conference on Learning Representations (ICLR)},
  year={2021}
}

@inproceedings{augmentation1,
  title={Image augmentation is all you need: Regularizing deep reinforcement learning from pixels},
  author={Yarats, Denis and Kostrikov, Ilya and Fergus, Rob},
  booktitle={International Conference on Learning Representations (ICLR)},
  year={2020}
}

@inproceedings{cg2a,
  title={Improving generalization in visual reinforcement learning via conflict-aware gradient agreement augmentation},
  author={Liu, Siao and Chen, Zhaoyu and Liu, Yang and Wang, Yuzheng and Yang, Dingkang and Zhao, Zhile and Zhou, Ziqing and Yi, Xie and Li, Wei and Zhang, Wenqiang and others},
    booktitle = {Proceedings of the IEEE/CVF International Conference on Computer Vision (ICCV)},
  year={2023},
  pages={23436--23446}
}

@inproceedings{cnsn,
  title={Normalization Enhances Generalization in Visual Reinforcement Learning},
  author={Li, Lu and Lyu, Jiafei and Ma, Guozheng and Wang, Zilin and Yang, Zhenjie and Li, Xiu and Li, Zhiheng},
  booktitle={Proceedings of the 23rd International Conference on Autonomous Agents and Multiagent Systems (AAMAS)},
  pages={1137--1146},
  year={2024}
}

@inproceedings{dbc,
  author       = {Amy Zhang and
                  Rowan Thomas McAllister and
                  Roberto Calandra and
                  Yarin Gal and
                  Sergey Levine},
  title        = {Learning Invariant Representations for Reinforcement Learning without
                  Reconstruction},
  booktitle    = {International Conference on Learning Representations (ICLR)},
  year         = {2021},
}

@inproceedings{dcpg,
  title={Rethinking Value Function Learning for Generalization in Reinforcement Learning},
  author={Moon, Seungyong and Lee, JunYeong and Song, Hyun Oh},
  booktitle={Advances in Neural Information Processing Systems (NeurIPS)},
  year={2022},
  volume={35},
  pages={34846--34858}
}

@inproceedings{does?,
  title={Does self-supervised learning really improve reinforcement learning from pixels?},
  author={Li, Xiang and Shang, Jinghuan and Das, Srijan and Ryoo, Michael},
  booktitle={Advances in Neural Information Processing Systems (NeurIPS)},
  year={2022},
  volume={35},
  pages={30865--30881}
}

@inproceedings{drg,
  title={Dream to generalize: zero-shot model-based reinforcement learning for unseen visual distractions},
  author={Ha, Jeongsoo and Kim, Kyungsoo and Kim, Yusung},
  booktitle={Association for the Advancement of Artificial Intelligence (AAAI)},
  year={2023},
  volume={37},
  number={6},
  pages={7802--7810}
}

@inproceedings{drq,
  author       = {Denis Yarats and
                  Ilya Kostrikov and
                  Rob Fergus},
  title        = {Image Augmentation Is All You Need: Regularizing Deep Reinforcement
                  Learning from Pixels},
  booktitle    = {International Conference on Learning Representations (ICLR)},
  year         = {2021},
}

@inproceedings{idaac,
  title={Decoupling value and policy for generalization in reinforcement learning},
  author={Raileanu, Roberta and Fergus, Rob},
  booktitle={International Conference on Machine Learning (ICML)},
  organization={PMLR},
  year={2021},
  pages={8787--8798}
}

@inproceedings{iso-dream,
  title={Iso-dream: Isolating and leveraging noncontrollable visual dynamics in world models},
  author={Pan, Minting and Zhu, Xiangming and Wang, Yunbo and Yang, Xiaokang},
  booktitle={Advances in Neural Information Processing Systems (NeurIPS)},
  year={2022},
  volume={35},
  pages={23178--23191}
}

@inproceedings{madi,
  title={MaDi: Learning to Mask Distractions for Generalization in Visual Deep Reinforcement Learning.},
  author={Bram Grooten and Tristan Tomilin and Gautham Vasan and Matthew E. Taylor and A. Rupam Mahmood and Meng Fang and Mykola Pechenizkiy and Decebal Constantin Mocanu},
  booktitle={Proceedings of the 23rd International Conference on Autonomous Agents and Multiagent Systems (AAMAS)},
  pages={733--742},
  year={2024}
}

@inproceedings{pad,
  author       = {Nicklas Hansen and
                  Rishabh Jangir and
                  Yu Sun and
                  Guillem Aleny{\`{a}} and
                  Pieter Abbeel and
                  Alexei A. Efros and
                  Lerrel Pinto and
                  Xiaolong Wang},
  title        = {Self-Supervised Policy Adaptation during Deployment},
  booktitle    = {International Conference on Learning Representations (ICLR) },
  year         = {2021}
}

@inproceedings{ppg,
  author       = {Karl Cobbe and
                  Jacob Hilton and
                  Oleg Klimov and
                  John Schulman},
  title        = {Phasic Policy Gradient},
  booktitle    = {International Conference on Machine Learning (ICML)},
  publisher    = {{PMLR}},
  year         = {2021},
  volume       = {139},
  pages        = {2020--2027}
}

@inproceedings{rad,
  title={Reinforcement learning with augmented data},
  author={Laskin, Misha and Lee, Kimin and Stooke, Adam and Pinto, Lerrel and Abbeel, Pieter and Srinivas, Aravind},
  booktitle={Advances in Neural Information Processing Systems (NeurIPS)},
  year={2020},
  volume={33},
  pages={19884--19895}
}

@inproceedings{sgqn,
  title={Look where you look! Saliency-guided Q-networks for generalization in visual Reinforcement Learning},
  author={Bertoin, David and Zouitine, Adil and Zouitine, Mehdi and Rachelson, Emmanuel},
  booktitle={Advances in Neural Information Processing Systems (NeurIPS)},
  year={2022},
  volume={35},
  pages={30693--30706}
}

@inproceedings{svea,
  author       = {Nicklas Hansen and
                  Hao Su and
                  Xiaolong Wang},
  title        = {Stabilizing Deep Q-Learning with ConvNets and Vision Transformers
                  under Data Augmentation},
  booktitle    = {Advances in Neural Information Processing Systems (NeurIPS)},
  year         = {2021},
  pages        = {3680--3693}
}

@inproceedings{ted,
  author       = {Mhairi Dunion and
                  Trevor McInroe and
                  Kevin Sebastian Luck and
                  Josiah P. Hanna and
                  Stefano V. Albrecht},
  title        = {Temporal Disentanglement of Representations for Improved Generalisation
                  in Reinforcement Learning},
  booktitle    = {International Conference on Learning Representations (ICLR)},
  year         = {2023},
}

@inproceedings{yarats2021improving,
  title={Improving sample efficiency in model-free reinforcement learning from images},
  author={Yarats, Denis and Zhang, Amy and Kostrikov, Ilya and Amos, Brandon and Pineau, Joelle and Fergus, Rob},
  booktitle={Association for the Advancement of Artificial Intelligence (AAAI)},
  year={2021},
  volume={35},
  number={12},
  pages={10674--10681}
}

