@inproceedings{ppg,
  author       = {Karl Cobbe and
                  Jacob Hilton and
                  Oleg Klimov and
                  John Schulman},
  title        = {Phasic Policy Gradient},
  booktitle    = {International Conference on Machine Learning (ICML)},
  publisher    = {{PMLR}},
  year         = {2021},
  volume       = {139},
  pages        = {2020--2027}
}

@article{jas_clique,
  title={Clique-based cooperative multiagent reinforcement learning using factor graphs},
  author={Zhang, Zhen and Zhao, Dongbin},
  journal={IEEE/CAA Journal of Automatica Sinica},
  volume={1},
  number={3},
  pages={248--256},
  year={2014},
  publisher={IEEE}
}

@inproceedings{wang2021highway,
  title={Highway lane change decision-making via attention-based deep reinforcement learning},
  author={Wang, Junjie and Zhang, Qichao and Zhao, Dongbin},
  journal={IEEE/CAA Journal of Automatica Sinica},
  volume={9},
  number={3},
  pages={567--569},
  year={2022},
  publisher={IEEE}
}

@article{liu2021hierarchical,
  title={Hierarchical reinforcement learning with automatic sub-goal identification},
  author={Liu, Chenghao and Zhu, Fei and Liu, Quan and Fu, Yuchen},
  journal={IEEE/CAA journal of automatica sinica},
  volume={8},
  number={10},
  pages={1686--1696},
  year={2021},
  publisher={IEEE}
}

@article{ming2024constrained,
  title={Constrained multi-objective optimization with deep reinforcement learning assisted operator selection},
  author={Ming, Fei and Gong, Wenyin and Wang, Ling and Jin, Yaochu},
  journal={IEEE/CAA Journal of Automatica Sinica},
  volume={11},
  number={4},
  pages={919--931},
  year={2024},
  publisher={IEEE}
}

@inproceedings{overlay,
  author       = {Nicklas Hansen and
                  Xiaolong Wang},
  title        = {Generalization in Reinforcement Learning by Soft Data Augmentation},
  booktitle    = {International Conference on Robotics and Automation (ICRA)},
  publisher    = {{IEEE}},
  year         = {2021},
  pages        = {13611--13617}
}

@inproceedings{random_conv,
  author       = {Kimin Lee and
                  Kibok Lee and
                  Jinwoo Shin and
                  Honglak Lee},
  title        = {Network Randomization: {A} Simple Technique for Generalization in Deep Reinforcement Learning},
  booktitle    = {International Conference on Learning Representations (ICLR)},
  year         = {2020}
}


@inproceedings{transition,
  title={Learning Representations for Pixel-based Control: What Matters and Why?},
  author={Tomar, Manan and Mishra, Utkarsh A and Zhang, Amy and Taylor, Matthew E},
  journal={arXiv preprint arXiv:2111.07775},
  year={2021}
}

@inproceedings{vanilla,
  title={Deep inside convolutional networks: Visualising image classification models and saliency maps},
  author={Simonyan, Karen and Vedaldi, Andrea and Zisserman, Andrew},
  booktitle    = {International Conference on Learning Representations (ICLR)},
  year         = {2014}
}

@inproceedings{carla,
  author       = {Alexey Dosovitskiy and
                  Germ{\'{a}}n Ros and
                  Felipe Codevilla and
                  Antonio M. L{\'{o}}pez and
                  Vladlen Koltun},
  title        = {{CARLA:} An Open Urban Driving Simulator},
  booktitle    = {Conference on Robot Learning (CoRL)},
  publisher    = {{PMLR}},
  year         = {2017},
  volume       = {78},
  pages        = {1--16}
}

@inproceedings{dmc,
  title={Deepmind control suite},
  author={Tassa, Yuval and Doron, Yotam and Muldal, Alistair and Erez, Tom and Li, Yazhe and Casas, Diego de Las and Budden, David and Abdolmaleki, Abbas and Merel, Josh and Lefrancq, Andrew and others},
  journal={arXiv preprint arXiv:1801.00690},
  year={2018}
}


@inproceedings{sac,
  author       = {Tuomas Haarnoja and
                  Aurick Zhou and
                  Pieter Abbeel and
                  Sergey Levine},
  title        = {Soft Actor-Critic: Off-Policy Maximum Entropy Deep Reinforcement Learning with a Stochastic Actor},
  booktitle    = {International Conference on Machine Learning (ICML)},
  publisher    = {{PMLR}},
  year         = {2018},
  volume       = {80},
  pages        = {1856--1865}
}

@inproceedings{svea,
  author       = {Nicklas Hansen and
                  Hao Su and
                  Xiaolong Wang},
  title        = {Stabilizing Deep Q-Learning with ConvNets and Vision Transformers
                  under Data Augmentation},
  booktitle    = {Advances in Neural Information Processing Systems (NeurIPS)},
  year         = {2021},
  pages        = {3680--3693}
}

@inproceedings{sim,
  author       = {Keyu Wu and
                  Min Wu and
                  Zhenghua Chen and
                  Yuecong Xu and
                  Xiaoli Li},
  title        = {Generalizing Reinforcement Learning through Fusing Self-Supervised
                  Learning into Intrinsic Motivation},
  booktitle    = {Association for the Advancement of Artificial Intelligence (AAAI)},
  year         = {2022},
  pages        = {8683--8690}
}

@inproceedings{tlda,
  author       = {Zhecheng Yuan and
                  Guozheng Ma and
                  Yao Mu and
                  Bo Xia and
                  Bo Yuan and
                  Xueqian Wang and
                  Ping Luo and
                  Huazhe Xu},
  title        = {Don't Touch What Matters: Task-Aware Lipschitz Data Augmentation for
                  Visual Reinforcement Learning},
  booktitle    = {International Joint Conferences on Artificial Intelligence (IJCAI)},
  year         = {2022},
  pages        = {3702--3708}
}

@inproceedings{pie-g,
  title={Pre-trained image encoder for generalizable visual reinforcement learning},
  author={Yuan, Zhecheng and Xue, Zhengrong and Yuan, Bo and Wang, Xueqian and Wu, Yi and Gao, Yang and Xu, Huazhe},
  booktitle={Advances in Neural Information Processing Systems (NeurIPS)},
  year={2022},
  volume={35},
  pages={13022--13037}
}


@inproceedings{sgqn,
  title={Look where you look! Saliency-guided Q-networks for generalization in visual Reinforcement Learning},
  author={Bertoin, David and Zouitine, Adil and Zouitine, Mehdi and Rachelson, Emmanuel},
  booktitle={Advances in Neural Information Processing Systems (NeurIPS)},
  year={2022},
  volume={35},
  pages={30693--30706}
}

@inproceedings{robot_env,
  title={Look closer: Bridging egocentric and third-person views with transformers for robotic manipulation},
  author={Jangir, Rishabh and Hansen, Nicklas and Ghosal, Sambaran and Jain, Mohit and Wang, Xiaolong},
  journal={IEEE Robotics and Automation Letters},
  volume={7},
  number={2},
  pages={3046--3053},
  year={2022},
  publisher={IEEE}
}

@inproceedings{dbc,
  author       = {Amy Zhang and
                  Rowan Thomas McAllister and
                  Roberto Calandra and
                  Yarin Gal and
                  Sergey Levine},
  title        = {Learning Invariant Representations for Reinforcement Learning without
                  Reconstruction},
  booktitle    = {International Conference on Learning Representations (ICLR)},
  year         = {2021},
}

@inproceedings{iso-dream,
  title={Iso-dream: Isolating and leveraging noncontrollable visual dynamics in world models},
  author={Pan, Minting and Zhu, Xiangming and Wang, Yunbo and Yang, Xiaokang},
  booktitle={Advances in Neural Information Processing Systems (NeurIPS)},
  year={2022},
  volume={35},
  pages={23178--23191}
}

@inproceedings{ted,
  author       = {Mhairi Dunion and
                  Trevor McInroe and
                  Kevin Sebastian Luck and
                  Josiah P. Hanna and
                  Stefano V. Albrecht},
  title        = {Temporal Disentanglement of Representations for Improved Generalisation
                  in Reinforcement Learning},
  booktitle    = {International Conference on Learning Representations (ICLR)},
  year         = {2023},
}

@inproceedings{spr,
  author       = {Max Schwarzer and
                  Ankesh Anand and
                  Rishab Goel and
                  R. Devon Hjelm and
                  Aaron C. Courville and
                  Philip Bachman},
  title        = {Data-Efficient Reinforcement Learning with Self-Predictive Representations},
  booktitle    = {International Conference on Learning Representations (ICLR)},
  year         = {2021}
}

@inproceedings{drq,
  author       = {Denis Yarats and
                  Ilya Kostrikov and
                  Rob Fergus},
  title        = {Image Augmentation Is All You Need: Regularizing Deep Reinforcement
                  Learning from Pixels},
  booktitle    = {International Conference on Learning Representations (ICLR)},
  year         = {2021},
}

@inproceedings{srm,
  title={Spectrum Random Masking for Generalization in Image-based Reinforcement Learning},
  author={Huang, Yangru and Peng, Peixi and Zhao, Yifan and Chen, Guangyao and Tian, Yonghong},
  booktitle ={Advances in Neural Information Processing Systems (NeurIPS)},
  year={2022},
  volume={35},
  pages={20393--20406}
}


@inproceedings{secant,
  title={SECANT: Self-Expert Cloning for Zero-Shot Generalization of Visual Policies},
  author={Fan, Linxi and Wang, Guanzhi and Huang, De-An and Yu, Zhiding and Fei-Fei, Li and Zhu, Yuke and Anandkumar, Animashree},
  booktitle={International Conference on Machine Learning (ICML)},
  organization={PMLR},
  year={2021},
  pages={3088--3099}
}


@book{sutton_rl,
  title={Reinforcement learning: An introduction},
  author={Sutton, Richard S and Barto, Andrew G},
  publisher={MIT press},
  year={2018}
}

@inproceedings{does?,
  title={Does self-supervised learning really improve reinforcement learning from pixels?},
  author={Li, Xiang and Shang, Jinghuan and Das, Srijan and Ryoo, Michael},
  booktitle={Advances in Neural Information Processing Systems (NeurIPS)},
  year={2022},
  volume={35},
  pages={30865--30881}
}

@inproceedings{rad,
  title={Reinforcement learning with augmented data},
  author={Laskin, Misha and Lee, Kimin and Stooke, Adam and Pinto, Lerrel and Abbeel, Pieter and Srinivas, Aravind},
  booktitle={Advances in Neural Information Processing Systems (NeurIPS)},
  year={2020},
  volume={33},
  pages={19884--19895}
}


@inproceedings{drqv2,
  author       = {Denis Yarats and
                  Rob Fergus and
                  Alessandro Lazaric and
                  Lerrel Pinto},
  title        = {Mastering Visual Continuous Control: Improved Data-Augmented Reinforcement
                  Learning},
  booktitle    = {International Conference on Learning Representations (ICLR)},
  year         = {2022}
}


@inproceedings{fang2022offline,
  title={Offline Reinforcement Learning for Autonomous Driving with Real World Driving Data},
  author={Fang, Xing and Zhang, Qichao and Gao, Yinfeng and Zhao, Dongbin},
  booktitle={International Conference on Intelligent Transportation Systems (ITSC)},
  organization={IEEE},
  year={2022},
  pages={3417--3422}
}

@inproceedings{liu2022soft,
  title={Soft Contrastive Learning with Q-irrelevance Abstraction for Reinforcement Learning},
  author={Liu, Minsong and Li, Luntong and Hao, Shuai and Zhu, Yuanheng and Zhao, Dongbin},
  journal={IEEE Transactions on Cognitive and Developmental Systems (TCDS)},
  publisher={IEEE},
  year={2023},
  volume       = {15},
  number       = {3},
  pages        = {1463--1473}
}


@article{wang2022dynamic,
  author={Wang, Junjie and Zhang, Qichao and Zhao, Dongbin},
  journal={IEEE Transactions on Neural Networks and Learning Systems (TNNLS)}, 
  title={Dynamic-Horizon Model-Based Value Estimation With Latent Imagination}, 
    month = {July},
  year={2024},
  volume={35},
  number={7},
  pages={8812-8825},
  doi={10.1109/TNNLS.2022.3215788}}

@inproceedings{hu2023neuronsmae,
  title={NeuronsMAE: A Novel Multi-Agent Reinforcement Learning Environment for Cooperative and Competitive Multi-Robot Tasks},
  author={Hu, Guangzheng and Li, Haoran and Liu, Shasha and Ma, Mingjun and Zhu, Yuanheng and Zhao, Dongbin},
  booktitle    = {International Joint Conference on Neural Networks (IJCNN)},
  publisher    = {{IEEE}},
  MONTH         = {June},
  year         = {2023},
  pages        = {1--8}
}



@article{chung2013playing,
  title={Playing atari with deep reinforcement learning},
  author={Chung, Jonathan},
  journal={Comput. Ence},
  volume={21},
  pages={351--362},
  year={2013}
}

@article{li2019reinforcement,
  title={Reinforcement learning and deep learning based lateral control for autonomous driving [application notes]},
  author={Li, Dong and Zhao, Dongbin and Zhang, Qichao and Chen, Yaran},
  journal={IEEE Computational Intelligence Magazine},
  publisher={IEEE},
  year={2019},
  volume={14},
  number={2},
  pages={83--98}
}

@inproceedings{li2019deep,
  title={Deep reinforcement learning-based automatic exploration for navigation in unknown environment},
  author={Li, Haoran and Zhang, Qichao and Zhao, Dongbin},
  journal={IEEE Transactions on Neural Networks and Learning Systems (TNNLS)},
  publisher={IEEE},
  year={2020},
  volume={31},
  number={6},
  pages={2064--2076}
}

@ARTICLE{muti1,
  author={Hu, Guangzheng and Zhu, Yuanheng and Zhao, Dongbin and Zhao, Mengchen and Hao, Jianye},
  journal={IEEE Transactions on Neural Networks and Learning Systems (TNNLS)}, 
  title={Event-Triggered Communication Network With Limited-Bandwidth Constraint for Multi-Agent Reinforcement Learning}, 
  year={2023},
  volume={34},
  number={8},
  pages={3966-3978},
  doi={10.1109/TNNLS.2021.3121546}}

@ARTICLE{multi2,
  author={Chai, Jiajun and Li, Weifan and Zhu, Yuanheng and Zhao, Dongbin and Ma, Zhe and Sun, Kewu and Ding, Jishiyu},
  journal={IEEE Transactions on Neural Networks and Learning Systems}, 
  title={UNMAS: Multiagent Reinforcement Learning for Unshaped Cooperative Scenarios}, 
  year={2023},
  volume={34},
  number={4},
  pages={2093-2104},
  doi={10.1109/TNNLS.2021.3105869}}

@inproceedings{yarats2021improving,
  title={Improving sample efficiency in model-free reinforcement learning from images},
  author={Yarats, Denis and Zhang, Amy and Kostrikov, Ilya and Amos, Brandon and Pineau, Joelle and Fergus, Rob},
  booktitle={Association for the Advancement of Artificial Intelligence (AAAI)},
  year={2021},
  volume={35},
  number={12},
  pages={10674--10681}
}

@inproceedings{andrychowicz2020matters,
  title={What matters for on-policy deep actor-critic methods? a large-scale study},
  author={Andrychowicz, Marcin and Raichuk, Anton and Sta{\'n}czyk, Piotr  and others},
  booktitle={International Conference on Learning Representations (ICLR)},
  year={2021}
}



@inproceedings{game1,
  title={Mastering atari, go, chess and shogi by planning with a learned model},
  author={Schrittwieser, Julian and Antonoglou, Ioannis and Hubert, Thomas and Simonyan, Karen and Sifre, Laurent and Schmitt, Simon and Guez, Arthur and Lockhart, Edward and Hassabis, Demis and Graepel, Thore and others},
  journal={Nature},
  volume={588},
  number={7839},
  pages={604--609},
  year={2020},
  publisher={Nature Publishing Group}
}

@ARTICLE{game2,
  author={Zhu, Yuanheng and Zhao, Dongbin},
  journal={IEEE Transactions on Neural Networks and Learning Systems (TNNLS)}, 
  title={Online Minimax Q Network Learning for Two-Player Zero-Sum Markov Games}, 
  year={2022},
  volume={33},
  number={3},
  pages={1228-1241},
  doi={10.1109/TNNLS.2020.3041469}}

@inproceedings{idaac,
  title={Decoupling value and policy for generalization in reinforcement learning},
  author={Raileanu, Roberta and Fergus, Rob},
  booktitle={International Conference on Machine Learning (ICML)},
  organization={PMLR},
  year={2021},
  pages={8787--8798}
}

@inproceedings{dcpg,
  title={Rethinking Value Function Learning for Generalization in Reinforcement Learning},
  author={Moon, Seungyong and Lee, JunYeong and Song, Hyun Oh},
  booktitle={Advances in Neural Information Processing Systems (NeurIPS)},
  year={2022},
  volume={35},
  pages={34846--34858}
}

@inproceedings{places,
  title={Places: A 10 million image database for scene recognition},
  author={Zhou, Bolei and Lapedriza, Agata and Khosla, Aditya and Oliva, Aude and Torralba, Antonio},
  journal={IEEE Transactions on Pattern Analysis and Machine Intelligence (TPAMI)},
  publisher={IEEE},
  year={2017},
  volume={40},
  number={6},
  pages={1452--1464}
}

@inproceedings{pollard,
  title={Asymptopia: an exposition of statistical asymptotic theory},
  author={Pollard, David},
  URL={http://www.stat.yale.edu/
 ˜pollard/Books/Asymptopia},
  year={2000}
}

@inproceedings{aoarl,
  author       = {Sham M. Kakade and
                  John Langford},
  title        = {Approximately Optimal Approximate Reinforcement Learning},
  booktitle    = {International Conference on Machine Learning (ICML)},
  year         = {2002},
  pages        = {267--274}
}

@inproceedings{trpo,
  author       = {John Schulman and
                  Sergey Levine and
                  Pieter Abbeel and
                  Michael I. Jordan and
                  Philipp Moritz},
  title        = {Trust Region Policy Optimization},
  booktitle    = {International Conference on Machine Learning (ICML)},
  year         = {2015},
  volume       = {37},
  pages        = {1889--1897}
}

@inproceedings{augmentation1,
  title={Image augmentation is all you need: Regularizing deep reinforcement learning from pixels},
  author={Yarats, Denis and Kostrikov, Ilya and Fergus, Rob},
  booktitle={International Conference on Learning Representations (ICLR)},
  year={2020}
}

@inproceedings{pad,
  author       = {Nicklas Hansen and
                  Rishabh Jangir and
                  Yu Sun and
                  Guillem Aleny{\`{a}} and
                  Pieter Abbeel and
                  Alexei A. Efros and
                  Lerrel Pinto and
                  Xiaolong Wang},
  title        = {Self-Supervised Policy Adaptation during Deployment},
  booktitle    = {International Conference on Learning Representations (ICLR) },
  year         = {2021}
}


@inproceedings{cg2a,
  title={Improving generalization in visual reinforcement learning via conflict-aware gradient agreement augmentation},
  author={Liu, Siao and Chen, Zhaoyu and Liu, Yang and Wang, Yuzheng and Yang, Dingkang and Zhao, Zhile and Zhou, Ziqing and Yi, Xie and Li, Wei and Zhang, Wenqiang and others},
    booktitle = {Proceedings of the IEEE/CVF International Conference on Computer Vision (ICCV)},
  year={2023},
  pages={23436--23446}
}


@inproceedings{drg,
  title={Dream to generalize: zero-shot model-based reinforcement learning for unseen visual distractions},
  author={Ha, Jeongsoo and Kim, Kyungsoo and Kim, Yusung},
  booktitle={Association for the Advancement of Artificial Intelligence (AAAI)},
  year={2023},
  volume={37},
  number={6},
  pages={7802--7810}
}

@inproceedings{madi,
  title={MaDi: Learning to Mask Distractions for Generalization in Visual Deep Reinforcement Learning.},
  author={Bram Grooten and Tristan Tomilin and Gautham Vasan and Matthew E. Taylor and A. Rupam Mahmood and Meng Fang and Mykola Pechenizkiy and Decebal Constantin Mocanu},
  booktitle={Proceedings of the 23rd International Conference on Autonomous Agents and Multiagent Systems (AAMAS)},
  pages={733--742},
  year={2024}
}

@inproceedings{cnsn,
  title={Normalization Enhances Generalization in Visual Reinforcement Learning},
  author={Li, Lu and Lyu, Jiafei and Ma, Guozheng and Wang, Zilin and Yang, Zhenjie and Li, Xiu and Li, Zhiheng},
  booktitle={Proceedings of the 23rd International Conference on Autonomous Agents and Multiagent Systems (AAMAS)},
  pages={1137--1146},
  year={2024}
}

@inproceedings{drive2,
  title={Uncertainty-aware model-based reinforcement learning: Methodology and application in autonomous driving},
  author={Wu, Jingda and Huang, Zhiyu and Lv, Chen},
  journal={IEEE Transactions on Intelligent Vehicles (TIV)},
  volume={8},
  number={1},
  pages={194--203},
  year={2022},
  publisher={IEEE}
}

@inproceedings{robot2,
  title={Temporal Difference Learning for Model Predictive Control},
  author={Nicklas Hansen and Hao Su and Xiaolong Wang},
  booktitle    = {International Conference on Machine Learning, {ICML} 2022},
  volume       = {162},
  pages        = {8387--8406},
  year         = {2022}
}

@inproceedings{tang2020,
  title = {Enhanced rolling horizon evolution algorithm with opponent model learning: results for the fighting game AI competition},
  author={Tang, Zhentao and Zhu, Yuanheng and Zhao, Dongbin and Lucas, Simon M},
  journal={IEEE Transactions on Games (TOG)},
  volume={15},
  number={1},
  pages={5--15},
  year={2023},
  publisher={IEEE}
}


@inproceedings{cp3er,
  title={Generalizing Consistency Policy to Visual RL with Prioritized Proximal Experience Regularization},
  author={Li, Haoran and Jiang, Zhennan and Chen, Yuhui and Zhao, Dongbin},
  booktitle={Advances in Neural Information Processing Systems (NeurIPS)},
  year={2024}
}

@inproceedings{tu2024dataset,
  title={In-Dataset Trajectory Return Regularization for Offline Preference-based Reinforcement Learning},
  author={Tu, Songjun and Sun, Jingbo and Zhang, Qichao and Zhang, Yaocheng and Liu, Jia and Chen, Ke and Zhao, Dongbin},
  booktitle={Association for the Advancement of Artificial Intelligence (AAAI)},
  year={2025}
}

@inproceedings{sun2023reinforcement,
  title={Reinforcement learning driving strategy based on auxiliary task for multi-scenarios autonomous driving},
  author={Sun, Jingbo and Fang, Xing and Zhang, Qichao},
  booktitle={2023 IEEE 12th Data Driven Control and Learning Systems Conference (DDCLS)},
  pages={1337--1342},
  year={2023},
  organization={IEEE}
}