@String(PAMI = {IEEE Trans. Pattern Anal. Mach. Intell.})
@String(IJCV = {Int. J. Comput. Vis.})
@String(CVPR= {IEEE Conf. Comput. Vis. Pattern Recog.})
@String(ICCV= {Int. Conf. Comput. Vis.})
@String(ECCV= {Eur. Conf. Comput. Vis.})
@String(NIPS= {Adv. Neural Inform. Process. Syst.})
@String(ICPR = {Int. Conf. Pattern Recog.})
@String(BMVC= {Brit. Mach. Vis. Conf.})
@String(TOG= {ACM Trans. Graph.})
@String(TIP  = {IEEE Trans. Image Process.})
@String(TVCG  = {IEEE Trans. Vis. Comput. Graph.})
@String(TMM  = {IEEE Trans. Multimedia})
@String(ACMMM= {ACM Int. Conf. Multimedia})
@String(ICME = {Int. Conf. Multimedia and Expo})
@String(ICASSP=	{ICASSP})
@String(ICIP = {IEEE Int. Conf. Image Process.})
@String(ACCV  = {ACCV})
@String(ICLR = {Int. Conf. Learn. Represent.})
@String(IJCAI = {IJCAI})
@String(PR   = {Pattern Recognition})
@String(AAAI = {AAAI})
@String(CVPRW= {IEEE Conf. Comput. Vis. Pattern Recog. Worksh.})
@String(CSVT = {IEEE Trans. Circuit Syst. Video Technol.})

@String(SPL	= {IEEE Sign. Process. Letters})
@String(VR   = {Vis. Res.})
@String(JOV	 = {J. Vis.})
@String(TVC  = {The Vis. Comput.})
@String(JCST  = {J. Comput. Sci. Tech.})
@String(CGF  = {Comput. Graph. Forum})
@String(CVM = {Computational Visual Media})


@String(PAMI  = {IEEE TPAMI})
@String(IJCV  = {IJCV})
@String(CVPR  = {CVPR})
@String(ICCV  = {ICCV})
@String(ECCV  = {ECCV})
@String(NIPS  = {NeurIPS})
@String(ICPR  = {ICPR})
@String(BMVC  =	{BMVC})
@String(TOG   = {ACM TOG})
@String(TIP   = {IEEE TIP})
@String(TVCG  = {IEEE TVCG})
@String(TCSVT = {IEEE TCSVT})
@String(TMM   =	{IEEE TMM})
@String(ACMMM = {ACM MM})
@String(ICME  =	{ICME})
@String(ICASSP=	{ICASSP})
@String(ICIP  = {ICIP})
@String(ACCV  = {ACCV})
@String(ICLR  = {ICLR})
@String(IJCAI = {IJCAI})
@String(PR = {PR})
@String(AAAI = {AAAI})
@String(CVPRW= {CVPRW})
@String(CSVT = {IEEE TCSVT})


@inproceedings{isola2017image,
  title={Image-to-image translation with conditional adversarial networks},
  author={Isola, Phillip and Zhu, Jun-Yan and Zhou, Tinghui and Efros, Alexei A},
  booktitle={Proceedings of the IEEE conference on computer vision and pattern recognition},
  pages={1125--1134},
  year={2017}
}

@article{goodfellow2014generative,
  title={Generative adversarial nets},
  author={Goodfellow, Ian and Pouget-Abadie, Jean and Mirza, Mehdi and Xu, Bing and Warde-Farley, David and Ozair, Sherjil and Courville, Aaron and Bengio, Yoshua},
  journal={Advances in neural information processing systems},
  volume={27},
  year={2014}
}

@article{song2020denoising,
  title={Denoising diffusion implicit models},
  author={Song, Jiaming and Meng, Chenlin and Ermon, Stefano},
  journal={arXiv preprint arXiv:2010.02502},
  year={2020}
}

@article{ho2020denoising,
  title={Denoising diffusion probabilistic models},
  author={Ho, Jonathan and Jain, Ajay and Abbeel, Pieter},
  journal={Advances in neural information processing systems},
  volume={33},
  pages={6840--6851},
  year={2020}
}

@inproceedings{rombach2022high,
  title={High-resolution image synthesis with latent diffusion models},
  author={Rombach, Robin and Blattmann, Andreas and Lorenz, Dominik and Esser, Patrick and Ommer, Bj{\"o}rn},
  booktitle={Proceedings of the IEEE/CVF conference on computer vision and pattern recognition},
  pages={10684--10695},
  year={2022}
}

@inproceedings{peebles2023scalable,
  title={Scalable diffusion models with transformers},
  author={Peebles, William and Xie, Saining},
  booktitle={Proceedings of the IEEE/CVF International Conference on Computer Vision},
  pages={4195--4205},
  year={2023}
}

@inproceedings{esser2024scaling,
  title={Scaling rectified flow transformers for high-resolution image synthesis},
  author={Esser, Patrick and Kulal, Sumith and Blattmann, Andreas and Entezari, Rahim and M{\"u}ller, Jonas and Saini, Harry and Levi, Yam and Lorenz, Dominik and Sauer, Axel and Boesel, Frederic and others},
  booktitle={Forty-first International Conference on Machine Learning},
  year={2024}
}

@inproceedings{kirillov2023segment,
  title={Segment anything},
  author={Kirillov, Alexander and Mintun, Eric and Ravi, Nikhila and Mao, Hanzi and Rolland, Chloe and Gustafson, Laura and Xiao, Tete and Whitehead, Spencer and Berg, Alexander C and Lo, Wan-Yen and others},
  booktitle={Proceedings of the IEEE/CVF International Conference on Computer Vision},
  pages={4015--4026},
  year={2023}
}

@article{ravi2024sam,
  title={Sam 2: Segment anything in images and videos},
  author={Ravi, Nikhila and Gabeur, Valentin and Hu, Yuan-Ting and Hu, Ronghang and Ryali, Chaitanya and Ma, Tengyu and Khedr, Haitham and R{\"a}dle, Roman and Rolland, Chloe and Gustafson, Laura and others},
  journal={arXiv preprint arXiv:2408.00714},
  year={2024}
}

@misc{zalando2024,
    author= {Zalando},
    title = {Zalando enhances its virtual fitting room by enabling customers to create a 3D avatar with their body measurements},
    howpublished = {\url{https://corporate.zalando.com/en/technology/zalando-enhances-its-virtual-fitting-room-enabling-customers-create-3d-avatar-their-body}},
    note = {Accessed: 2025-02-03},
    year={2025}
}

@misc{flux,
    title = {FLUX.1-Fill-dev},
    author = {black-forest-labs},
    howpublished = {\url{https://huggingface.co/black-forest-labs/FLUX.1-Fill-dev}},
    note = {Accessed: 2025-02-03},
    year={2025}
}

@misc{catvton-flux,
    title = {CatVTON-FLUX},
    author = {xiaozaa},
    howpublished = {\url{https://huggingface.co/xiaozaa/catvton-flux-alpha}},
    note = {Accessed: 2025-02-03},
    year={2025}
}

@article{huang2024context,
  title={In-context lora for diffusion transformers},
  author={Huang, Lianghua and Wang, Wei and Wu, Zhi-Fan and Shi, Yupeng and Dou, Huanzhang and Liang, Chen and Feng, Yutong and Liu, Yu and Zhou, Jingren},
  journal={arXiv preprint arXiv:2410.23775},
  year={2024}
}

@inproceedings{cui2024street,
  title={Street tryon: Learning in-the-wild virtual try-on from unpaired person images},
  author={Cui, Aiyu and Mahajan, Jay and Shah, Viraj and Gomathinayagam, Preeti and Liu, Chang and Lazebnik, Svetlana},
  booktitle={Proceedings of the IEEE/CVF Conference on Computer Vision and Pattern Recognition},
  pages={8235--8239},
  year={2024}
}

@article{xie2022pasta,
  title={Pasta-gan++: A versatile framework for high-resolution unpaired virtual try-on},
  author={Xie, Zhenyu and Huang, Zaiyu and Zhao, Fuwei and Dong, Haoye and Kampffmeyer, Michael and Dong, Xin and Zhu, Feida and Liang, Xiaodan},
  journal={arXiv preprint arXiv:2207.13475},
  year={2022}
}

@inproceedings{choi2021viton,
  title={Viton-hd: High-resolution virtual try-on via misalignment-aware normalization},
  author={Choi, Seunghwan and Park, Sunghyun and Lee, Minsoo and Choo, Jaegul},
  booktitle={Proceedings of the IEEE/CVF conference on computer vision and pattern recognition},
  pages={14131--14140},
  year={2021}
}

@inproceedings{morelli2022dress,
  title={Dress code: High-resolution multi-category virtual try-on},
  author={Morelli, Davide and Fincato, Matteo and Cornia, Marcella and Landi, Federico and Cesari, Fabio and Cucchiara, Rita},
  booktitle={Proceedings of the IEEE/CVF conference on computer vision and pattern recognition},
  pages={2231--2235},
  year={2022}
}

@inproceedings{kim2024stableviton,
  title={Stableviton: Learning semantic correspondence with latent diffusion model for virtual try-on},
  author={Kim, Jeongho and Gu, Guojung and Park, Minho and Park, Sunghyun and Choo, Jaegul},
  booktitle={Proceedings of the IEEE/CVF Conference on Computer Vision and Pattern Recognition},
  pages={8176--8185},
  year={2024}
}

@article{choi2024improving,
  title={Improving diffusion models for virtual try-on},
  author={Choi, Yisol and Kwak, Sangkyung and Lee, Kyungmin and Choi, Hyungwon and Shin, Jinwoo},
  journal={arXiv preprint arXiv:2403.05139},
  year={2024}
}
@article{xu2024ootdiffusion,
  title={Ootdiffusion: Outfitting fusion based latent diffusion for controllable virtual try-on},
  author={Xu, Yuhao and Gu, Tao and Chen, Weifeng and Chen, Chengcai},
  journal={arXiv preprint arXiv:2403.01779},
  year={2024}
}

@article{zhang2024boow,
  title={BooW-VTON: Boosting In-the-Wild Virtual Try-On via Mask-Free Pseudo Data Training},
  author={Zhang, Xuanpu and Song, Dan and Zhan, Pengxin and Chen, Qingguo and Xu, Zhao and Luo, Weihua and Zhang, Kaifu and Liu, Anan},
  journal={arXiv preprint arXiv:2408.06047},
  year={2024}
}


@misc{xarchakos2024tryoffanyonetiledclothgeneration,
      title={TryOffAnyone: Tiled Cloth Generation from a Dressed Person}, 
      author={Ioannis Xarchakos and Theodoros Koukopoulos},
      year={2024},
      eprint={2412.08573},
      archivePrefix={arXiv},
      primaryClass={cs.CV},
      url={https://arxiv.org/abs/2412.08573}, 
}
@article{zeng2020TileGAN,
  title={TileGAN: Category-oriented Attention-based High-quality Tiled Clothes Generation from Dressed Person},
  author={Wei Zeng and Mingbo Zhao and Yuan Gao and Zhao Zhang},
  journal={Neural Computing and Applications},
  volume={32},
  pages={17587--17600},
  year={2020},
  publisher={Springer Nature}
}
@article{velioglu2024tryoffdiff,
  title={TryOffDiff: Virtual-Try-Off via High-Fidelity Garment Reconstruction using Diffusion Models},
  author={Velioglu, Riza and Bevandic, Petra and Chan, Robin and Hammer, Barbara},
  journal={arXiv preprint arXiv:2411.18350},
  year={2024}
}
@article{tan2024ragdiffusion,
  title={RAGDiffusion: Faithful Cloth Generation via External Knowledge Assimilation},
  author={Tan, Xianfeng and Li, Yuhan and Shang, Wenxiang and Wu, Yubo and Wang, Jian and Chen, Xuanhong and Zhang, Yi and Lin, Ran and Ni, Bingbing},
  journal={arXiv preprint arXiv:2411.19528},
  year={2024}
}

@misc{shen2024igrimprovingdiffusionmodel,
      title={IGR: Improving Diffusion Model for Garment Restoration from Person Image}, 
      author={Le Shen and Rong Huang and Zhijie Wang},
      year={2024},
      eprint={2412.11513},
      archivePrefix={arXiv},
      primaryClass={cs.CV},
      url={https://arxiv.org/abs/2412.11513}, 
}

% metrics
% fid
@article{heusel2017gans,
  title={Gans trained by a two time-scale update rule converge to a local nash equilibrium},
  author={Heusel, Martin and Ramsauer, Hubert and Unterthiner, Thomas and Nessler, Bernhard and Hochreiter, Sepp},
  journal={Advances in neural information processing systems},
  volume={30},
  year={2017}
}
% clip-fid
@article{kynkaanniemi2022role,
  title={The role of imagenet classes in fr\'echet inception distance},
  author={Kynkäänniemi, Tuomas and Karras, Tero and Aittala, Miika and Aila, Timo and Lehtinen, Jaakko},
  journal={arXiv preprint arXiv:2203.06026},
  year={2022}
}
% kid
@article{binkowski2018demystifying,
  title={Demystifying mmd gans},
  author={Bi{\'n}kowski, Miko{\l}aj and Sutherland, Danica J and Arbel, Michael and Gretton, Arthur},
  journal={arXiv preprint arXiv:1801.01401},
  year={2018}
}
% lpips
@inproceedings{zhang2018unreasonable,
  title={The unreasonable effectiveness of deep features as a perceptual metric},
  author={Zhang, Richard and Isola, Phillip and Efros, Alexei A and Shechtman, Eli and Wang, Oliver},
  booktitle={Proceedings of the IEEE conference on computer vision and pattern recognition},
  pages={586--595},
  year={2018}
}
% ssim
@article{wang2004image,
  title={Image quality assessment: from error visibility to structural similarity},
  author={Wang, Zhou and Bovik, Alan C and Sheikh, Hamid R and Simoncelli, Eero P},
  journal={IEEE transactions on image processing},
  volume={13},
  number={4},
  pages={600--612},
  year={2004},
  publisher={IEEE}
}
% dists
@article{ding2020image,
  title={Image quality assessment: Unifying structure and texture similarity},
  author={Ding, Keyan and Ma, Kede and Wang, Shiqi and Simoncelli, Eero P},
  journal={IEEE transactions on pattern analysis and machine intelligence},
  volume={44},
  number={5},
  pages={2567--2581},
  year={2020},
  publisher={IEEE}
}