@misc{catvton-flux,
    title = {CatVTON-FLUX},
    author = {xiaozaa},
    howpublished = {\url{https://huggingface.co/xiaozaa/catvton-flux-alpha}},
    note = {Accessed: 2025-02-03},
    year={2025}
}

@inproceedings{choi2021viton,
  title={Viton-hd: High-resolution virtual try-on via misalignment-aware normalization},
  author={Choi, Seunghwan and Park, Sunghyun and Lee, Minsoo and Choo, Jaegul},
  booktitle={Proceedings of the IEEE/CVF conference on computer vision and pattern recognition},
  pages={14131--14140},
  year={2021}
}

@article{choi2024improving,
  title={Improving diffusion models for virtual try-on},
  author={Choi, Yisol and Kwak, Sangkyung and Lee, Kyungmin and Choi, Hyungwon and Shin, Jinwoo},
  journal={arXiv preprint arXiv:2403.05139},
  year={2024}
}

@inproceedings{cui2024street,
  title={Street tryon: Learning in-the-wild virtual try-on from unpaired person images},
  author={Cui, Aiyu and Mahajan, Jay and Shah, Viraj and Gomathinayagam, Preeti and Liu, Chang and Lazebnik, Svetlana},
  booktitle={Proceedings of the IEEE/CVF Conference on Computer Vision and Pattern Recognition},
  pages={8235--8239},
  year={2024}
}

@misc{flux,
    title = {FLUX.1-Fill-dev},
    author = {black-forest-labs},
    howpublished = {\url{https://huggingface.co/black-forest-labs/FLUX.1-Fill-dev}},
    note = {Accessed: 2025-02-03},
    year={2025}
}

@inproceedings{kim2024stableviton,
  title={Stableviton: Learning semantic correspondence with latent diffusion model for virtual try-on},
  author={Kim, Jeongho and Gu, Guojung and Park, Minho and Park, Sunghyun and Choo, Jaegul},
  booktitle={Proceedings of the IEEE/CVF Conference on Computer Vision and Pattern Recognition},
  pages={8176--8185},
  year={2024}
}

@inproceedings{morelli2022dress,
  title={Dress code: High-resolution multi-category virtual try-on},
  author={Morelli, Davide and Fincato, Matteo and Cornia, Marcella and Landi, Federico and Cesari, Fabio and Cucchiara, Rita},
  booktitle={Proceedings of the IEEE/CVF conference on computer vision and pattern recognition},
  pages={2231--2235},
  year={2022}
}

@article{tan2024ragdiffusion,
  title={RAGDiffusion: Faithful Cloth Generation via External Knowledge Assimilation},
  author={Tan, Xianfeng and Li, Yuhan and Shang, Wenxiang and Wu, Yubo and Wang, Jian and Chen, Xuanhong and Zhang, Yi and Lin, Ran and Ni, Bingbing},
  journal={arXiv preprint arXiv:2411.19528},
  year={2024}
}

@article{velioglu2024tryoffdiff,
  title={TryOffDiff: Virtual-Try-Off via High-Fidelity Garment Reconstruction using Diffusion Models},
  author={Velioglu, Riza and Bevandic, Petra and Chan, Robin and Hammer, Barbara},
  journal={arXiv preprint arXiv:2411.18350},
  year={2024}
}

@misc{xarchakos2024tryoffanyonetiledclothgeneration,
      title={TryOffAnyone: Tiled Cloth Generation from a Dressed Person}, 
      author={Ioannis Xarchakos and Theodoros Koukopoulos},
      year={2024},
      eprint={2412.08573},
      archivePrefix={arXiv},
      primaryClass={cs.CV},
      url={https://arxiv.org/abs/2412.08573}, 
}

@article{xie2022pasta,
  title={Pasta-gan++: A versatile framework for high-resolution unpaired virtual try-on},
  author={Xie, Zhenyu and Huang, Zaiyu and Zhao, Fuwei and Dong, Haoye and Kampffmeyer, Michael and Dong, Xin and Zhu, Feida and Liang, Xiaodan},
  journal={arXiv preprint arXiv:2207.13475},
  year={2022}
}

@article{xu2024ootdiffusion,
  title={Ootdiffusion: Outfitting fusion based latent diffusion for controllable virtual try-on},
  author={Xu, Yuhao and Gu, Tao and Chen, Weifeng and Chen, Chengcai},
  journal={arXiv preprint arXiv:2403.01779},
  year={2024}
}

@article{zeng2020TileGAN,
  title={TileGAN: Category-oriented Attention-based High-quality Tiled Clothes Generation from Dressed Person},
  author={Wei Zeng and Mingbo Zhao and Yuan Gao and Zhao Zhang},
  journal={Neural Computing and Applications},
  volume={32},
  pages={17587--17600},
  year={2020},
  publisher={Springer Nature}
}

@article{zhang2024boow,
  title={BooW-VTON: Boosting In-the-Wild Virtual Try-On via Mask-Free Pseudo Data Training},
  author={Zhang, Xuanpu and Song, Dan and Zhan, Pengxin and Chen, Qingguo and Xu, Zhao and Luo, Weihua and Zhang, Kaifu and Liu, Anan},
  journal={arXiv preprint arXiv:2408.06047},
  year={2024}
}

