@article{chen2018,
  author       = {Huijuan Xu and
                  Kate Saenko},
  title        = {Ask, Attend and Answer: Exploring Question-Guided Spatial Attention
                  for Visual Question Answering},
  journal      = {CoRR},
  volume       = {abs/1511.05234},
  year         = {2015},
  url          = {http://arxiv.org/abs/1511.05234},
  eprinttype    = {arXiv},
  eprint       = {1511.05234},
  timestamp    = {Tue, 11 May 2021 12:16:39 +0200},
  biburl       = {https://dblp.org/rec/journals/corr/XuS15a.bib},
  bibsource    = {dblp computer science bibliography, https://dblp.org}
}

@article{cornia2020,
  author       = {Marcella Cornia and
                  Matteo Stefanini and
                  Lorenzo Baraldi and
                  Rita Cucchiara},
  title        = {M\({}^{\mbox{2}}\): Meshed-Memory Transformer for Image Captioning},
  journal      = {CoRR},
  volume       = {abs/1912.08226},
  year         = {2019},
  url          = {http://arxiv.org/abs/1912.08226},
  eprinttype    = {arXiv},
  eprint       = {1912.08226},
  timestamp    = {Tue, 27 Feb 2024 09:58:35 +0100},
  biburl       = {https://dblp.org/rec/journals/corr/abs-1912-08226.bib},
  bibsource    = {dblp computer science bibliography, https://dblp.org}
}

@article{gordon2018,
  author       = {Feng Liu and
                  Tao Xiang and
                  Timothy M. Hospedales and
                  Wankou Yang and
                  Changyin Sun},
  title        = {iVQA: Inverse Visual Question Answering},
  journal      = {CoRR},
  volume       = {abs/1710.03370},
  year         = {2017},
  url          = {http://arxiv.org/abs/1710.03370},
  eprinttype    = {arXiv},
  eprint       = {1710.03370},
  timestamp    = {Wed, 10 Jan 2024 18:05:26 +0100},
  biburl       = {https://dblp.org/rec/journals/corr/abs-1710-03370.bib},
  bibsource    = {dblp computer science bibliography, https://dblp.org}
}

@article{li2021,
  title={Transformer-Based Multi-modal Proposal and Re-Rank for Wikipedia Image-Caption Matching},
  author={Nicola Messina and Davide Alessandro Coccomini and Andrea Esuli and F. Falchi},
  journal={ArXiv},
  year={2022},
  volume={abs/2206.10436},
  url={https://api.semanticscholar.org/CorpusID:249889027}
}

@article{mokady2021,
  title={Beyond a Pre-Trained Object Detector: Cross-Modal Textual and Visual Context for Image Captioning},
  author={Chia-Wen Kuo and Zsolt Kira},
  journal={2022 IEEE/CVF Conference on Computer Vision and Pattern Recognition (CVPR)},
  year={2022},
  pages={17948-17958},
  url={https://api.semanticscholar.org/CorpusID:248572429}
}

@article{noh2016,
  author       = {Zhengyang Wang and
                  Shuiwang Ji},
  title        = {Learning Convolutional Text Representations for Visual Question Answering},
  journal      = {CoRR},
  volume       = {abs/1705.06824},
  year         = {2017},
  url          = {http://arxiv.org/abs/1705.06824},
  eprinttype    = {arXiv},
  eprint       = {1705.06824},
  timestamp    = {Mon, 13 Aug 2018 16:49:07 +0200},
  biburl       = {https://dblp.org/rec/journals/corr/WangJ17.bib},
  bibsource    = {dblp computer science bibliography, https://dblp.org}
}

@article{pan2020,
  author       = {Yingwei Pan and
                  Ting Yao and
                  Yehao Li and
                  Tao Mei},
  title        = {X-Linear Attention Networks for Image Captioning},
  journal      = {CoRR},
  volume       = {abs/2003.14080},
  year         = {2020},
  url          = {https://arxiv.org/abs/2003.14080},
  eprinttype    = {arXiv},
  eprint       = {2003.14080},
  timestamp    = {Fri, 15 May 2020 10:56:36 +0200},
  biburl       = {https://dblp.org/rec/journals/corr/abs-2003-14080.bib},
  bibsource    = {dblp computer science bibliography, https://dblp.org}
}

@article{rennie2017,
  author       = {Steven J. Rennie and
                  Etienne Marcheret and
                  Youssef Mroueh and
                  Jerret Ross and
                  Vaibhava Goel},
  title        = {Self-critical Sequence Training for Image Captioning},
  journal      = {CoRR},
  volume       = {abs/1612.00563},
  year         = {2016},
  url          = {http://arxiv.org/abs/1612.00563},
  eprinttype    = {arXiv},
  eprint       = {1612.00563},
  timestamp    = {Tue, 23 Jul 2019 16:55:13 +0200},
  biburl       = {https://dblp.org/rec/journals/corr/RennieMMRG16.bib},
  bibsource    = {dblp computer science bibliography, https://dblp.org}
}

@article{seo2017,
  author       = {Min Joon Seo and
                  Aniruddha Kembhavi and
                  Ali Farhadi and
                  Hannaneh Hajishirzi},
  title        = {Bidirectional Attention Flow for Machine Comprehension},
  journal      = {CoRR},
  volume       = {abs/1611.01603},
  year         = {2016},
  url          = {http://arxiv.org/abs/1611.01603},
  eprinttype    = {arXiv},
  eprint       = {1611.01603},
  timestamp    = {Mon, 13 Aug 2018 16:46:34 +0200},
  biburl       = {https://dblp.org/rec/journals/corr/SeoKFH16.bib},
  bibsource    = {dblp computer science bibliography, https://dblp.org}
}

@article{xu2015,
  author       = {Kelvin Xu and
                  Jimmy Ba and
                  Ryan Kiros and
                  Kyunghyun Cho and
                  Aaron C. Courville and
                  Ruslan Salakhutdinov and
                  Richard S. Zemel and
                  Yoshua Bengio},
  title        = {Show, Attend and Tell: Neural Image Caption Generation with Visual
                  Attention},
  journal      = {CoRR},
  volume       = {abs/1502.03044},
  year         = {2015},
  url          = {http://arxiv.org/abs/1502.03044},
  eprinttype    = {arXiv},
  eprint       = {1502.03044},
  timestamp    = {Mon, 13 Aug 2018 16:47:52 +0200},
  biburl       = {https://dblp.org/rec/journals/corr/XuBKCCSZB15.bib},
  bibsource    = {dblp computer science bibliography, https://dblp.org}
}

@article{xu2020,
  author       = {Yang Xu and
                  Yiheng Xu and
                  Tengchao Lv and
                  Lei Cui and
                  Furu Wei and
                  Guoxin Wang and
                  Yijuan Lu and
                  Dinei A. F. Flor{\^{e}}ncio and
                  Cha Zhang and
                  Wanxiang Che and
                  Min Zhang and
                  Lidong Zhou},
  title        = {LayoutLMv2: Multi-modal Pre-training for Visually-Rich Document Understanding},
  journal      = {CoRR},
  volume       = {abs/2012.14740},
  year         = {2020},
  url          = {https://arxiv.org/abs/2012.14740},
  eprinttype    = {arXiv},
  eprint       = {2012.14740},
  timestamp    = {Wed, 31 Jan 2024 20:36:06 +0100},
  biburl       = {https://dblp.org/rec/journals/corr/abs-2012-14740.bib},
  bibsource    = {dblp computer science bibliography, https://dblp.org}
}

@article{zhang2018,
  author       = {Chen Zhu and
                  Yanpeng Zhao and
                  Shuaiyi Huang and
                  Kewei Tu and
                  Yi Ma},
  title        = {Structured Attentions for Visual Question Answering},
  journal      = {CoRR},
  volume       = {abs/1708.02071},
  year         = {2017},
  url          = {http://arxiv.org/abs/1708.02071},
  eprinttype    = {arXiv},
  eprint       = {1708.02071},
  timestamp    = {Mon, 13 Aug 2018 16:47:21 +0200},
  biburl       = {https://dblp.org/rec/journals/corr/abs-1708-02071.bib},
  bibsource    = {dblp computer science bibliography, https://dblp.org}
}

