@article{chen2018,
  author       = {Huijuan Xu and
                  Kate Saenko},
  title        = {Ask, Attend and Answer: Exploring Question-Guided Spatial Attention
                  for Visual Question Answering},
  journal      = {CoRR},
  volume       = {abs/1511.05234},
  year         = {2015},
  url          = {http://arxiv.org/abs/1511.05234},
  eprinttype    = {arXiv},
  eprint       = {1511.05234},
  timestamp    = {Tue, 11 May 2021 12:16:39 +0200},
  biburl       = {https://dblp.org/rec/journals/corr/XuS15a.bib},
  bibsource    = {dblp computer science bibliography, https://dblp.org}
}

@article{seo2017,
  author       = {Min Joon Seo and
                  Aniruddha Kembhavi and
                  Ali Farhadi and
                  Hannaneh Hajishirzi},
  title        = {Bidirectional Attention Flow for Machine Comprehension},
  journal      = {CoRR},
  volume       = {abs/1611.01603},
  year         = {2016},
  url          = {http://arxiv.org/abs/1611.01603},
  eprinttype    = {arXiv},
  eprint       = {1611.01603},
  timestamp    = {Mon, 13 Aug 2018 16:46:34 +0200},
  biburl       = {https://dblp.org/rec/journals/corr/SeoKFH16.bib},
  bibsource    = {dblp computer science bibliography, https://dblp.org}
}

@article{noh2016,
  author       = {Zhengyang Wang and
                  Shuiwang Ji},
  title        = {Learning Convolutional Text Representations for Visual Question Answering},
  journal      = {CoRR},
  volume       = {abs/1705.06824},
  year         = {2017},
  url          = {http://arxiv.org/abs/1705.06824},
  eprinttype    = {arXiv},
  eprint       = {1705.06824},
  timestamp    = {Mon, 13 Aug 2018 16:49:07 +0200},
  biburl       = {https://dblp.org/rec/journals/corr/WangJ17.bib},
  bibsource    = {dblp computer science bibliography, https://dblp.org}
}

@article{zhang2018,
  author       = {Chen Zhu and
                  Yanpeng Zhao and
                  Shuaiyi Huang and
                  Kewei Tu and
                  Yi Ma},
  title        = {Structured Attentions for Visual Question Answering},
  journal      = {CoRR},
  volume       = {abs/1708.02071},
  year         = {2017},
  url          = {http://arxiv.org/abs/1708.02071},
  eprinttype    = {arXiv},
  eprint       = {1708.02071},
  timestamp    = {Mon, 13 Aug 2018 16:47:21 +0200},
  biburl       = {https://dblp.org/rec/journals/corr/abs-1708-02071.bib},
  bibsource    = {dblp computer science bibliography, https://dblp.org}
}

@article{gordon2018,
  author       = {Feng Liu and
                  Tao Xiang and
                  Timothy M. Hospedales and
                  Wankou Yang and
                  Changyin Sun},
  title        = {iVQA: Inverse Visual Question Answering},
  journal      = {CoRR},
  volume       = {abs/1710.03370},
  year         = {2017},
  url          = {http://arxiv.org/abs/1710.03370},
  eprinttype    = {arXiv},
  eprint       = {1710.03370},
  timestamp    = {Wed, 10 Jan 2024 18:05:26 +0100},
  biburl       = {https://dblp.org/rec/journals/corr/abs-1710-03370.bib},
  bibsource    = {dblp computer science bibliography, https://dblp.org}
}

@article{xu2015,
  author       = {Kelvin Xu and
                  Jimmy Ba and
                  Ryan Kiros and
                  Kyunghyun Cho and
                  Aaron C. Courville and
                  Ruslan Salakhutdinov and
                  Richard S. Zemel and
                  Yoshua Bengio},
  title        = {Show, Attend and Tell: Neural Image Caption Generation with Visual
                  Attention},
  journal      = {CoRR},
  volume       = {abs/1502.03044},
  year         = {2015},
  url          = {http://arxiv.org/abs/1502.03044},
  eprinttype    = {arXiv},
  eprint       = {1502.03044},
  timestamp    = {Mon, 13 Aug 2018 16:47:52 +0200},
  biburl       = {https://dblp.org/rec/journals/corr/XuBKCCSZB15.bib},
  bibsource    = {dblp computer science bibliography, https://dblp.org}
}

@article{rennie2017,
  author       = {Steven J. Rennie and
                  Etienne Marcheret and
                  Youssef Mroueh and
                  Jerret Ross and
                  Vaibhava Goel},
  title        = {Self-critical Sequence Training for Image Captioning},
  journal      = {CoRR},
  volume       = {abs/1612.00563},
  year         = {2016},
  url          = {http://arxiv.org/abs/1612.00563},
  eprinttype    = {arXiv},
  eprint       = {1612.00563},
  timestamp    = {Tue, 23 Jul 2019 16:55:13 +0200},
  biburl       = {https://dblp.org/rec/journals/corr/RennieMMRG16.bib},
  bibsource    = {dblp computer science bibliography, https://dblp.org}
}

@article{cornia2020,
  author       = {Marcella Cornia and
                  Matteo Stefanini and
                  Lorenzo Baraldi and
                  Rita Cucchiara},
  title        = {M\({}^{\mbox{2}}\): Meshed-Memory Transformer for Image Captioning},
  journal      = {CoRR},
  volume       = {abs/1912.08226},
  year         = {2019},
  url          = {http://arxiv.org/abs/1912.08226},
  eprinttype    = {arXiv},
  eprint       = {1912.08226},
  timestamp    = {Tue, 27 Feb 2024 09:58:35 +0100},
  biburl       = {https://dblp.org/rec/journals/corr/abs-1912-08226.bib},
  bibsource    = {dblp computer science bibliography, https://dblp.org}
}

@article{pan2020,
  author       = {Yingwei Pan and
                  Ting Yao and
                  Yehao Li and
                  Tao Mei},
  title        = {X-Linear Attention Networks for Image Captioning},
  journal      = {CoRR},
  volume       = {abs/2003.14080},
  year         = {2020},
  url          = {https://arxiv.org/abs/2003.14080},
  eprinttype    = {arXiv},
  eprint       = {2003.14080},
  timestamp    = {Fri, 15 May 2020 10:56:36 +0200},
  biburl       = {https://dblp.org/rec/journals/corr/abs-2003-14080.bib},
  bibsource    = {dblp computer science bibliography, https://dblp.org}
}

@article{xu2020,
  author       = {Yang Xu and
                  Yiheng Xu and
                  Tengchao Lv and
                  Lei Cui and
                  Furu Wei and
                  Guoxin Wang and
                  Yijuan Lu and
                  Dinei A. F. Flor{\^{e}}ncio and
                  Cha Zhang and
                  Wanxiang Che and
                  Min Zhang and
                  Lidong Zhou},
  title        = {LayoutLMv2: Multi-modal Pre-training for Visually-Rich Document Understanding},
  journal      = {CoRR},
  volume       = {abs/2012.14740},
  year         = {2020},
  url          = {https://arxiv.org/abs/2012.14740},
  eprinttype    = {arXiv},
  eprint       = {2012.14740},
  timestamp    = {Wed, 31 Jan 2024 20:36:06 +0100},
  biburl       = {https://dblp.org/rec/journals/corr/abs-2012-14740.bib},
  bibsource    = {dblp computer science bibliography, https://dblp.org}
}

@article{mokady2021,
  title={Beyond a Pre-Trained Object Detector: Cross-Modal Textual and Visual Context for Image Captioning},
  author={Chia-Wen Kuo and Zsolt Kira},
  journal={2022 IEEE/CVF Conference on Computer Vision and Pattern Recognition (CVPR)},
  year={2022},
  pages={17948-17958},
  url={https://api.semanticscholar.org/CorpusID:248572429}
}

@article{li2021,
  title={Transformer-Based Multi-modal Proposal and Re-Rank for Wikipedia Image-Caption Matching},
  author={Nicola Messina and Davide Alessandro Coccomini and Andrea Esuli and F. Falchi},
  journal={ArXiv},
  year={2022},
  volume={abs/2206.10436},
  url={https://api.semanticscholar.org/CorpusID:249889027}
}

@article{devlin2018bert,
  author       = {Jacob Devlin and
                  Ming{-}Wei Chang and
                  Kenton Lee and
                  Kristina Toutanova},
  title        = {{BERT:} Pre-training of Deep Bidirectional Transformers for Language
                  Understanding},
  journal      = {CoRR},
  volume       = {abs/1810.04805},
  year         = {2018},
  url          = {http://arxiv.org/abs/1810.04805},
  eprinttype    = {arXiv},
  eprint       = {1810.04805},
  timestamp    = {Tue, 30 Oct 2018 20:39:56 +0100},
  biburl       = {https://dblp.org/rec/journals/corr/abs-1810-04805.bib},
  bibsource    = {dblp computer science bibliography, https://dblp.org}
}

@article{dosovitskiy2020vit,
  author       = {Alexey Dosovitskiy and
                  Lucas Beyer and
                  Alexander Kolesnikov and
                  Dirk Weissenborn and
                  Xiaohua Zhai and
                  Thomas Unterthiner and
                  Mostafa Dehghani and
                  Matthias Minderer and
                  Georg Heigold and
                  Sylvain Gelly and
                  Jakob Uszkoreit and
                  Neil Houlsby},
  title        = {An Image is Worth 16x16 Words: Transformers for Image Recognition
                  at Scale},
  journal      = {CoRR},
  volume       = {abs/2010.11929},
  year         = {2020},
  url          = {https://arxiv.org/abs/2010.11929},
  eprinttype    = {arXiv},
  eprint       = {2010.11929},
  timestamp    = {Fri, 20 Nov 2020 14:04:05 +0100},
  biburl       = {https://dblp.org/rec/journals/corr/abs-2010-11929.bib},
  bibsource    = {dblp computer science bibliography, https://dblp.org}
}

@article{touvron2021deit,
  author       = {Hugo Touvron and
                  Matthieu Cord and
                  Matthijs Douze and
                  Francisco Massa and
                  Alexandre Sablayrolles and
                  Herv{\'{e}} J{\'{e}}gou},
  title        = {Training data-efficient image transformers {\&} distillation through
                  attention},
  journal      = {CoRR},
  volume       = {abs/2012.12877},
  year         = {2020},
  url          = {https://arxiv.org/abs/2012.12877},
  eprinttype    = {arXiv},
  eprint       = {2012.12877},
  timestamp    = {Tue, 05 Jan 2021 16:02:31 +0100},
  biburl       = {https://dblp.org/rec/journals/corr/abs-2012-12877.bib},
  bibsource    = {dblp computer science bibliography, https://dblp.org}
}

@article{lu2019vilbert,
  author       = {Jiasen Lu and
                  Dhruv Batra and
                  Devi Parikh and
                  Stefan Lee},
  title        = {ViLBERT: Pretraining Task-Agnostic Visiolinguistic Representations
                  for Vision-and-Language Tasks},
  journal      = {CoRR},
  volume       = {abs/1908.02265},
  year         = {2019},
  url          = {http://arxiv.org/abs/1908.02265},
  eprinttype    = {arXiv},
  eprint       = {1908.02265},
  timestamp    = {Fri, 09 Aug 2019 12:15:56 +0200},
  biburl       = {https://dblp.org/rec/journals/corr/abs-1908-02265.bib},
  bibsource    = {dblp computer science bibliography, https://dblp.org}
}

@misc{hinton2015distilling,
      title={Distilling the Knowledge in a Neural Network}, 
      author={Geoffrey Hinton and Oriol Vinyals and Jeff Dean},
      year={2015},
      eprint={1503.02531},
      archivePrefix={arXiv},
      primaryClass={stat.ML},
      url={https://arxiv.org/abs/1503.02531}, 
}

@article{han2015deep,
  author       = {Song Han and
                  Jeff Pool and
                  John Tran and
                  William J. Dally},
  title        = {Learning both Weights and Connections for Efficient Neural Networks},
  journal      = {CoRR},
  volume       = {abs/1506.02626},
  year         = {2015},
  url          = {http://arxiv.org/abs/1506.02626},
  eprinttype    = {arXiv},
  eprint       = {1506.02626},
  timestamp    = {Fri, 20 Nov 2020 16:16:06 +0100},
  biburl       = {https://dblp.org/rec/journals/corr/HanPTD15.bib},
  bibsource    = {dblp computer science bibliography, https://dblp.org}
}

@article{jacob2018quantization,
  author       = {Benoit Jacob and
                  Skirmantas Kligys and
                  Bo Chen and
                  Menglong Zhu and
                  Matthew Tang and
                  Andrew G. Howard and
                  Hartwig Adam and
                  Dmitry Kalenichenko},
  title        = {Quantization and Training of Neural Networks for Efficient Integer-Arithmetic-Only
                  Inference},
  journal      = {CoRR},
  volume       = {abs/1712.05877},
  year         = {2017},
  url          = {http://arxiv.org/abs/1712.05877},
  eprinttype    = {arXiv},
  eprint       = {1712.05877},
  timestamp    = {Thu, 27 May 2021 16:20:51 +0200},
  biburl       = {https://dblp.org/rec/journals/corr/abs-1712-05877.bib},
  bibsource    = {dblp computer science bibliography, https://dblp.org}
}

@article{howard2017mobilenets,
  author       = {Andrew G. Howard and
                  Menglong Zhu and
                  Bo Chen and
                  Dmitry Kalenichenko and
                  Weijun Wang and
                  Tobias Weyand and
                  Marco Andreetto and
                  Hartwig Adam},
  title        = {MobileNets: Efficient Convolutional Neural Networks for Mobile Vision
                  Applications},
  journal      = {CoRR},
  volume       = {abs/1704.04861},
  year         = {2017},
  url          = {http://arxiv.org/abs/1704.04861},
  eprinttype    = {arXiv},
  eprint       = {1704.04861},
  timestamp    = {Thu, 27 May 2021 16:20:51 +0200},
  biburl       = {https://dblp.org/rec/journals/corr/HowardZCKWWAA17.bib},
  bibsource    = {dblp computer science bibliography, https://dblp.org}
}

@article{jiao2019tiny,
  author       = {Xiaoqi Jiao and
                  Yichun Yin and
                  Lifeng Shang and
                  Xin Jiang and
                  Xiao Chen and
                  Linlin Li and
                  Fang Wang and
                  Qun Liu},
  title        = {TinyBERT: Distilling {BERT} for Natural Language Understanding},
  journal      = {CoRR},
  volume       = {abs/1909.10351},
  year         = {2019},
  url          = {http://arxiv.org/abs/1909.10351},
  eprinttype    = {arXiv},
  eprint       = {1909.10351},
  timestamp    = {Mon, 25 Nov 2024 16:39:33 +0100},
  biburl       = {https://dblp.org/rec/journals/corr/abs-1909-10351.bib},
  bibsource    = {dblp computer science bibliography, https://dblp.org}
}

@article{sun2020mobilebert,
  author       = {Zhiqing Sun and
                  Hongkun Yu and
                  Xiaodan Song and
                  Renjie Liu and
                  Yiming Yang and
                  Denny Zhou},
  title        = {MobileBERT: a Compact Task-Agnostic {BERT} for Resource-Limited Devices},
  journal      = {CoRR},
  volume       = {abs/2004.02984},
  year         = {2020},
  url          = {https://arxiv.org/abs/2004.02984},
  eprinttype    = {arXiv},
  eprint       = {2004.02984},
  timestamp    = {Mon, 04 Dec 2023 13:56:31 +0100},
  biburl       = {https://dblp.org/rec/journals/corr/abs-2004-02984.bib},
  bibsource    = {dblp computer science bibliography, https://dblp.org}
}

