@article{dai2022graph,
  title={Graph transfer learning via adversarial domain adaptation with graph convolution},
  author={Dai, Quanyu and Wu, Xiao-Ming and Xiao, Jiaren and Shen, Xiao and Wang, Dan},
  journal={IEEE Transactions on Knowledge and Data Engineering},
  volume={35},
  number={5},
  pages={4908--4922},
  year={2022},
  publisher={IEEE}
}

@article{guo2022learning,
  title={Learning adaptive node embeddings across graphs},
  author={Guo, Gaoyang and Wang, Chaokun and Yan, Bencheng and Lou, Yunkai and Feng, Hao and Zhu, Junchao and Chen, Jun and He, Fei and Yu, Philip},
  journal={IEEE Transactions on Knowledge and Data Engineering},
  year={2022},
  publisher={IEEE}
}

@article{jing2021towards,
  title={Towards fair knowledge transfer for imbalanced domain adaptation},
  author={Jing, Taotao and Xu, Bingrong and Ding, Zhengming},
  journal={IEEE Transactions on Image Processing},
  volume={30},
  pages={8200--8211},
  year={2021},
  publisher={IEEE}
}

@article{mao2021source,
  title={Source free unsupervised graph domain adaptation},
  author={Mao, Haitao and Du, Lun and Zheng, Yujia and Fu, Qiang and Li, Zelin and Chen, Xu and Han, Shi and Zhang, Dongmei},
  journal={The 17th ACM International Conference on Web Search and Data Mining},
  year={2024}
}

@article{pu2024leveraging,
  title={Leveraging Group Classification with Descending Soft Labeling for Deep Imbalanced Regression},
  author={Pu, Ruizhi and Xu, Gezheng and Fang, Ruiyi and Bao, Binkun and Ling, Charles X and Wang, Boyu},
  journal={AAAI},
  year={2025}
}

@article{qiao2023semi,
  title={Semi-supervised domain adaptation in graph transfer learning},
  author={Qiao, Ziyue and Luo, Xiao and Xiao, Meng and Dong, Hao and Zhou, Yuanchun and Xiong, Hui},
  journal={IJCAI},
  year={2023}
}

@article{shen2019network,
  title={Network embedding for cross-network node classification},
  author={Shen, Xiao and Chung, Fu Lai},
  journal={arXiv preprint arXiv:1901.07264},
  year={2019}
}

@inproceedings{shen2020adversarial,
  title={Adversarial deep network embedding for cross-network node classification},
  author={Shen, Xiao and Dai, Quanyu and Chung, Fu-lai and Lu, Wei and Choi, Kup-Sze},
  booktitle={Proceedings of the AAAI conference on artificial intelligence},
  volume={34},
  number={03},
  pages={2991--2999},
  year={2020}
}

@article{shen2020network,
  title={Network together: Node classification via cross-network deep network embedding},
  author={Shen, Xiao and Dai, Quanyu and Mao, Sitong and Chung, Fu-lai and Choi, Kup-Sze},
  journal={IEEE Transactions on Neural Networks and Learning Systems},
  volume={32},
  number={5},
  pages={1935--1948},
  year={2020},
  publisher={IEEE}
}

@article{shen2023domain,
  title={Domain-adaptive message passing graph neural network},
  author={Shen, Xiao and Pan, Shirui and Choi, Kup-Sze and Zhou, Xi},
  journal={Neural Networks},
  volume={164},
  pages={439--454},
  year={2023},
  publisher={Elsevier}
}

@inproceedings{shi2023improving,
  title={Improving graph domain adaptation with network hierarchy},
  author={Shi, Boshen and Wang, Yongqing and Guo, Fangda and Shao, Jiangli and Shen, Huawei and Cheng, Xueqi},
  booktitle={Proceedings of the 32nd ACM International Conference on Information and Knowledge Management},
  pages={2249--2258},
  year={2023}
}

@article{shi2024graph,
  title={Graph Domain Adaptation: Challenges, Progress and Prospects},
  author={Shi, Boshen and Wang, Yongqing and Guo, Fangda and Xu, Bingbing and Shen, Huawei and Cheng, Xueqi},
  journal={arXiv preprint arXiv:2402.00904},
  year={2024}
}

@inproceedings{wang2022continual,
  title={Continual test-time domain adaptation},
  author={Wang, Qin and Fink, Olga and Van Gool, Luc and Dai, Dengxin},
  booktitle={Proceedings of the IEEE/CVF Conference on Computer Vision and Pattern Recognition},
  pages={7201--7211},
  year={2022}
}

@inproceedings{wu2020unsupervised,
  title={Unsupervised domain adaptive graph convolutional networks},
  author={Wu, Man and Pan, Shirui and Zhou, Chuan and Chang, Xiaojun and Zhu, Xingquan},
  booktitle={Proceedings of The Web Conference 2020},
  pages={1457--1467},
  year={2020}
}

@article{xu2023class,
  title={Class Overwhelms: Mutual Conditional Blended-Target Domain Adaptation},
  author={Xu, Pengcheng and Wang, Boyu and Ling, Charles},
  journal={Proceedings of the AAAI Conference on Artificial Intelligence},
  year={2023}
}

@article{xu2025unraveling,
  title={Unraveling the Mysteries of Label Noise in Source-Free Domain Adaptation: Theory and Practice},
  author={Xu, Gezheng and Yi, Li and Xu, Pengcheng and Li, Jiaqi and Pu, Ruizhi and Shui, Changjian and Ling, Charles and McLeod, A Ian and Wang, Boyu},
  journal={IEEE Transactions on Pattern Analysis and Machine Intelligence},
  year={2025},
  publisher={IEEE}
}

@inproceedings{yan2020graphae,
  title={Graphae: adaptive embedding across graphs},
  author={Yan, Bencheng and Wang, Chaokun},
  booktitle={2020 IEEE 36th International Conference on Data Engineering (ICDE)},
  pages={1958--1961},
  year={2020},
  organization={IEEE}
}

@inproceedings{yang2021generalized,
  title={Generalized source-free domain adaptation},
  author={Yang, Shiqi and Wang, Yaxing and Van De Weijer, Joost and Herranz, Luis and Jui, Shangling},
  booktitle={Proceedings of the IEEE/CVF International Conference on Computer Vision},
  pages={8978--8987},
  year={2021}
}

@inproceedings{you2022graph,
  title={Graph domain adaptation via theory-grounded spectral regularization},
  author={You, Yuning and Chen, Tianlong and Wang, Zhangyang and Shen, Yang},
  booktitle={The Eleventh International Conference on Learning Representations},
  year={2022}
}

@inproceedings{yuan2023alex,
  title={Alex: Towards effective graph transfer learning with noisy labels},
  author={Yuan, Jingyang and Luo, Xiao and Qin, Yifang and Mao, Zhengyang and Ju, Wei and Zhang, Ming},
  booktitle={Proceedings of the 31st ACM International Conference on Multimedia},
  pages={3647--3656},
  year={2023}
}

@inproceedings{zeng2024latent,
  title={Latent trajectory learning for limited timestamps under distribution shift over time},
  author={Zeng, Qiuhao and Shui, Changjian and Huang, Long-Kai and Liu, Peng and Chen, Xi and Ling, Charles and Wang, Boyu},
  booktitle={The Twelfth International Conference on Learning Representations},
  year={2024}
}

@inproceedings{zengtowards,
  title={Towards Understanding Evolving Patterns in Sequential Data},
  author={Zeng, QIUHAO and Huang, Long-Kai and Qi, CHEN and Ling, Charles and Wang, Boyu},
  booktitle={The Thirty-eighth Annual Conference on Neural Information Processing Systems},
  year={2024}
}

@inproceedings{zhang2021adversarial,
  title={Adversarial separation network for cross-network node classification},
  author={Zhang, Xiaowen and Du, Yuntao and Xie, Rongbiao and Wang, Chongjun},
  booktitle={Proceedings of the 30th ACM International Conference on Information \& Knowledge Management},
  pages={2618--2626},
  year={2021}
}

@inproceedings{zhu2022weakly,
  title={Weakly supervised object localization as domain adaption},
  author={Zhu, Lei and She, Qi and Chen, Qian and You, Yunfei and Wang, Boyu and Lu, Yanye},
  booktitle={Proceedings of the IEEE/CVF Conference on Computer Vision and Pattern Recognition},
  pages={14637--14646},
  year={2022}
}

