@article{shen2020network,
  title={Network together: Node classification via cross-network deep network embedding},
  author={Shen, Xiao and Dai, Quanyu and Mao, Sitong and Chung, Fu-lai and Choi, Kup-Sze},
  journal={IEEE Transactions on Neural Networks and Learning Systems},
  volume={32},
  number={5},
  pages={1935--1948},
  year={2020},
  publisher={IEEE}
}

@inproceedings{wu2020unsupervised,
  title={Unsupervised domain adaptive graph convolutional networks},
  author={Wu, Man and Pan, Shirui and Zhou, Chuan and Chang, Xiaojun and Zhu, Xingquan},
  booktitle={Proceedings of The Web Conference 2020},
  pages={1457--1467},
  year={2020}
}

@article{ma2021subgroup,
  title={Subgroup generalization and fairness of graph neural networks},
  author={Ma, Jiaqi and Deng, Junwei and Mei, Qiaozhu},
  journal={Advances in Neural Information Processing Systems},
  volume={34},
  pages={1048--1061},
  year={2021}
}

@inproceedings{yan2020graphae,
  title={Graphae: adaptive embedding across graphs},
  author={Yan, Bencheng and Wang, Chaokun},
  booktitle={2020 IEEE 36th International Conference on Data Engineering (ICDE)},
  pages={1958--1961},
  year={2020},
  organization={IEEE}
}



@article{shen2023domain,
  title={Domain-adaptive message passing graph neural network},
  author={Shen, Xiao and Pan, Shirui and Choi, Kup-Sze and Zhou, Xi},
  journal={Neural Networks},
  volume={164},
  pages={439--454},
  year={2023},
  publisher={Elsevier}
}


@inproceedings{li2020cast,
  title={CAST: a correlation-based adaptive spectral clustering algorithm on multi-scale data},
  author={Li, Xiang and Kao, Ben and Shan, Caihua and Yin, Dawei and Ester, Martin},
  booktitle={Proceedings of the 26th ACM SIGKDD International Conference on Knowledge Discovery \& Data Mining},
  pages={439--449},
  year={2020}
}

@inproceedings{fang2022structure,
  title={Structure-preserving graph representation learning},
  author={Fang, Ruiyi and Wen, Liangjian and Kang, Zhao and Liu, Jianzhuang},
  booktitle={2022 IEEE International Conference on Data Mining (ICDM)},
  pages={927--932},
  year={2022},
  organization={IEEE}
}

@article{zhu2020beyond,
  title={Beyond homophily in graph neural networks: Current limitations and effective designs},
  author={Zhu, Jiong and Yan, Yujun and Zhao, Lingxiao and Heimann, Mark and Akoglu, Leman and Koutra, Danai},
  journal={Advances in neural information processing systems},
  volume={33},
  pages={7793--7804},
  year={2020}
}



@article{zhang2019dane,
  title={Dane: Domain adaptive network embedding},
  author={Zhang, Yizhou and Song, Guojie and Du, Lun and Yang, Shuwen and Jin, Yilun},
  journal={arXiv preprint arXiv:1906.00684},
  year={2019}
}

@inproceedings{ribeiro2017struc2vec,
  title={struc2vec: Learning node representations from structural identity},
  author={Ribeiro, Leonardo FR and Saverese, Pedro HP and Figueiredo, Daniel R},
  booktitle={Proceedings of the 23rd ACM SIGKDD international conference on knowledge discovery and data mining},
  pages={385--394},
  year={2017}
}



@inproceedings{shi2023improving,
  title={Improving graph domain adaptation with network hierarchy},
  author={Shi, Boshen and Wang, Yongqing and Guo, Fangda and Shao, Jiangli and Shen, Huawei and Cheng, Xueqi},
  booktitle={Proceedings of the 32nd ACM International Conference on Information and Knowledge Management},
  pages={2249--2258},
  year={2023}
}

@inproceedings{wu2023non,
  title={Non-iid transfer learning on graphs},
  author={Wu, Jun and He, Jingrui and Ainsworth, Elizabeth},
  booktitle={Proceedings of the AAAI Conference on Artificial Intelligence},
  volume={37},
  number={9},
  pages={10342--10350},
  year={2023}
}

@article{kipf2016semi,
  title={Semi-supervised classification with graph convolutional networks},
  author={Kipf, Thomas N and Welling, Max},
  journal={arXiv preprint arXiv:1609.02907},
  year={2016}
}


@inproceedings{you2022graph,
  title={Graph domain adaptation via theory-grounded spectral regularization},
  author={You, Yuning and Chen, Tianlong and Wang, Zhangyang and Shen, Yang},
  booktitle={The Eleventh International Conference on Learning Representations},
  year={2022}
}

@inproceedings{zhang2021adversarial,
  title={Adversarial separation network for cross-network node classification},
  author={Zhang, Xiaowen and Du, Yuntao and Xie, Rongbiao and Wang, Chongjun},
  booktitle={Proceedings of the 30th ACM International Conference on Information \& Knowledge Management},
  pages={2618--2626},
  year={2021}
}

@article{ganin2016domain,
  title={Domain-adversarial training of neural networks},
  author={Ganin, Yaroslav and Ustinova, Evgeniya and Ajakan, Hana and Germain, Pascal and Larochelle, Hugo and Laviolette, Fran{\c{c}}ois and March, Mario and Lempitsky, Victor},
  journal={Journal of machine learning research},
  volume={17},
  number={59},
  pages={1--35},
  year={2016}
}

@article{chen2019graph,
  title={A graph embedding framework for maximum mean discrepancy-based domain adaptation algorithms},
  author={Chen, Yiming and Song, Shiji and Li, Shuang and Wu, Cheng},
  journal={IEEE Transactions on Image Processing},
  volume={29},
  pages={199--213},
  year={2019},
  publisher={IEEE}
}

@inproceedings{shen2020adversarial,
  title={Adversarial deep network embedding for cross-network node classification},
  author={Shen, Xiao and Dai, Quanyu and Chung, Fu-lai and Lu, Wei and Choi, Kup-Sze},
  booktitle={Proceedings of the AAAI conference on artificial intelligence},
  volume={34},
  number={03},
  pages={2991--2999},
  year={2020}
}

@article{xu2022graph,
  title={Graph-relational domain adaptation},
  author={Xu, Zihao and He, Hao and Lee, Guang-He and Wang, Yuyang and Wang, Hao},
  journal={arXiv preprint arXiv:2202.03628},
  year={2022}
}

@article{zhu2021transfer,
  title={Transfer learning of graph neural networks with ego-graph information maximization},
  author={Zhu, Qi and Yang, Carl and Xu, Yidan and Wang, Haonan and Zhang, Chao and Han, Jiawei},
  journal={Advances in Neural Information Processing Systems},
  volume={34},
  pages={1766--1779},
  year={2021}
}

@InProceedings{adam,
author = {Kingma, Diederick P and Ba, Jimmy},
title = {Adam: A method for stochastic optimization},
booktitle = { International Conference on Learning Representations (ICLR) },
year = {2015}
}






@article{tachet2020domain,
  title={Domain adaptation with conditional distribution matching and generalized label shift},
  author={Tachet des Combes, Remi and Zhao, Han and Wang, Yu-Xiang and Gordon, Geoffrey J},
  journal={Advances in Neural Information Processing Systems},
  volume={33},
  pages={19276--19289},
  year={2020}
}

@inproceedings{yuan2023alex,
  title={Alex: Towards effective graph transfer learning with noisy labels},
  author={Yuan, Jingyang and Luo, Xiao and Qin, Yifang and Mao, Zhengyang and Ju, Wei and Zhang, Ming},
  booktitle={Proceedings of the 31st ACM International Conference on Multimedia},
  pages={3647--3656},
  year={2023}
}

@article{wang2019transfer,
  title={Transfer learning via minimizing the performance gap between domains},
  author={Wang, Boyu and Mendez, Jorge and Cai, Mingbo and Eaton, Eric},
  journal={Advances in neural information processing systems},
  volume={32},
  year={2019}
}

@inproceedings{zhu2022weakly,
  title={Weakly supervised object localization as domain adaption},
  author={Zhu, Lei and She, Qi and Chen, Qian and You, Yunfei and Wang, Boyu and Lu, Yanye},
  booktitle={Proceedings of the IEEE/CVF Conference on Computer Vision and Pattern Recognition},
  pages={14637--14646},
  year={2022}
}

@article{xu2023class,
  title={Class Overwhelms: Mutual Conditional Blended-Target Domain Adaptation},
  author={Xu, Pengcheng and Wang, Boyu and Ling, Charles},
  journal={Proceedings of the AAAI Conference on Artificial Intelligence},
  year={2023}
}

@article{jing2021towards,
  title={Towards fair knowledge transfer for imbalanced domain adaptation},
  author={Jing, Taotao and Xu, Bingrong and Ding, Zhengming},
  journal={IEEE Transactions on Image Processing},
  volume={30},
  pages={8200--8211},
  year={2021},
  publisher={IEEE}
}

@inproceedings{wang2020gcn,
  title={Am-gcn: Adaptive multi-channel graph convolutional networks},
  author={Wang, Xiao and Zhu, Meiqi and Bo, Deyu and Cui, Peng and Shi, Chuan and Pei, Jian},
  booktitle={Proceedings of the 26th ACM SIGKDD International conference on knowledge discovery \& data mining},
  pages={1243--1253},
  year={2020}
}

@article{yi2023source,
  title={When source-free domain adaptation meets learning with noisy labels},
  author={Yi, Li and Xu, Gezheng and Xu, Pengcheng and Li, Jiaqi and Pu, Ruizhi and Ling, Charles and McLeod, A Ian and Wang, Boyu},
  journal={arXiv preprint arXiv:2301.13381},
  year={2023}
}

@inproceedings{wang2022continual,
  title={Continual test-time domain adaptation},
  author={Wang, Qin and Fink, Olga and Van Gool, Luc and Dai, Dengxin},
  booktitle={Proceedings of the IEEE/CVF Conference on Computer Vision and Pattern Recognition},
  pages={7201--7211},
  year={2022}
}

@inproceedings{yang2021generalized,
  title={Generalized source-free domain adaptation},
  author={Yang, Shiqi and Wang, Yaxing and Van De Weijer, Joost and Herranz, Luis and Jui, Shangling},
  booktitle={Proceedings of the IEEE/CVF International Conference on Computer Vision},
  pages={8978--8987},
  year={2021}
}

@inproceedings{wang2023dynamically,
  title={Dynamically Instance-Guided Adaptation: A Backward-Free Approach for Test-Time Domain Adaptive Semantic Segmentation},
  author={Wang, Wei and Zhong, Zhun and Wang, Weijie and Chen, Xi and Ling, Charles and Wang, Boyu and Sebe, Nicu},
  booktitle={Proceedings of the IEEE/CVF Conference on Computer Vision and Pattern Recognition},
  pages={24090--24099},
  year={2023}
}

@inproceedings{kang2019contrastive,
  title={Contrastive adaptation network for unsupervised domain adaptation},
  author={Kang, Guoliang and Jiang, Lu and Yang, Yi and Hauptmann, Alexander G},
  booktitle={Proceedings of the IEEE/CVF conference on computer vision and pattern recognition},
  pages={4893--4902},
  year={2019}
}

@article{shen2019network,
  title={Network embedding for cross-network node classification},
  author={Shen, Xiao and Chung, Fu Lai},
  journal={arXiv preprint arXiv:1901.07264},
  year={2019}
}

@article{guo2022learning,
  title={Learning adaptive node embeddings across graphs},
  author={Guo, Gaoyang and Wang, Chaokun and Yan, Bencheng and Lou, Yunkai and Feng, Hao and Zhu, Junchao and Chen, Jun and He, Fei and Yu, Philip},
  journal={IEEE Transactions on Knowledge and Data Engineering},
  year={2022},
  publisher={IEEE}
}
@article{dai2022graph,
  title={Graph transfer learning via adversarial domain adaptation with graph convolution},
  author={Dai, Quanyu and Wu, Xiao-Ming and Xiao, Jiaren and Shen, Xiao and Wang, Dan},
  journal={IEEE Transactions on Knowledge and Data Engineering},
  volume={35},
  number={5},
  pages={4908--4922},
  year={2022},
  publisher={IEEE}
}


@inproceedings{yang2024graphlearner,
  title={GraphLearner: Graph Node Clustering with Fully Learnable Augmentation},
  author={Yang, Xihong and Min, Erxue and LIANG, KE and Liu, Yue and Wang, Siwei and Wu, Huijun and Liu, Xinwang and Zhu, En and others},
  booktitle={ACM Multimedia 2024},
year={2024}
}

@article{shi2024graph,
  title={Graph Domain Adaptation: Challenges, Progress and Prospects},
  author={Shi, Boshen and Wang, Yongqing and Guo, Fangda and Xu, Bingbing and Shen, Huawei and Cheng, Xueqi},
  journal={arXiv preprint arXiv:2402.00904},
  year={2024}
}

@inproceedings{li2015unsupervised,
  title={Unsupervised streaming feature selection in social media},
  author={Li, Jundong and Hu, Xia and Tang, Jiliang and Liu, Huan},
  booktitle={Proceedings of the 24th ACM International on Conference on Information and Knowledge Management},
  pages={1041--1050},
  year={2015}
}

@inproceedings{liu2024rethinking,
  title={Rethinking propagation for unsupervised graph domain adaptation},
  author={Liu, Meihan and Fang, Zeyu and Zhang, Zhen and Gu, Ming and Zhou, Sheng and Wang, Xin and Bu, Jiajun},
  booktitle={Proceedings of the AAAI Conference on Artificial Intelligence},
  volume={38},
  number={12},
  pages={13963--13971},
  year={2024}
}

@article{mao2021source,
  title={Source free unsupervised graph domain adaptation},
  author={Mao, Haitao and Du, Lun and Zheng, Yujia and Fu, Qiang and Li, Zelin and Chen, Xu and Han, Shi and Zhang, Dongmei},
  journal={The 17th ACM International Conference on Web Search and Data Mining},
  year={2024}
}


@article{qiao2024information,
  title={Information filtering and interpolating for semi-supervised graph domain adaptation},
  author={Qiao, Ziyue and Xiao, Meng and Guo, Weiyu and Luo, Xiao and Xiong, Hui},
  journal={Pattern Recognition},
  volume={153},
  pages={110498},
  year={2024},
  publisher={Elsevier}
}

@inproceedings{pang2023sa,
  title={Sa-gda: Spectral augmentation for graph domain adaptation},
  author={Pang, Jinhui and Wang, Zixuan and Tang, Jiliang and Xiao, Mingyan and Yin, Nan},
  booktitle={Proceedings of the 31st ACM International Conference on Multimedia},
  pages={309--318},
  year={2023}
}
@article{liu2024pairwise,
  title={Pairwise Alignment Improves Graph Domain Adaptation},
  author={Liu, Shikun and Zou, Deyu and Zhao, Han and Li, Pan},
  journal={arXiv preprint arXiv:2403.01092},
  year={2024}
}

@article{qiao2023semi,
  title={Semi-supervised domain adaptation in graph transfer learning},
  author={Qiao, Ziyue and Luo, Xiao and Xiao, Meng and Dong, Hao and Zhou, Yuanchun and Xiong, Hui},
  journal={IJCAI},
  year={2023}
}
@article{mao2023revisiting,
  title={Revisiting link prediction: A data perspective},
  author={Mao, Haitao and Li, Juanhui and Shomer, Harry and Li, Bingheng and Fan, Wenqi and Ma, Yao and Zhao, Tong and Shah, Neil and Tang, Jiliang},
  journal={arXiv preprint arXiv:2310.00793},
  year={2023}
}
@article{xie2024one,
  title={One Node One Model: Featuring the Missing-Half for Graph Clustering},
  author={Xie, Xuanting and Li, Bingheng and Pan, Erlin and Guo, Zhaochen and Kang, Zhao and Chen, Wenyu},
  journal={arXiv preprint arXiv:2412.09902},
  year={2024}
}

@article{shui2023towards,
  title={Towards more general loss and setting in unsupervised domain adaptation},
  author={Shui, Changjian and Pu, Ruizhi and Xu, Gezheng and Wen, Jun and Zhou, Fan and Gagn{\'e}, Christian and Ling, Charles X and Wang, Boyu},
  journal={IEEE Transactions on Knowledge and Data Engineering},
  volume={35},
  number={10},
  pages={10140--10150},
  year={2023},
  publisher={IEEE}
}

@inproceedings{zengtowards,
  title={Towards Understanding Evolving Patterns in Sequential Data},
  author={Zeng, QIUHAO and Huang, Long-Kai and Qi, CHEN and Ling, Charles and Wang, Boyu},
  booktitle={The Thirty-eighth Annual Conference on Neural Information Processing Systems},
  year={2024}
}

@inproceedings{zeng2024latent,
  title={Latent trajectory learning for limited timestamps under distribution shift over time},
  author={Zeng, Qiuhao and Shui, Changjian and Huang, Long-Kai and Liu, Peng and Chen, Xi and Ling, Charles and Wang, Boyu},
  booktitle={The Twelfth International Conference on Learning Representations},
  year={2024}
}

@article{xu2025unraveling,
  title={Unraveling the Mysteries of Label Noise in Source-Free Domain Adaptation: Theory and Practice},
  author={Xu, Gezheng and Yi, Li and Xu, Pengcheng and Li, Jiaqi and Pu, Ruizhi and Shui, Changjian and Ling, Charles and McLeod, A Ian and Wang, Boyu},
  journal={IEEE Transactions on Pattern Analysis and Machine Intelligence},
  year={2025},
  publisher={IEEE}
}

@article{pu2024leveraging,
  title={Leveraging Group Classification with Descending Soft Labeling for Deep Imbalanced Regression},
  author={Pu, Ruizhi and Xu, Gezheng and Fang, Ruiyi and Bao, Binkun and Ling, Charles X and Wang, Boyu},
  journal={AAAI},
  year={2025}
}


@article{li2025simplified,
  title={Simplified pcnet with robustness},
  author={Li, Bingheng and Xie, Xuanting and Lei, Haoxiang and Fang, Ruiyi and Kang, Zhao},
  journal={Neural Networks},
  volume={184},
  pages={107099},
  year={2025},
  publisher={Elsevier}
}

@inproceedings{li2024pc,
  title={Pc-conv: Unifying homophily and heterophily with two-fold filtering},
  author={Li, Bingheng and Pan, Erlin and Kang, Zhao},
  booktitle={Proceedings of the AAAI Conference on Artificial Intelligence},
  volume={38},
  number={12},
  pages={13437--13445},
  year={2024}
}
@inproceedings{qian2024upper,
  title={Upper Bounding Barlow Twins: A Novel Filter for Multi-Relational Clustering},
  author={Qian, Xiaowei and Li, Bingheng and Kang, Zhao},
  booktitle={Proceedings of the AAAI Conference on Artificial Intelligence},
  volume={38},
  number={13},
  pages={14660--14668},
  year={2024}
}
@article{kang2024cdc,
  title={CDC: A Simple Framework for Complex Data Clustering},
  author={Kang, Zhao and Xie, Xuanting and Li, Bingheng and Pan, Erlin},
  journal={arXiv preprint arXiv:2403.03670},
  year={2024}
}

@article{xie2024provable,
  title={Provable Filter for Real-world Graph Clustering},
  author={Xie, Xuanting and Pan, Erlin and Kang, Zhao and Chen, Wenyu and Li, Bingheng},
  journal={arXiv preprint arXiv:2403.03666},
  year={2024}
}