@article{DAVOUDI2022116635,
title = {DSS: A hybrid deep model for fake news detection using propagation tree and stance network},
journal = {Expert Systems with Applications},
volume = {198},
pages = {116635},
year = {2022},
issn = {0957-4174},
doi = {https://doi.org/10.1016/j.eswa.2022.116635},
url = {https://www.sciencedirect.com/science/article/pii/S0957417422001245},
author = {Mansour Davoudi and Mohammad R. Moosavi and Mohammad Hadi Sadreddini}
}

@inproceedings{DBLP:conf/bigdataconf/AsghariCC22,
  author       = {Sara Asghari and
                  Mostafa Haghir Chehreghani and
                  Morteza Haghir Chehreghani},
  editor       = {Shusaku Tsumoto and
                  Yukio Ohsawa and
                  Lei Chen and
                  Dirk Van den Poel and
                  Xiaohua Hu and
                  Yoichi Motomura and
                  Takuya Takagi and
                  Lingfei Wu and
                  Ying Xie and
                  Akihiro Abe and
                  Vijay Raghavan},
  title        = {On Using Node Indices and Their Correlations for Fake Account Detection},
  booktitle    = {{IEEE} International Conference on Big Data, Big Data 2022, Osaka,
                  Japan, December 17-20, 2022},
  pages        = {5656--5661},
  year         = {2022},
  url          = {https://doi.org/10.1109/BigData55660.2022.10020627},
  doi          = {10.1109/BIGDATA55660.2022.10020627},
  timestamp    = {Tue, 11 Jun 2024 10:44:02 +0200},
  biburl       = {https://dblp.org/rec/conf/bigdataconf/AsghariCC22.bib},
  bibsource    = {dblp computer science bibliography, https://dblp.org}
}

@inproceedings{DBLP:conf/icml/FinkelshteinHBC24,
	author       = {Ben Finkelshtein and
	Xingyue Huang and
	Michael M. Bronstein and
	{\.I}smail {\.I}lkan Ceylan},
	title        = {Cooperative Graph Neural Networks},
	booktitle    = {Forty-first International Conference on Machine Learning (ICML)},
	year         = {2024}	
}

@inproceedings{acharya2020feature,
	title={Feature selection and extraction for graph neural networks},
	author={Acharya, Deepak Bhaskar and Zhang, Huaming},
	booktitle={Proceedings of the 2020 ACM Southeast Conference},
	pages={252--255},
	year={2020}
}

@article{akdag2024early,
	title={Early detection of fake news on emerging topics through weak supervision},
	author={Akdag, Serhat Hakki and Cicekli, Nihan Kesim},
	journal={Journal of Intelligent Information Systems},
	pages={1--22},
	year={2024},
	publisher={Springer}
}

@article{al2023robust,
	title={Robust semi-supervised fake news recognition by effective augmentations and ensemble of diverse deep learners},
	author={Al Obaid, Abdulhameed and Khotanlou, Hassan and Mansoorizadeh, Muharram and Zabihzadeh, Davood},
	journal={IEEE Access},
	volume={11},
	pages={54526--54543},
	year={2023},
	publisher={IEEE}
}

@inproceedings{canh2023fake,
	title={Fake News Detection Based on Multi-view Fuzzy Clustering Algorithm},
	author={Canh, Hoang Thi and Thong, Pham Huy and Giang, Le Truong and Hung, Phan Dang},
	booktitle={International Conference on Ad Hoc Networks},
	pages={150--166},
	year={2023},
	organization={Springer}
}

@article{chaudhary2023gumbel,
	title={Gumbel-SoftMax based graph convolution network approach for community detection},
	author={Chaudhary, Laxmi and Singh, Buddha},
	journal={International Journal of Information Technology},
	volume={15},
	number={6},
	pages={3063--3070},
	year={2023},
	publisher={Springer}
}

@article{fang2024nsep,
	title={NSEP: Early fake news detection via news semantic environment perception},
	author={Fang, Xiaochang and Wu, Hongchen and Jing, Jing and Meng, Yihong and Yu, Bing and Yu, Hongzhu and Zhang, Huaxiang},
	journal={Information Processing \& Management},
	volume={61},
	number={2},
	pages={103594},
	year={2024},
	publisher={Elsevier}
}

@article{inan2022zoka,
	title={ZoKa: a fake news detection method using edge-weighted graph attention network with transfer models},
	author={Inan, Emrah},
	journal={Neural Computing and Applications},
	volume={34},
	number={14},
	pages={11669--11677},
	year={2022},
	publisher={Springer}
}

@article{lakzaei2024disinformation,
	title={Disinformation detection using graph neural networks: a survey},
	author={Lakzaei, Batool and Haghir Chehreghani, Mostafa and Bagheri, Alireza},
	journal={Artificial Intelligence Review},
	volume={57},
	number={3},
	pages={52},
	year={2024},
	publisher={Springer}
}

@article{lakzaei2024loss,
	title={LOSS-GAT: Label Propagation and One-Class Semi-Supervised Graph Attention Network for Fake News Detection},
	author={Lakzaei, Batool and Chehreghani, Mostafa Haghir and Bagheri, Alireza},
	journal={arXiv preprint arXiv:2402.08401},
	year={2024}
}

@article{lakzaei2025decision,
	title={A Decision-Based Heterogenous Graph Attention Network for Multi-Class Fake News Detection},
	author={Lakzaei, Batool and Chehreghani, Mostafa Haghir and Bagheri, Alireza},
	journal={arXiv preprint arXiv:2501.03290},
	year={2025}
}

@article{liu2024rumor,
	title={Rumor Detection with a novel graph neural network approach},
	author={Liu, Tianrui and Cai, Qi and Xu, Changxin and Hong, Bo and Ni, Fanghao and Qiao, Yuxin and Yang, Tsungwei},
	journal={arXiv preprint arXiv:2403.16206},
	year={2024}
}

@inproceedings{nguyen2023fake,
	title={Fake news detection using knowledge graph and graph convolutional network},
	author={Nguyen, Vy Duong Kim and Do, Phuc},
	booktitle={International Conference on Intelligent Systems and Data Science},
	pages={216--224},
	year={2023},
	organization={Springer}
}

@article{qu2024qmfnd,
	title={QMFND: A quantum multimodal fusion-based fake news detection model for social media},
	author={Qu, Zhiguo and Meng, Yunyi and Muhammad, Ghulam and Tiwari, Prayag},
	journal={Information Fusion},
	volume={104},
	pages={102172},
	year={2024},
	publisher={Elsevier}
}

@inproceedings{shaeri2023semi,
	title={A Semi-supervised Fake News Detection using Sentiment Encoding and LSTM with Self-Attention},
	author={Shaeri, Pouya and Katanforoush, Ali},
	booktitle={2023 13th International Conference on Computer and Knowledge Engineering (ICCKE)},
	pages={590--595},
	year={2023},
	organization={IEEE}
}

@inproceedings{xiao2021learning,
	title={Learning how to propagate messages in graph neural networks},
	author={Xiao, Teng and Chen, Zhengyu and Wang, Donglin and Wang, Suhang},
	booktitle={Proceedings of the 27th ACM SIGKDD Conference on Knowledge Discovery \& Data Mining},
	pages={1894--1903},
	year={2021}
}

@article{yadav2024emotion,
	title={An emotion-driven, transformer-based network for multimodal fake news detection},
	author={Yadav, Ashima and Gupta, Anika},
	journal={International Journal of Multimedia Information Retrieval},
	volume={13},
	number={1},
	pages={7},
	year={2024},
	publisher={Springer}
}

@article{zhang2024gbca,
	title={GBCA: Graph Convolution Network and BERT combined with Co-Attention for fake news detection},
	author={Zhang, Zhen and Lv, Qiyun and Jia, Xiyuan and Yun, Wenhao and Miao, Gongxun and Mao, Zongqing and Wu, Guohua},
	journal={Pattern Recognition Letters},
	volume={180},
	pages={26--32},
	year={2024},
	publisher={Elsevier}
}

