
@article{DBLP:journals/corr/abs-2402-03365,
  author       = {Nemat Gholinejad and
                  Mostafa Haghir Chehreghani},
  title        = {Heterophily-Aware Fair Recommendation using Graph Convolutional Networks},
  journal      = {CoRR},
  volume       = {abs/2402.03365},
  year         = {2024},
  url          = {https://doi.org/10.48550/arXiv.2402.03365},
  doi          = {10.48550/ARXIV.2402.03365},
  eprinttype    = {arXiv},
  eprint       = {2402.03365}
}

@inproceedings{DBLP:conf/complexnetworks/LuanHLZCP23,
  author       = {Sitao Luan and
                  Chenqing Hua and
                  Qincheng Lu and
                  Jiaqi Zhu and
                  Xiao{-}Wen Chang and
                  Doina Precup},
  editor       = {Hocine Cherifi and
                  Luis M. Rocha and
                  Chantal Cherifi and
                  Murat Donduran},
  title        = {When Do We Need Graph Neural Networks for Node Classification?},
  booktitle    = {Complex Networks {\&} Their Applications {XII} - Proceedings of
                  The Twelfth International Conference on Complex Networks and their
                  Applications: {COMPLEX} {NETWORKS} 2023, Menton, France, 28-30 November,
                  2023, Volume 1},
  series       = {Studies in Computational Intelligence},
  volume       = {1141},
  pages        = {37--48},
  publisher    = {Springer},
  year         = {2023},
  url          = {https://doi.org/10.1007/978-3-031-53468-3\_4}
}

@inproceedings{DBLP:conf/icml/YouYL19,
  author       = {Jiaxuan You and
                  Rex Ying and
                  Jure Leskovec},
  editor       = {Kamalika Chaudhuri and
                  Ruslan Salakhutdinov},
  title        = {Position-aware Graph Neural Networks},
  booktitle    = {Proceedings of the 36th International Conference on Machine Learning,
                  {ICML} 2019, 9-15 June 2019, Long Beach, California, {USA}},
  series       = {Proceedings of Machine Learning Research},
  volume       = {97},
  pages        = {7134--7143},
  publisher    = {{PMLR}},
  year         = {2019},
  url          = {http://proceedings.mlr.press/v97/you19b.html}
}

@article{DBLP:journals/tjs/ZohrabiSC24,
  author       = {Mohammadjavad Zohrabi and
                  Saeed Saravani and
                  Mostafa Haghir Chehreghani},
  title        = {Centrality-based and similarity-based neighborhood extension in graph
                  neural networks},
  journal      = {J. Supercomput.},
  volume       = {80},
  number       = {16},
  pages        = {24638--24663},
  year         = {2024},
  url          = {https://doi.org/10.1007/s11227-024-06336-x},
  doi          = {10.1007/S11227-024-06336-X},
  timestamp    = {Wed, 28 Aug 2024 08:55:05 +0200},
  biburl       = {https://dblp.org/rec/journals/tjs/ZohrabiSC24.bib},
  bibsource    = {dblp computer science bibliography, https://dblp.org}
}

@inproceedings{DBLP:conf/iclr/XuHLJ19,
  author       = {Keyulu Xu and
                  Weihua Hu and
                  Jure Leskovec and
                  Stefanie Jegelka},
  title        = {How Powerful are Graph Neural Networks?},
  booktitle    = {7th International Conference on Learning Representations, {ICLR} 2019,
                  New Orleans, LA, USA, May 6-9, 2019},
  publisher    = {OpenReview.net},
  year         = {2019},
  url          = {https://openreview.net/forum?id=ryGs6iA5Km}
}

@article{10.1145/3700790,
author = {Gholamzadeh Nasrabadi, Fatemeh and Kashani, Amirhossein and Zahedi, Pegah and Haghir Chehreghani, Mostafa},
title = {Content Augmented Graph Neural Networks},
year = {2024},
publisher = {Association for Computing Machinery},
address = {New York, NY, USA},
issn = {1559-1131},
url = {https://doi.org/10.1145/3700790},
doi = {10.1145/3700790},
note = {Just Accepted},
journal = {ACM Trans. Web}
}

@inproceedings{DBLP:conf/iclr/KipfW17,
  author       = {Thomas N. Kipf and
                  Max Welling},
  title        = {Semi-Supervised Classification with Graph Convolutional Networks},
  booktitle    = {5th International Conference on Learning Representations, {ICLR} 2017,
                  Toulon, France, April 24-26, 2017, Conference Track Proceedings},
  publisher    = {OpenReview.net},
  year         = {2017},
  url          = {https://openreview.net/forum?id=SJU4ayYgl}
}

@article{DAVOUDI2022116635,
title = {DSS: A hybrid deep model for fake news detection using propagation tree and stance network},
journal = {Expert Systems with Applications},
volume = {198},
pages = {116635},
year = {2022},
issn = {0957-4174},
doi = {https://doi.org/10.1016/j.eswa.2022.116635},
url = {https://www.sciencedirect.com/science/article/pii/S0957417422001245},
author = {Mansour Davoudi and Mohammad R. Moosavi and Mohammad Hadi Sadreddini}
}

@inproceedings{DBLP:conf/bigdataconf/AsghariCC22,
  author       = {Sara Asghari and
                  Mostafa Haghir Chehreghani and
                  Morteza Haghir Chehreghani},
  editor       = {Shusaku Tsumoto and
                  Yukio Ohsawa and
                  Lei Chen and
                  Dirk Van den Poel and
                  Xiaohua Hu and
                  Yoichi Motomura and
                  Takuya Takagi and
                  Lingfei Wu and
                  Ying Xie and
                  Akihiro Abe and
                  Vijay Raghavan},
  title        = {On Using Node Indices and Their Correlations for Fake Account Detection},
  booktitle    = {{IEEE} International Conference on Big Data, Big Data 2022, Osaka,
                  Japan, December 17-20, 2022},
  pages        = {5656--5661},
  year         = {2022},
  url          = {https://doi.org/10.1109/BigData55660.2022.10020627},
  doi          = {10.1109/BIGDATA55660.2022.10020627},
  timestamp    = {Tue, 11 Jun 2024 10:44:02 +0200},
  biburl       = {https://dblp.org/rec/conf/bigdataconf/AsghariCC22.bib},
  bibsource    = {dblp computer science bibliography, https://dblp.org}
}

@inproceedings{paraschiv2022unified,
  title={A unified graph-based approach to disinformation detection using contextual and semantic relations},
  author={Paraschiv, Marius and Salamanos, Nikos and Iordanou, Costas and Laoutaris, Nikolaos and Sirivianos, Michael},
  booktitle={Proceedings of the International AAAI Conference on Web and Social Media},
  volume={16},
  pages={747--758},
  year={2022}
}

@inproceedings{xie2023heterogeneous,
	title={Heterogeneous graph neural network via knowledge relations for fake news detection},
	author={Xie, Bingbing and Ma, Xiaoxiao and Wu, Jia and Yang, Jian and Xue, Shan and Fan, Hao},
	booktitle={Proceedings of the 35th International Conference on Scientific and Statistical Database Management},
	pages={1--11},
	year={2023}
}

@article{choudhary2024gin,
	title={GIN-FND: Leveraging usersâ€™ preferences for graph isomorphic network driven fake news detection},
	author={Choudhary, Anshika and Arora, Anuja},
	journal={Multimedia Tools and Applications},
	volume={83},
	number={22},
	pages={62061--62087},
	year={2024},
	publisher={Springer}
}

@inproceedings{teja2023graph,
	title={A Graph Neural Network Approach To Combatting Fake News},
	author={Teja, T Srujan and Sandhya, LS Hemanta and Choudhary, Santosh Kumar},
	booktitle={2023 International Conference on Sustainable Computing and Smart Systems (ICSCSS)},
	pages={575--579},
	year={2023},
	organization={IEEE}
}

@article{golo2023one,
	title={One-class learning for fake news detection through multimodal variational autoencoders},
	author={G{\^o}lo, Marcos Paulo Silva and de Souza, Mariana Caravanti and Rossi, Rafael Geraldeli and Rezende, Solange Oliveira and Nogueira, Bruno Magalh{\~a}es and Marcacini, Ricardo Marcondes},
	journal={Engineering Applications of Artificial Intelligence},
	volume={122},
	pages={106088},
	year={2023},
	publisher={Elsevier}
}

@article{van2020survey,
	title={A survey on semi-supervised learning},
	author={Van Engelen, Jesper E and Hoos, Holger H},
	journal={Machine learning},
	volume={109},
	number={2},
	pages={373--440},
	year={2020},
	publisher={Springer}
}

@article{breve2011particle,
	title={Particle competition and cooperation in networks for semi-supervised learning},
	author={Breve, Fabricio and Zhao, Liang and Quiles, Marcos and Pedrycz, Witold and Liu, Jiming},
	journal={IEEE Transactions on Knowledge and Data Engineering},
	volume={24},
	number={9},
	pages={1686--1698},
	year={2011},
	publisher={IEEE}
}

@article{shi2020skeleton,
	title={Skeleton-based action recognition with multi-stream adaptive graph convolutional networks},
	author={Shi, Lei and Zhang, Yifan and Cheng, Jian and Lu, Hanqing},
	journal={IEEE Transactions on Image Processing},
	volume={29},
	pages={9532--9545},
	year={2020},
	publisher={IEEE}
}

@article{rossi2016optimization,
	title={Optimization and label propagation in bipartite heterogeneous networks to improve transductive classification of texts},
	author={Rossi, Rafael Geraldeli and de Andrade Lopes, Alneu and Rezende, Solange Oliveira},
	journal={Information Processing \& Management},
	volume={52},
	number={2},
	pages={217--257},
	year={2016},
	publisher={Elsevier}
}

@article{haghir2022half,
	title={Half a decade of graph convolutional networks},
	author={Haghir Chehreghani, Mostafa},
	journal={Nature Machine Intelligence},
	volume={4},
	number={3},
	pages={192--193},
	year={2022},
	publisher={Nature Publishing Group UK London}
}

@article{de2022network,
	title={A network-based positive and unlabeled learning approach for fake news detection},
	author={de Souza, Mariana Caravanti and Nogueira, Bruno Magalh{\~a}es and Rossi, Rafael Geraldeli and Marcacini, Ricardo Marcondes and Dos Santos, Brucce Neves and Rezende, Solange Oliveira},
	journal={Machine learning},
	volume={111},
	number={10},
	pages={3549--3592},
	year={2022},
	publisher={Springer}
}

@inproceedings{shi2020point,
	title={Point-gnn: Graph neural network for 3d object detection in a point cloud},
	author={Shi, Weijing and Rajkumar, Raj},
	booktitle={Proceedings of the IEEE/CVF conference on computer vision and pattern recognition},
	pages={1711--1719},
	year={2020}
}

@inproceedings{gao2022graph,
	title={Graph neural networks for recommender system},
	author={Gao, Chen and Wang, Xiang and He, Xiangnan and Li, Yong},
	booktitle={Proceedings of the fifteenth ACM international conference on web search and data mining},
	pages={1623--1625},
	year={2022}
}

@article{lu2022aspect,
	title={Aspect sentiment analysis with heterogeneous graph neural networks},
	author={Lu, Guangquan and Li, Jiecheng and Wei, Jian},
	journal={Information Processing \& Management},
	volume={59},
	number={4},
	pages={102953},
	year={2022},
	publisher={Elsevier}
}

@inproceedings{hu2019multi,
	title={Multi-depth graph convolutional networks for fake news detection},
	author={Hu, Guoyong and Ding, Ye and Qi, Shuhan and Wang, Xuan and Liao, Qing},
	booktitle={Natural Language Processing and Chinese Computing: 8th CCF International Conference, NLPCC 2019, Dunhuang, China, October 9--14, 2019, Proceedings, Part I 8},
	pages={698--710},
	year={2019},
	organization={Springer}
}

@article{monti2019fake,
	title={Fake news detection on social media using geometric deep learning},
	author={Monti, Federico and Frasca, Fabrizio and Eynard, Davide and Mannion, Damon and Bronstein, Michael M},
	journal={arXiv preprint arXiv:1902.06673},
	year={2019}
}

@inproceedings{ren2020adversarial,
	title={Adversarial active learning based heterogeneous graph neural network for fake news detection},
	author={Ren, Yuxiang and Wang, Bo and Zhang, Jiawei and Chang, Yi},
	booktitle={2020 IEEE International Conference on Data Mining (ICDM)},
	pages={452--461},
	year={2020},
	organization={IEEE}
}

@inproceedings{benamira2019semi,
	title={Semi-supervised learning and graph neural networks for fake news detection},
	author={Benamira, Adrien and Devillers, Benjamin and Lesot, Etienne and Ray, Ayush K and Saadi, Manal and Malliaros, Fragkiskos D},
	booktitle={Proceedings of the 2019 IEEE/ACM International Conference on Advances in Social Networks Analysis and Mining},
	pages={568--569},
	year={2019}
}

@inproceedings{hiremath2023analysis,
	title={Analysis of Fake News Detection using Graph Neural Network (GNN) and Deep Learning},
	author={Hiremath, Prajwal and Kalagi, Srujan Sateesh and others},
	booktitle={2023 2nd International Conference on Automation, Computing and Renewable Systems (ICACRS)},
	pages={1805--1811},
	year={2023},
	organization={IEEE}
}

@inproceedings{DBLP:journals/corr/abs-1301-3781,
	author       = {Tom{\'{a}}s Mikolov and
	Kai Chen and
	Greg Corrado and
	Jeffrey Dean},
	title        = {Efficient Estimation of Word Representations in Vector Space},
	booktitle    = {1st International Conference on Learning Representations (ICLR)},
	year         = {2013}	
}

@inproceedings{le2014distributed,
	title={Distributed representations of sentences and documents},
	author={Le, Quoc and Mikolov, Tomas},
	booktitle={International conference on machine learning},
	pages={1188--1196},
	year={2014},
	organization={PMLR}
}

@inproceedings{DBLP:conf/iclr/0002Y21,
	author       = {Uri Alon and
	Eran Yahav},
	title        = {On the Bottleneck of Graph Neural Networks and its Practical Implications},
	booktitle    = {9th International Conference on Learning Representations (ICLR)},
	year         = {2021}	
}

@inproceedings{li2018deeper,
	title={Deeper insights into graph convolutional networks for semi-supervised learning},
	author={Li, Qimai and Han, Zhichao and Wu, Xiao-Ming},
	booktitle={Proceedings of the AAAI conference on artificial intelligence},
	volume={32},
	number={1},
	year={2018}
}

@inproceedings{DBLP:conf/iclr/JangGP17,
	author       = {Eric Jang and
	Shixiang Gu and
	Ben Poole},
	title        = {Categorical Reparameterization with Gumbel-Softmax},
	booktitle    = {5th International Conference on Learning Representations (ICLR)},
	year         = {2017}
}

@inproceedings{DBLP:conf/icml/FinkelshteinHBC24,
	author       = {Ben Finkelshtein and
	Xingyue Huang and
	Michael M. Bronstein and
	{\.I}smail {\.I}lkan Ceylan},
	title        = {Cooperative Graph Neural Networks},
	booktitle    = {Forty-first International Conference on Machine Learning (ICML)},
	year         = {2024}	
}

@inproceedings{DBLP:conf/iclr/MaddisonMT17,
	author       = {Chris J. Maddison and
	Andriy Mnih and
	Yee Whye Teh},
	title        = {The Concrete Distribution: {A} Continuous Relaxation of Discrete Random
	Variables},
	booktitle    = {5th International Conference on Learning Representations (ICLR)},
	year         = {2017}
}

@inproceedings{DBLP:conf/iclr/Brody0Y22,
	author       = {Shaked Brody and
	Uri Alon and
	Eran Yahav},
	title        = {How Attentive are Graph Attention Networks?},
	booktitle    = {The Tenth International Conference on Learning Representations (ICLR)},
	year         = {2022}
}


@article{lakzaei2024disinformation,
	title={Disinformation detection using graph neural networks: a survey},
	author={Lakzaei, Batool and Haghir Chehreghani, Mostafa and Bagheri, Alireza},
	journal={Artificial Intelligence Review},
	volume={57},
	number={3},
	pages={52},
	year={2024},
	publisher={Springer}
}

@article{yadav2024emotion,
	title={An emotion-driven, transformer-based network for multimodal fake news detection},
	author={Yadav, Ashima and Gupta, Anika},
	journal={International Journal of Multimedia Information Retrieval},
	volume={13},
	number={1},
	pages={7},
	year={2024},
	publisher={Springer}
}

@article{qu2024qmfnd,
	title={QMFND: A quantum multimodal fusion-based fake news detection model for social media},
	author={Qu, Zhiguo and Meng, Yunyi and Muhammad, Ghulam and Tiwari, Prayag},
	journal={Information Fusion},
	volume={104},
	pages={102172},
	year={2024},
	publisher={Elsevier}
}

@article{fang2024nsep,
	title={NSEP: Early fake news detection via news semantic environment perception},
	author={Fang, Xiaochang and Wu, Hongchen and Jing, Jing and Meng, Yihong and Yu, Bing and Yu, Hongzhu and Zhang, Huaxiang},
	journal={Information Processing \& Management},
	volume={61},
	number={2},
	pages={103594},
	year={2024},
	publisher={Elsevier}
}

@article{al2023robust,
	title={Robust semi-supervised fake news recognition by effective augmentations and ensemble of diverse deep learners},
	author={Al Obaid, Abdulhameed and Khotanlou, Hassan and Mansoorizadeh, Muharram and Zabihzadeh, Davood},
	journal={IEEE Access},
	volume={11},
	pages={54526--54543},
	year={2023},
	publisher={IEEE}
}

@inproceedings{shaeri2023semi,
	title={A Semi-supervised Fake News Detection using Sentiment Encoding and LSTM with Self-Attention},
	author={Shaeri, Pouya and Katanforoush, Ali},
	booktitle={2023 13th International Conference on Computer and Knowledge Engineering (ICCKE)},
	pages={590--595},
	year={2023},
	organization={IEEE}
}

@inproceedings{canh2023fake,
	title={Fake News Detection Based on Multi-view Fuzzy Clustering Algorithm},
	author={Canh, Hoang Thi and Thong, Pham Huy and Giang, Le Truong and Hung, Phan Dang},
	booktitle={International Conference on Ad Hoc Networks},
	pages={150--166},
	year={2023},
	organization={Springer}
}

@article{akdag2024early,
	title={Early detection of fake news on emerging topics through weak supervision},
	author={Akdag, Serhat Hakki and Cicekli, Nihan Kesim},
	journal={Journal of Intelligent Information Systems},
	pages={1--22},
	year={2024},
	publisher={Springer}
}

@inproceedings{nguyen2023fake,
	title={Fake news detection using knowledge graph and graph convolutional network},
	author={Nguyen, Vy Duong Kim and Do, Phuc},
	booktitle={International Conference on Intelligent Systems and Data Science},
	pages={216--224},
	year={2023},
	organization={Springer}
}

@article{liu2024rumor,
	title={Rumor Detection with a novel graph neural network approach},
	author={Liu, Tianrui and Cai, Qi and Xu, Changxin and Hong, Bo and Ni, Fanghao and Qiao, Yuxin and Yang, Tsungwei},
	journal={arXiv preprint arXiv:2403.16206},
	year={2024}
}

@article{inan2022zoka,
	title={ZoKa: a fake news detection method using edge-weighted graph attention network with transfer models},
	author={Inan, Emrah},
	journal={Neural Computing and Applications},
	volume={34},
	number={14},
	pages={11669--11677},
	year={2022},
	publisher={Springer}
}

@article{lakzaei2024loss,
	title={LOSS-GAT: Label Propagation and One-Class Semi-Supervised Graph Attention Network for Fake News Detection},
	author={Lakzaei, Batool and Chehreghani, Mostafa Haghir and Bagheri, Alireza},
	journal={arXiv preprint arXiv:2402.08401},
	year={2024}
}

@article{zhang2024gbca,
	title={GBCA: Graph Convolution Network and BERT combined with Co-Attention for fake news detection},
	author={Zhang, Zhen and Lv, Qiyun and Jia, Xiyuan and Yun, Wenhao and Miao, Gongxun and Mao, Zongqing and Wu, Guohua},
	journal={Pattern Recognition Letters},
	volume={180},
	pages={26--32},
	year={2024},
	publisher={Elsevier}
}

@inproceedings{acharya2020feature,
	title={Feature selection and extraction for graph neural networks},
	author={Acharya, Deepak Bhaskar and Zhang, Huaming},
	booktitle={Proceedings of the 2020 ACM Southeast Conference},
	pages={252--255},
	year={2020}
}

@inproceedings{xiao2021learning,
	title={Learning how to propagate messages in graph neural networks},
	author={Xiao, Teng and Chen, Zhengyu and Wang, Donglin and Wang, Suhang},
	booktitle={Proceedings of the 27th ACM SIGKDD Conference on Knowledge Discovery \& Data Mining},
	pages={1894--1903},
	year={2021}
}

@article{chaudhary2023gumbel,
	title={Gumbel-SoftMax based graph convolution network approach for community detection},
	author={Chaudhary, Laxmi and Singh, Buddha},
	journal={International Journal of Information Technology},
	volume={15},
	number={6},
	pages={3063--3070},
	year={2023},
	publisher={Springer}
}


@article{lakzaei2025decision,
	title={A Decision-Based Heterogenous Graph Attention Network for Multi-Class Fake News Detection},
	author={Lakzaei, Batool and Chehreghani, Mostafa Haghir and Bagheri, Alireza},
	journal={arXiv preprint arXiv:2501.03290},
	year={2025}
}

@article{silva2020towards,
	title={Towards automatically filtering fake news in Portuguese},
	author={Silva, Renato M and Santos, Roney LS and Almeida, Tiago A and Pardo, Thiago AS},
	journal={Expert Systems with Applications},
	volume={146},
	pages={113199},
	year={2020},
	publisher={Elsevier}
}

@article{shu2020fakenewsnet,
	title={Fakenewsnet: A data repository with news content, social context, and spatiotemporal information for studying fake news on social media},
	author={Shu, Kai and Mahudeswaran, Deepak and Wang, Suhang and Lee, Dongwon and Liu, Huan},
	journal={Big data},
	volume={8},
	number={3},
	pages={171--188},
	year={2020},
	publisher={Mary Ann Liebert, Inc., publishers 140 Huguenot Street, 3rd Floor New~â€¦}
}

@inproceedings{yao2019graph,
	title={Graph convolutional networks for text classification},
	author={Yao, Liang and Mao, Chengsheng and Luo, Yuan},
	booktitle={Proceedings of the AAAI conference on artificial intelligence},
	volume={33},
	number={01},
	pages={7370--7377},
	year={2019}
}

@article{ren2023fake,
	title={Fake News Classification Using Tensor Decomposition and Graph Convolutional Network},
	author={Ren, Qingyun and Zhou, Bingyin and Yan, Dongli and Guo, Wei},
	journal={IEEE Transactions on Computational Social Systems},
	volume={11},
	number={2},
	pages={2190--2200},
	year={2023},
	publisher={IEEE}
}

@article{li2024graph,
	title={Graph-based text classification by contrastive learning with text-level graph augmentation},
	author={Li, Ximing and Wang, Bing and Wang, Yang and Wang, Meng},
	journal={ACM Transactions on Knowledge Discovery from Data},
	volume={18},
	number={4},
	pages={1--21},
	year={2024},
	publisher={ACM New York, NY}
}

@article{wu2020rumor,
	title={Rumor detection based on propagation graph neural network with attention mechanism},
	author={Wu, Zhiyuan and Pi, Dechang and Chen, Junfu and Xie, Meng and Cao, Jianjun},
	journal={Expert systems with applications},
	volume={158},
	pages={113595},
	year={2020},
	publisher={Elsevier}
}

