@article{cheng2022reviewslamdriving,
  title={A review of visual SLAM methods for autonomous driving vehicles},
  author={Cheng, Jun and Zhang, Liyan and Chen, Qihong and Hu, Xinrong and Cai, Jingcao},
  journal={Engineering Applications of Artificial Intelligence},
  volume={114},
  pages={104992},
  year={2022},
  publisher={Elsevier}
}

@inproceedings{yen2021inerf,
  title={inerf: Inverting neural radiance fields for pose estimation},
  author={Yen-Chen, Lin and Florence, Pete and Barron, Jonathan T and Rodriguez, Alberto and Isola, Phillip and Lin, Tsung-Yi},
  booktitle={2021 IEEE/RSJ International Conference on Intelligent Robots and Systems (IROS)},
  pages={1323--1330},
  year={2021},
  organization={IEEE}
}

@inproceedings{zwicker2001ewa,
  title={EWA volume splatting},
  author={Zwicker, Matthias and Pfister, Hanspeter and Van Baar, Jeroen and Gross, Markus},
  booktitle={Proceedings Visualization, 2001. VIS'01.},
  pages={29--538},
  year={2001},
  organization={IEEE}
}

@article{kerbl20233dgs,
  title={3D Gaussian Splatting for Real-Time Radiance Field Rendering.},
  author={Kerbl, Bernhard and Kopanas, Georgios and Leimk{\"u}hler, Thomas and Drettakis, George},
  journal={ACM Trans. Graph.},
  volume={42},
  number={4},
  pages={139--1},
  year={2023}
}

@inproceedings{matsuki2024gaussianmonogs,
  title={Gaussian splatting slam},
  author={Matsuki, Hidenobu and Murai, Riku and Kelly, Paul HJ and Davison, Andrew J},
  booktitle={Proceedings of the IEEE/CVF Conference on Computer Vision and Pattern Recognition},
  pages={18039--18048},
  year={2024}
}

@article{lepetit2009epnp,
  title={EP n P: An accurate O (n) solution to the P n P problem},
  author={Lepetit, Vincent and Moreno-Noguer, Francesc and Fua, Pascal},
  journal={International journal of computer vision},
  volume={81},
  pages={155--166},
  year={2009},
  publisher={Springer}
}

@inproceedings{wang2024dust3r,
  title={Dust3r: Geometric 3d vision made easy},
  author={Wang, Shuzhe and Leroy, Vincent and Cabon, Yohann and Chidlovskii, Boris and Revaud, Jerome},
  booktitle={Proceedings of the IEEE/CVF Conference on Computer Vision and Pattern Recognition},
  pages={20697--20709},
  year={2024}
}

@inproceedings{zhu2024nicer,
  title={Nicer-slam: Neural implicit scene encoding for rgb slam},
  author={Zhu, Zihan and Peng, Songyou and Larsson, Viktor and Cui, Zhaopeng and Oswald, Martin R and Geiger, Andreas and Pollefeys, Marc},
  booktitle={2024 International Conference on 3D Vision (3DV)},
  pages={42--52},
  year={2024},
  organization={IEEE}
}

@inproceedings{rosinol2023nerfslam,
  title={Nerf-slam: Real-time dense monocular slam with neural radiance fields},
  author={Rosinol, Antoni and Leonard, John J and Carlone, Luca},
  booktitle={2023 IEEE/RSJ International Conference on Intelligent Robots and Systems (IROS)},
  pages={3437--3444},
  year={2023},
  organization={IEEE}
}
@article{zhang2024glorie,
  title={Glorie-slam: Globally optimized rgb-only implicit encoding point cloud slam},
  author={Zhang, Ganlin and Sandstr{\"o}m, Erik and Zhang, Youmin and Patel, Manthan and Van Gool, Luc and Oswald, Martin R},
  journal={arXiv preprint arXiv:2403.19549},
  year={2024}
}
@inproceedings{huang2024photo,
  title={Photo-SLAM: Real-time Simultaneous Localization and Photorealistic Mapping for Monocular Stereo and RGB-D Cameras},
  author={Huang, Huajian and Li, Longwei and Cheng, Hui and Yeung, Sai-Kit},
  booktitle={Proceedings of the IEEE/CVF Conference on Computer Vision and Pattern Recognition},
  pages={21584--21593},
  year={2024}
}
@article{teed2023deepdpvo,
   title={Deep Patch Visual Odometry},
   author={Teed, Zachary and Lipson, Lahav and Deng, Jia},
   journal={Advances in Neural Information Processing Systems},
   year={2023}
 }
@inproceedings{sucar2021imap,
  title={imap: Implicit mapping and positioning in real-time},
  author={Sucar, Edgar and Liu, Shikun and Ortiz, Joseph and Davison, Andrew J},
  booktitle={Proceedings of the IEEE/CVF international conference on computer vision},
  pages={6229--6238},
  year={2021}
}
@inproceedings{zhu2022niceslam,
  title={Nice-slam: Neural implicit scalable encoding for slam},
  author={Zhu, Zihan and Peng, Songyou and Larsson, Viktor and Xu, Weiwei and Bao, Hujun and Cui, Zhaopeng and Oswald, Martin R and Pollefeys, Marc},
  booktitle={Proceedings of the IEEE/CVF conference on computer vision and pattern recognition},
  pages={12786--12796},
  year={2022}
}
@inproceedings{zhang2023goslam,
  title={Go-slam: Global optimization for consistent 3d instant reconstruction},
  author={Zhang, Youmin and Tosi, Fabio and Mattoccia, Stefano and Poggi, Matteo},
  booktitle={Proceedings of the IEEE/CVF International Conference on Computer Vision},
  pages={3727--3737},
  year={2023}
}
@inproceedings{wang2023coslam,
  title={Co-slam: Joint coordinate and sparse parametric encodings for neural real-time slam},
  author={Wang, Hengyi and Wang, Jingwen and Agapito, Lourdes},
  booktitle={Proceedings of the IEEE/CVF Conference on Computer Vision and Pattern Recognition},
  pages={13293--13302},
  year={2023}
}
@inproceedings{sandstrom2023pointslam,
  title={Point-slam: Dense neural point cloud-based slam},
  author={Sandstr{\"o}m, Erik and Li, Yue and Van Gool, Luc and Oswald, Martin R},
  booktitle={Proceedings of the IEEE/CVF International Conference on Computer Vision},
  pages={18433--18444},
  year={2023}
}
@article{zhang2023hislam,
  title={Hi-slam: Monocular real-time dense mapping with hybrid implicit fields},
  author={Zhang, Wei and Sun, Tiecheng and Wang, Sen and Cheng, Qing and Haala, Norbert},
  journal={IEEE Robotics and Automation Letters},
  year={2023},
  publisher={IEEE}
}
@inproceedings{liso2024loopyslam,
  title={Loopy-slam: Dense neural slam with loop closures},
  author={Liso, Lorenzo and Sandstr{\"o}m, Erik and Yugay, Vladimir and Van Gool, Luc and Oswald, Martin R},
  booktitle={Proceedings of the IEEE/CVF Conference on Computer Vision and Pattern Recognition},
  pages={20363--20373},
  year={2024}
}
@inproceedings{keetha2024splatam,
  title={SplaTAM: Splat Track \& Map 3D Gaussians for Dense RGB-D SLAM},
  author={Keetha, Nikhil and Karhade, Jay and Jatavallabhula, Krishna Murthy and Yang, Gengshan and Scherer, Sebastian and Ramanan, Deva and Luiten, Jonathon},
  booktitle={Proceedings of the IEEE/CVF Conference on Computer Vision and Pattern Recognition},
  pages={21357--21366},
  year={2024}
}
@inproceedings{yan2024gs-slam,
  title={Gs-slam: Dense visual slam with 3d gaussian splatting},
  author={Yan, Chi and Qu, Delin and Xu, Dan and Zhao, Bin and Wang, Zhigang and Wang, Dong and Li, Xuelong},
  booktitle={Proceedings of the IEEE/CVF Conference on Computer Vision and Pattern Recognition},
  pages={19595--19604},
  year={2024}
}
@article{yugay2023gaussianslam,
  title={Gaussian-slam: Photo-realistic dense slam with gaussian splatting},
  author={Yugay, Vladimir and Li, Yue and Gevers, Theo and Oswald, Martin R},
  journal={arXiv preprint arXiv:2312.10070},
  year={2023}
}
@article{hu2024cg-slam,
    title={CG-SLAM: Efficient Dense RGB-D SLAM in a Consistent Uncertainty-aware 3D Gaussian Field},
    author={Hu, Jiarui and Chen, Xianhao and Feng, Boyin and Li, Guanglin and Yang, Liangjing and Bao, Hujun and Zhang, Guofeng and Cui, Zhaopeng},
    journal={arXiv preprint arXiv:2403.16095},
    year={2024}
}
@inproceedings{yang2022voxfusion,
  title={Vox-fusion: Dense tracking and mapping with voxel-based neural implicit representation},
  author={Yang, Xingrui and Li, Hai and Zhai, Hongjia and Ming, Yuhang and Liu, Yuqian and Zhang, Guofeng},
  booktitle={2022 IEEE International Symposium on Mixed and Augmented Reality (ISMAR)},
  pages={499--507},
  year={2022},
  organization={IEEE}
}
@inproceedings{johari2023eslam,
  title={Eslam: Efficient dense slam system based on hybrid representation of signed distance fields},
  author={Johari, Mohammad Mahdi and Carta, Camilla and Fleuret, Fran{\c{c}}ois},
  booktitle={Proceedings of the IEEE/CVF Conference on Computer Vision and Pattern Recognition},
  pages={17408--17419},
  year={2023}
}
@article{campos2021orb-slam3,
  title={Orb-slam3: An accurate open-source library for visual, visual--inertial, and multimap slam},
  author={Campos, Carlos and Elvira, Richard and Rodr{\'\i}guez, Juan J G{\'o}mez and Montiel, Jos{\'e} MM and Tard{\'o}s, Juan D},
  journal={IEEE Transactions on Robotics},
  volume={37},
  number={6},
  pages={1874--1890},
  year={2021},
  publisher={IEEE}
}
@inproceedings{chung2023orbeez-slam,
  title={Orbeez-slam: A real-time monocular visual slam with orb features and nerf-realized mapping},
  author={Chung, Chi-Ming and Tseng, Yang-Che and Hsu, Ya-Ching and Shi, Xiang-Qian and Hua, Yun-Hung and Yeh, Jia-Fong and Chen, Wen-Chin and Chen, Yi-Ting and Hsu, Winston H},
  booktitle={2023 IEEE International Conference on Robotics and Automation (ICRA)},
  pages={9400--9406},
  year={2023},
  organization={IEEE}
}
@article{teed2021droid-slam,
  title={Droid-slam: Deep visual slam for monocular, stereo, and rgb-d cameras},
  author={Teed, Zachary and Deng, Jia},
  journal={Advances in neural information processing systems},
  volume={34},
  pages={16558--16569},
  year={2021}
}
@article{mur2017orb-slam2,
  title={Orb-slam2: An open-source slam system for monocular, stereo, and rgb-d cameras},
  author={Mur-Artal, Raul and Tard{\'o}s, Juan D},
  journal={IEEE transactions on robotics},
  volume={33},
  number={5},
  pages={1255--1262},
  year={2017},
  publisher={IEEE}
}
@article{muller2022instant-ngp,
  title={Instant neural graphics primitives with a multiresolution hash encoding},
  author={M{\"u}ller, Thomas and Evans, Alex and Schied, Christoph and Keller, Alexander},
  journal={ACM transactions on graphics (TOG)},
  volume={41},
  number={4},
  pages={1--15},
  year={2022},
  publisher={ACM New York, NY, USA}
}
@inproceedings{li2023densedim-slam,
  author    = {Li, Heng and Gu, Xiaodong and Yuan, Weihao and Yang, Luwei and Dong, Zilong and Tan, Ping},
  title     = {Dense RGB SLAM With Neural Implicit Maps},
  booktitle={Proceedings of the International Conference on Learning Representations},
  year      = {2023},
  url={https://openreview.net/forum?id=QUK1ExlbbA}
}
@article{guo2024motiongs,
  title={MotionGS: Compact Gaussian Splatting SLAM by Motion Filter},
  author={Guo, Xinli and Han, Peng and Zhang, Weidong and Chen, Hongtian},
  journal={arXiv preprint arXiv:2405.11129},
  year={2024}
}
@article{zhu2024mgs-slam,
  title={MGS-SLAM: Monocular Sparse Tracking and Gaussian Mapping with Depth Smooth Regularization},
  author={Zhu, Pengcheng and Zhuang, Yaoming and Chen, Baoquan and Li, Li and Wu, Chengdong and Liu, Zhanlin},
  journal={arXiv preprint arXiv:2405.06241},
  year={2024}
}
@article{lan2024monocular,
  title={Monocular Gaussian SLAM with Language Extended Loop Closure},
  author={Lan, Tian and Lin, Qinwei and Wang, Haoqian},
  journal={arXiv preprint arXiv:2405.13748},
  year={2024}
}
@article{sandstrom2024splat-slam,
  title={Splat-SLAM: Globally Optimized RGB-only SLAM with 3D Gaussians},
  author={Sandstr{\"o}m, Erik and Tateno, Keisuke and Oechsle, Michael and Niemeyer, Michael and Van Gool, Luc and Oswald, Martin R and Tombari, Federico},
  journal={arXiv preprint arXiv:2405.16544},
  year={2024}
}
@article{li2024ngm-slam,
  title={NGM-SLAM: Gaussian Splatting SLAM with Radiance Field Submap},
  author={Li, Mingrui and Huang, Jingwei and Sun, Lei and Tian, Aaron Xuxiang and Deng, Tianchen and Wang, Hongyu},
  journal={arXiv preprint arXiv:2405.05702},
  year={2024}
}

@article{RANSAC,
author = {Fischler, Martin A. and Bolles, Robert C.},
title = {Random sample consensus: a paradigm for model fitting with applications to image analysis and automated cartography},
year = {1981},
issue_date = {June 1981},
publisher = {Association for Computing Machinery},
address = {New York, NY, USA},
volume = {24},
number = {6},
issn = {0001-0782},
url = {https://doi.org/10.1145/358669.358692},
doi = {10.1145/358669.358692},
abstract = {A new paradigm, Random Sample Consensus (RANSAC), for fitting a model to experimental data is introduced. RANSAC is capable of interpreting/smoothing data containing a significant percentage of gross errors, and is thus ideally suited for applications in automated image analysis where interpretation is based on the data provided by error-prone feature detectors. A major portion of this paper describes the application of RANSAC to the Location Determination Problem (LDP): Given an image depicting a set of landmarks with known locations, determine that point in space from which the image was obtained. In response to a RANSAC requirement, new results are derived on the minimum number of landmarks needed to obtain a solution, and algorithms are presented for computing these minimum-landmark solutions in closed form. These results provide the basis for an automatic system that can solve the LDP under difficult viewing},
journal = {Commun. ACM},
month = {jun},
pages = {381–395},
numpages = {15},
keywords = {automated cartography, camera calibration, image matching, location determination, model fitting, scene analysis}
}

@InProceedings{Sun_2020_CVPRwaymo, author = {Sun, Pei and Kretzschmar, Henrik and Dotiwalla, Xerxes and Chouard, Aurelien and Patnaik, Vijaysai and Tsui, Paul and Guo, James and Zhou, Yin and Chai, Yuning and Caine, Benjamin and Vasudevan, Vijay and Han, Wei and Ngiam, Jiquan and Zhao, Hang and Timofeev, Aleksei and Ettinger, Scott and Krivokon, Maxim and Gao, Amy and Joshi, Aditya and Zhang, Yu and Shlens, Jonathon and Chen, Zhifeng and Anguelov, Dragomir}, title = {Scalability in Perception for Autonomous Driving: Waymo Open Dataset}, booktitle = {Proceedings of the IEEE/CVF Conference on Computer Vision and Pattern Recognition (CVPR)}, month = {June}, year = {2020} }


@ARTICLE{SSIM,
  author={Zhou Wang and Bovik, A.C. and Sheikh, H.R. and Simoncelli, E.P.},
  journal={IEEE Transactions on Image Processing}, 
  title={Image quality assessment: from error visibility to structural similarity}, 
  year={2004},
  volume={13},
  number={4},
  pages={600-612},
  keywords={Image quality;Humans;Transform coding;Visual system;Visual perception;Data mining;Layout;Quality assessment;Degradation;Indexes},
  doi={10.1109/TIP.2003.819861}}

@book{barfoot2024stateliegroup,
  title={State estimation for robotics},
  author={Barfoot, Timothy D},
  year={2024},
  publisher={Cambridge University Press}
}

@INPROCEEDINGS{6162880,
  author={Newcombe, Richard A. and Izadi, Shahram and Hilliges, Otmar and Molyneaux, David and Kim, David and Davison, Andrew J. and Kohi, Pushmeet and Shotton, Jamie and Hodges, Steve and Fitzgibbon, Andrew},
  booktitle={2011 10th IEEE International Symposium on Mixed and Augmented Reality}, 
  title={KinectFusion: Real-time dense surface mapping and tracking}, 
  year={2011},
  volume={},
  number={},
  pages={127-136},
  keywords={Surface reconstruction;Cameras;Image reconstruction;Real time systems;Simultaneous localization and mapping;Iterative closest point algorithm;Three dimensional displays;Real-Time;Dense Reconstruction;Tracking;GPU;SLAM;Depth Cameras;Volumetric Representation;AR},
  doi={10.1109/ISMAR.2011.6092378}}


@InProceedings{Schops_2019_CVPR,
author = {Schops, Thomas and Sattler, Torsten and Pollefeys, Marc},
title = {BAD SLAM: Bundle Adjusted Direct RGB-D SLAM},
booktitle = {Proceedings of the IEEE/CVF Conference on Computer Vision and Pattern Recognition (CVPR)},
month = {June},
year = {2019}
}

@inproceedings{inproceedings,
author = {Whelan, Thomas and Leutenegger, Stefan and Moreno, Renato and Glocker, Ben and Davison, Andrew},
year = {2015},
month = {07},
pages = {},
title = {ElasticFusion: Dense SLAM Without A Pose Graph},
doi = {10.15607/RSS.2015.XI.001}
}

@misc{wiles2020synsinendtoendviewsynthesis,
      title={SynSin: End-to-end View Synthesis from a Single Image}, 
      author={Olivia Wiles and Georgia Gkioxari and Richard Szeliski and Justin Johnson},
      year={2020},
      eprint={1912.08804},
      archivePrefix={arXiv},
      primaryClass={cs.CV},
      url={https://arxiv.org/abs/1912.08804}, 
}

@misc{wang2018mvpnetmultiviewpointregression,
      title={MVPNet: Multi-View Point Regression Networks for 3D Object Reconstruction from A Single Image}, 
      author={Jinglu Wang and Bo Sun and Yan Lu},
      year={2018},
      eprint={1811.09410},
      archivePrefix={arXiv},
      primaryClass={cs.CV},
      url={https://arxiv.org/abs/1811.09410}, 
}