%Entries
@article{liu2024exploring,
  title={Exploring trajectory embedding via spatial-temporal propagation for dynamic region representations},
  author={Liu, Chunyu and Zhang, Hongli and Zhu, Guopu and Guan, Haotian and Kwong, Sam},
  journal={Information Sciences},
  volume={668},
  pages={120516},
  year={2024},
  publisher={Elsevier}
}

@article{cai2022new,
  title={A new clustering mining algorithm for multi-source imbalanced location data},
  author={Cai, Li and Wang, Haoyu and Jiang, Fang and Zhang, Yihan and Peng, Yuzhong},
  journal={Information Sciences},
  volume={584},
  pages={50--64},
  year={2022},
  publisher={Elsevier}
}

@article{gao2020semantic,
  title={Semantic trajectory representation and retrieval via hierarchical embedding},
  author={Gao, Chongming and Zhang, Zhong and Huang, Chen and Yin, Hongzhi and Yang, Qinli and Shao, Junming},
  journal={Information Sciences},
  volume={538},
  pages={176--192},
  year={2020},
  publisher={Elsevier}
}

@article{liang2023region,
  title={On region-level travel demand forecasting using multi-task adaptive graph attention network},
  author={Liang, Jian and Tang, Jinjun and Gao, Fan and Wang, Zhe and Huang, Helai},
  journal={Information Sciences},
  volume={622},
  pages={161--177},
  year={2023},
  publisher={Elsevier}
}

@article{chen2021multiple,
  title={Multiple local 3D CNNs for region-based prediction in smart cities},
  author={Chen, Yibi and Zou, Xiaofeng and Li, Kenli and Li, Keqin and Yang, Xulei and Chen, Cen},
  journal={Information Sciences},
  volume={542},
  pages={476--491},
  year={2021},
  publisher={Elsevier}
}
@inproceedings{yao2018representing,
  title={Representing urban functions through zone embedding with human mobility patterns},
  author={Yao, Zijun and Fu, Yanjie and Liu, Bin and Hu, Wangsu and Xiong, Hui},
  booktitle={Proceedings of the Twenty-Seventh International Joint Conference on Artificial Intelligence (IJCAI-18)},
  year={2018}
}

@inproceedings{zhang2021multi,
  title={Multi-view joint graph representation learning for urban region embedding},
  author={Zhang, Mingyang and Li, Tong and Li, Yong and Hui, Pan},
  booktitle={Proceedings of the twenty-ninth international conference on international joint conferences on artificial intelligence},
  pages={4431--4437},
  year={2021}
}
@inproceedings{li2023urban,
  title={Urban region representation learning with openstreetmap building footprints},
  author={Li, Yi and Huang, Weiming and Cong, Gao and Wang, Hao and Wang, Zheng},
  booktitle={Proceedings of the 29th ACM SIGKDD Conference on Knowledge Discovery and Data Mining},
  pages={1363--1373},
  year={2023}
}
@article{zhao2023learning,
  title={Learning region similarities via graph-based deep metric learning},
  author={Zhao, Yunxiang and Qi, Jianzhong and Trisedya, Bayu D and Su, Yixin and Zhang, Rui and Ren, Hongguang},
  journal={IEEE Transactions on Knowledge and Data Engineering},
  volume={35},
  number={10},
  pages={10237--10250},
  year={2023},
  publisher={IEEE}
}

@article{liu2021urban,
  title={Urban flow pattern mining based on multi-source heterogeneous data fusion and knowledge graph embedding},
  author={Liu, Jia and Li, Tianrui and Ji, Shenggong and Xie, Peng and Du, Shengdong and Teng, Fei and Zhang, Junbo},
  journal={IEEE Transactions on Knowledge and Data Engineering},
  volume={35},
  number={2},
  pages={2133--2146},
  year={2021},
  publisher={IEEE}
}

@inproceedings{li2024urban,
  title={Urban Region Embedding via Multi-View Contrastive Prediction},
  author={Li, Zechen and Huang, Weiming and Zhao, Kai and Yang, Min and Gong, Yongshun and Chen, Meng},
  booktitle={Proceedings of the AAAI Conference on Artificial Intelligence},
  volume={38},
  number={8},
  pages={8724--8732},
  year={2024}
}

@article{zhang2022region,
  title={Region embedding with intra and inter-view contrastive learning},
  author={Zhang, Liang and Long, Cheng and Cong, Gao},
  journal={IEEE Transactions on Knowledge and Data Engineering},
  volume={35},
  number={9},
  pages={9031--9036},
  year={2022},
  publisher={IEEE}
}

@article{liang2023revealing,
  title={Revealing spatio-temporal evolution of urban visual environments with street view imagery},
  author={Liang, Xiucheng and Zhao, Tianhong and Biljecki, Filip},
  journal={Landscape and Urban Planning},
  volume={237},
  pages={104802},
  year={2023},
  publisher={Elsevier}
}

@inproceedings{fu2019efficient,
  title={Efficient region embedding with multi-view spatial networks: A perspective of locality-constrained spatial autocorrelations},
  author={Fu, Yanjie and Wang, Pengyang and Du, Jiadi and Wu, Le and Li, Xiaolin},
  booktitle={Proceedings of the AAAI Conference on Artificial Intelligence},
  volume={33},
  number={01},
  pages={906--913},
  year={2019}
}

@online{statista,
  title = {Most common modes of transportation for commuting in the U.S. as of December 2023
},
  howpublished = {\url{https://www.statista.com/forecasts/997176/most-common-modes-of-transportation-for-commuting-in-the-us}},
  year = 2024,
  author = {Statista},
  urldate = {Accessed: 2024-04-02}
}

@article{chi2022microestimates,
  title={Microestimates of wealth for all low-and middle-income countries},
  author={Chi, Guanghua and Fang, Han and Chatterjee, Sourav and Blumenstock, Joshua E},
  journal={Proceedings of the National Academy of Sciences},
  volume={119},
  number={3},
  pages={e2113658119},
  year={2022},
  publisher={National Acad Sciences}
}

@article{aiken2022machine,
  title={Machine learning and phone data can improve targeting of humanitarian aid},
  author={Aiken, Emily and Bellue, Suzanne and Karlan, Dean and Udry, Chris and Blumenstock, Joshua E},
  journal={Nature},
  volume={603},
  number={7903},
  pages={864--870},
  year={2022},
  publisher={Nature Publishing Group UK London}
}

@article{yabe2022toward,
  title={Toward data-driven, dynamical complex systems approaches to disaster resilience},
  author={Yabe, Takahiro and Rao, P Suresh C and Ukkusuri, Satish V and Cutter, Susan L},
  journal={Proceedings of the National Academy of Sciences},
  volume={119},
  number={8},
  pages={e2111997119},
  year={2022},
  publisher={National Acad Sciences}
}

@article{silva2014development,
  title={Development of the OpenQuake engine, the Global Earthquake Model’s open-source software for seismic risk assessment},
  author={Silva, Vitor and Crowley, Helen and Pagani, Marco and Monelli, Damiano and Pinho, Rui},
  journal={Natural Hazards},
  volume={72},
  pages={1409--1427},
  year={2014},
  publisher={Springer}
}

@article{ayush2020generating,
  title={Generating interpretable poverty maps using object detection in satellite images},
  author={Ayush, Kumar and Uzkent, Burak and Burke, Marshall and Lobell, David and Ermon, Stefano},
  journal={arXiv preprint arXiv:2002.01612},
  year={2020}
}
@article{carroll2021community,
  title={Community vulnerability and mobility: What matters most in spatio-temporal modeling of the COVID-19 pandemic?},
  author={Carroll, Rachel and Prentice, Christopher R},
  journal={Social Science \& Medicine},
  volume={287},
  pages={114395},
  year={2021},
  publisher={Elsevier}
}
@article{xia2023assessing,
  title={Assessing dynamics of human vulnerability at community level--Using mobility data},
  author={Xia, Chen and Hu, Yuqing and Chi, Guangqing and Chen, Jianli},
  journal={International Journal of Disaster Risk Reduction},
  volume={96},
  pages={103964},
  year={2023},
  publisher={Elsevier}
}
@article{coleman2022human,
  title={Human activity and mobility data reveal disparities in exposure risk reduction indicators among socially vulnerable populations during COVID-19 for five US metropolitan cities},
  author={Coleman, Natalie and Gao, Xinyu and DeLeon, Jared and Mostafavi, Ali},
  journal={Scientific Reports},
  volume={12},
  number={1},
  pages={15814},
  year={2022},
  publisher={Nature Publishing Group UK London}
}

@article{smith2022us,
  title={US Billion-dollar weather and climate disasters, 1980-present},
  author={Smith, Adam B},
  year={2022},
  publisher={NOAA National Centers for Environmental Information}
}

@article{eshghi2008disasters,
  title={Disasters: lessons from the past 105 years},
  author={Eshghi, Kourosh and Larson, Richard C},
  journal={Disaster Prevention and Management: An International Journal},
  volume={17},
  number={1},
  pages={62--82},
  year={2008},
  publisher={Emerald Group Publishing Limited}
}

@article{mah2023social,
  title={Social vulnerability indices: a scoping review},
  author={Mah, Jasmine Cassy and Penwarden, Jodie Lynn and Pott, Henrique and Theou, Olga and Andrew, Melissa Kathryn},
  journal={BMC public health},
  volume={23},
  number={1},
  pages={1253},
  year={2023},
  publisher={Springer}
}

@article{oord2018representation,
  title={Representation learning with contrastive predictive coding},
  author={Oord, Aaron van den and Li, Yazhe and Vinyals, Oriol},
  journal={arXiv preprint arXiv:1807.03748},
  year={2018}
}

@article{paszke2019pytorch,
  title={Pytorch: An imperative style, high-performance deep learning library},
  author={Paszke, Adam and Gross, Sam and Massa, Francisco and Lerer, Adam and Bradbury, James and Chanan, Gregory and Killeen, Trevor and Lin, Zeming and Gimelshein, Natalia and Antiga, Luca and others},
  journal={Advances in neural information processing systems},
  volume={32},
  year={2019}
}

@article{sohn2016improved,
  title={Improved deep metric learning with multi-class n-pair loss objective},
  author={Sohn, Kihyuk},
  journal={Advances in neural information processing systems},
  volume={29},
  year={2016}
}

@inproceedings{wu2018unsupervised,
  title={Unsupervised feature learning via non-parametric instance discrimination},
  author={Wu, Zhirong and Xiong, Yuanjun and Yu, Stella X and Lin, Dahua},
  booktitle={Proceedings of the IEEE conference on computer vision and pattern recognition},
  pages={3733--3742},
  year={2018}
}

@incollection{montz2001gis,
  title={GIS and social vulnerability analysis},
  author={Montz, Burrell E and Evans, Thomas A},
  booktitle={Coping with flash floods},
  pages={37--48},
  year={2001},
  publisher={Springer}
}

@article{wu2002vulnerability,
  title={Vulnerability of coastal communities to sea-level rise: a case study of Cape May County, New Jersey, USA},
  author={Wu, Shuang-Ye and Yarnal, Brent and Fisher, Ann},
  journal={Climate research},
  volume={22},
  number={3},
  pages={255--270},
  year={2002}
}

@article{vincent2004creating,
  title={Creating an index of social vulnerability to climate change for Africa},
  author={Vincent, Katharine},
  journal={Tyndall Center for Climate Change Research. Working Paper},
  volume={56},
  number={41},
  pages={1--50},
  year={2004}
}

@article{collins2009vulnerability,
  title={Vulnerability to environmental hazards in the Ciudad Ju{\'a}rez (Mexico)--El Paso (USA) metropolis: a model for spatial risk assessment in transnational context},
  author={Collins, Timothy W and Grineski, Sara E and Aguilar, Mar{\'\i}a de Lourdes Romo},
  journal={Applied Geography},
  volume={29},
  number={3},
  pages={448--461},
  year={2009},
  publisher={Elsevier}
}

@article{solangaarachchi2012social,
  title={Social vulnerability in the context of bushfire risk at the urban-bush interface in Sydney: a case study of the Blue Mountains and Ku-ring-gai local council areas},
  author={Solangaarachchi, Daminda and Griffin, Amy L and Doherty, Michael D},
  journal={Natural hazards},
  volume={64},
  pages={1873--1898},
  year={2012},
  publisher={Springer}
}



@article{clark1998assessing,
  title={Assessing the vulnerability of coastal communities to extreme storms: the case of Revere, MA., USA},
  author={Clark, George E and Moser, Susanne C and Ratick, Samuel J and Dow, Kirstin and Meyer, William B and Emani, Srinivas and Jin, Weigen and Kasperson, Jeanne X and Kasperson, Roger E and Schwarz, Harry E},
  journal={Mitigation and adaptation strategies for global change},
  volume={3},
  pages={59--82},
  year={1998},
  publisher={Springer}
}

@inproceedings{meng2023mhccl,
  title={MHCCL: Masked Hierarchical Cluster-Wise Contrastive Learning for Multivariate Time Series},
  author={Meng, Qianwen and Qian, Hangwei and Liu, Yong and Cui, Lizhen and Xu, Yonghui and Shen, Zhiqi},
  booktitle={Proceedings of the AAAI Conference on Artificial Intelligence},
  volume={37},
  number={8},
  pages={9153--9161},
  year={2023}
}

@article{franceschi2019unsupervised,
  title={Unsupervised scalable representation learning for multivariate time series},
  author={Franceschi, Jean-Yves and Dieuleveut, Aymeric and Jaggi, Martin},
  journal={Advances in neural information processing systems},
  volume={32},
  year={2019}
}


@inproceedings{tonekaboni2020unsupervised,
  title={Unsupervised Representation Learning for Time Series with Temporal Neighborhood Coding},
  author={Tonekaboni, Sana and Eytan, Danny and Goldenberg, Anna},
  booktitle={International Conference on Learning Representations},
  year={2021}
}


@article{rygel2006method,
  title={A method for constructing a social vulnerability index: an application to hurricane storm surges in a developed country},
  author={Rygel, Lisa and O’sullivan, David and Yarnal, Brent},
  journal={Mitigation and adaptation strategies for global change},
  volume={11},
  pages={741--764},
  year={2006},
  publisher={Springer}
}

@article{mustafa2011pinning,
  title={Pinning down vulnerability: from narratives to numbers},
  author={Mustafa, Daanish and Ahmed, Sara and Saroch, Eva and Bell, Heather},
  journal={Disasters},
  volume={35},
  number={1},
  pages={62--86},
  year={2011},
  publisher={Wiley Online Library}
}

@article{yoon2016assessment,
  title={Assessment of community vulnerability to natural disasters in Korea by using GIS and machine learning techniques},
  author={Yoon, Dong Keun and Jeong, Seunghoo},
  journal={Quantitative regional economic and environmental analysis for sustainability in Korea},
  pages={123--140},
  year={2016},
  publisher={Springer}
}

@article{gu2018hierarchical,
  title={A hierarchical pattern of urban social vulnerability in Shanghai, China and its implications for risk management},
  author={Gu, Honghuan and Du, Shiqiang and Liao, Banggu and Wen, Jiahong and Wang, Congxiao and Chen, Ruishan and Chen, Bo},
  journal={Sustainable cities and society},
  volume={41},
  pages={170--179},
  year={2018},
  publisher={Elsevier}
}

@article{abarca2019decision,
  title={Decision model for predicting social vulnerability using artificial intelligence},
  author={Abarca-Alvarez, Francisco Javier and Reinoso-Bellido, Rafael and Campos-S{\'a}nchez, Francisco Sergio},
  journal={ISPRS International Journal of Geo-Information},
  volume={8},
  number={12},
  pages={575},
  year={2019},
  publisher={MDPI}
}

@article{kalaycioglu2022using,
  title={Using machine learning algorithms to identify predictors of social vulnerability in the event of an earthquake: Istanbul case study},
  author={Kalaycioglu, Oya and Akhanli, Serhat Emre and Mentese, Emin Yahya and Kalaycioglu, Mehmet and Kalaycioglu, Sibel},
  journal={Natural Hazards and Earth System Sciences Discussions},
  volume={2022},
  pages={1--32},
  year={2022}
}

@article{birkmann2006measuring,
  title={Measuring vulnerability to promote disaster-resilient societies: Conceptual frameworks and definitions},
  author={Birkmann, J{\"o}rn},
  journal={Measuring vulnerability to natural hazards: Towards disaster resilient societies},
  volume={1},
  number={9},
  pages={3--7},
  year={2006}
}

@inproceedings{wang2017region,
  title={Region representation learning via mobility flow},
  author={Wang, Hongjian and Li, Zhenhui},
  booktitle={Proceedings of the 2017 ACM on Conference on Information and Knowledge Management},
  pages={237--246},
  year={2017}
}

@article{cutter2000revealing,
  title={Revealing the Vulnerability of People and Places: A Case Study of Georgetown County, South Carolina},
  author={Cutter, Susan L and Mitchell, Jerry T and Scott, Michael S},
  journal={Annals of the Association of American Geographers},
  volume={90},
  number={4},
  pages={713--737},
  year={2000},
  publisher={Wiley Online Library}
}

@inproceedings{yuan2012discovering,
  title={Discovering regions of different functions in a city using human mobility and POIs},
  author={Yuan, Jing and Zheng, Yu and Xie, Xing},
  booktitle={Proceedings of the 18th ACM SIGKDD international conference on Knowledge discovery and data mining},
  pages={186--194},
  year={2012}
}

@article{majumder2023multiscale,
  title={Multiscale GIS based-model to assess urban social vulnerability and associated risk: Evidence from 146 urban centers of Eastern India},
  author={Majumder, Suranjan and Roy, Subham and Bose, Arghadeep and Chowdhury, Indrajit Roy},
  journal={Sustainable cities and Society},
  pages={104692},
  year={2023},
  publisher={Elsevier}
}

@article{cutter2008temporal,
  title={Temporal and spatial changes in social vulnerability to natural hazards},
  author={Cutter, Susan L and Finch, Christina},
  journal={Proceedings of the national academy of sciences},
  volume={105},
  number={7},
  pages={2301--2306},
  year={2008},
  publisher={National Acad Sciences}
}

@article{pan2012land,
  title={Land-use classification using taxi GPS traces},
  author={Pan, Gang and Qi, Guande and Wu, Zhaohui and Zhang, Daqing and Li, Shijian},
  journal={IEEE Transactions on Intelligent Transportation Systems},
  volume={14},
  number={1},
  pages={113--123},
  year={2012},
  publisher={IEEE}
}

@misc{wmo,
  author ="WMO",
  year = 2023,
  title = "{Economic costs of weather-related disasters}",
  howpublished = {\url{https://public.wmo.int/en/media/press-release/economic-costs-of-weather-related-disasters-soars-early-warnings-save-lives}},
  note = {Accessed: 2023-05-30}
}
@article{felton2022social,
  title={Social vulnerability, COVID-19 impact, and decision making among adults in a low-resource community},
  author={Felton, Julia W and Rabinowitz, Jill A and Strickland, Justin C and Maher, Brion S and Summers, Monicia and Key, Kent and Johnson, Jennifer E and Yi, Richard},
  journal={Behavioural processes},
  volume={200},
  pages={104668},
  year={2022},
  publisher={Elsevier}
}

@article{karaye2020impact,
  title={The impact of social vulnerability on COVID-19 in the US: an analysis of spatially varying relationships},
  author={Karaye, Ibraheem M and Horney, Jennifer A},
  journal={American journal of preventive medicine},
  volume={59},
  number={3},
  pages={317--325},
  year={2020},
  publisher={Elsevier}
}

@article{flanagan2011social,
  title={A social vulnerability index for disaster management},
  author={Flanagan, Barry E and Gregory, Edward W and Hallisey, Elaine J and Heitgerd, Janet L and Lewis, Brian},
  journal={Journal of homeland security and emergency management},
  volume={8},
  number={1},
  pages={0000102202154773551792},
  year={2011},
  publisher={De Gruyter}
}

@article{dasgupta2020association,
  title={Association between social vulnerability and a county’s risk for becoming a COVID-19 hotspot—United States, June 1--July 25, 2020},
  author={Dasgupta, Sharoda and Bowen, Virginia B and Leidner, Andrew and Fletcher, Kelly and Musial, Trieste and Rose, Charles and Cha, Amy and Kang, Gloria and Dirlikov, Emilio and Pevzner, Eric and others},
  journal={Morbidity and Mortality Weekly Report},
  volume={69},
  number={42},
  pages={1535},
  year={2020},
  publisher={Centers for Disease Control and Prevention}
}

@article{adger2006vulnerability,
  title={Vulnerability},
  author={Adger, W Neil},
  journal={Global environmental change},
  volume={16},
  number={3},
  pages={268--281},
  year={2006},
  publisher={Elsevier}
}

@book{bankoff2004mapping,
  title={Mapping vulnerability: disasters, development, and people},
  author={Bankoff, Greg and Frerks, Georg and Hilhorst, Thea and Hilhorst, Dorothea},
  year={2004},
  publisher={Routledge}
}

@article{cutter2003social,
  title={Social vulnerability to environmental hazards},
  author={Cutter, Susan L and Boruff, Bryan J and Shirley, W Lynn},
  journal={Social science quarterly},
  volume={84},
  number={2},
  pages={242--261},
  year={2003},
  publisher={Wiley Online Library}
}

@article{hughes2021county,
  title={County-level COVID-19 vaccination coverage and social vulnerability—United States, December 14, 2020--March 1, 2021},
  author={Hughes, Michelle M and Wang, Alice and Grossman, Marissa K and Pun, Eugene and Whiteman, Ari and Deng, Li and Hallisey, Elaine and Sharpe, J Danielle and Ussery, Emily N and Stokley, Shannon and others},
  journal={Morbidity and Mortality Weekly Report},
  volume={70},
  number={12},
  pages={431},
  year={2021},
  publisher={Centers for Disease Control and Prevention}
}

@article{center2015sendai,
  title={Sendai framework for disaster risk reduction 2015--2030},
  author={Center, Asian Disaster Reduction},
  journal={United Nations Office for Disaster Risk Reduction: Geneva, Switzerland},
  year={2015}
}

@misc{cdc,
  author ="CDC/ATSDR",
  year = 2020,
  title = "{Social vulnerability index}",
  howpublished = {\url{https://www.atsdr.cdc.gov/%0D%0Aplaceandhealth/svi/index.html%0D%0A}},
  note = {Accessed: 2023-04-30}
}

@article{flanagan2018measuring,
  title={Measuring community vulnerability to natural and anthropogenic hazards: the Centers for Disease Control and Prevention’s Social Vulnerability Index},
  author={Flanagan, Barry E and Hallisey, Elaine J and Adams, Erica and Lavery, Amy},
  journal={Journal of environmental health},
  volume={80},
  number={10},
  pages={34},
  year={2018},
  publisher={NIH Public Access}
}

@article{gebru2017using,
  title={Using deep learning and Google Street View to estimate the demographic makeup of neighborhoods across the United States},
  author={Gebru, Timnit and Krause, Jonathan and Wang, Yilun and Chen, Duyun and Deng, Jia and Aiden, Erez Lieberman and Fei-Fei, Li},
  journal={Proceedings of the National Academy of Sciences},
  volume={114},
  number={50},
  pages={13108--13113},
  year={2017},
  publisher={National Acad Sciences}
}

@inproceedings{almaatouq2016mobile,
  title={Mobile communication signatures of unemployment},
  author={Almaatouq, Abdullah and Prieto-Castrillo, Francisco and Pentland, Alex},
  booktitle={Social Informatics: 8th International Conference, SocInfo 2016, Bellevue, WA, USA, November 11-14, 2016, Proceedings, Part I 8},
  pages={407--418},
  year={2016},
  organization={Springer}
}

@inproceedings{frias2012relationship,
  title={On the relationship between socio-economic factors and cell phone usage},
  author={Frias-Martinez, Vanessa and Virseda, Jesus},
  booktitle={Proceedings of the fifth international conference on information and communication technologies and development},
  pages={76--84},
  year={2012}
}

@inproceedings{pappalardo2015using,
  title={Using big data to study the link between human mobility and socio-economic development},
  author={Pappalardo, Luca and Pedreschi, Dino and Smoreda, Zbigniew and Giannotti, Fosca},
  booktitle={2015 IEEE International Conference on Big Data (Big Data)},
  pages={871--878},
  year={2015},
  organization={IEEE}
}

@inproceedings{zhang2020multi,
  title={Multi-view joint graph representation learning for urban region embedding},
  author={Zhang, Mingyang and Li, Tong and Li, Yong and Hui, Pan},
  booktitle={Proceedings of the Twenty-Ninth International Conference on International Joint Conferences on Artificial Intelligence},
  pages={4431--4437},
  year={2020}
}

@article{kim2022effective,
  title={Effective urban region representation learning using heterogeneous urban graph attention network (hugat)},
  author={Kim, Namwoo and Yoon, Yoonjin},
  journal={arXiv preprint arXiv:2202.09021},
  year={2022}
}

@inproceedings{huang2021m3g,
  title={M3G: Learning urban neighborhood representation from multi-modal multi-graph},
  author={Huang, Tianyuan and Wang, Zhecheng and Sheng, Hao and Ng, Andrew Y and Rajagopal, Ram},
  booktitle={Proceedings of the DeepSpatial 2021: 2nd ACM KDD Workshop on Deep Learning for Spatio-Temporal Data, Applications and Systems},
  year={2021}
}

@article{wu2022multi,
  title={Multi-graph fusion networks for urban region embedding},
  author={Wu, Shangbin and Yan, Xu and Fan, Xiaoliang and Pan, Shirui and Zhu, Shichao and Zheng, Chuanpan and Cheng, Ming and Wang, Cheng},
  journal={arXiv preprint arXiv:2201.09760},
  year={2022}
}

@inproceedings{Yue2021TS2VecTU,
  title={TS2Vec: Towards Universal Representation of Time Series},
  author={Zhihan Yue and Yujing Wang and Juanyong Duan and Tianmeng Yang and Congrui Huang and Yu Tong and Bixiong Xu},
  booktitle={AAAI Conference on Artificial Intelligence},
  year={2022}
}

@inproceedings{Fisher,
  author       = {Fisher Yu and
                  Vladlen Koltun},
  title        = {Multi-Scale Context Aggregation by Dilated Convolutions},
  booktitle    = {International Conference on Learning Representations,
                  San Juan, Puerto Rico, May 2-4, 2016, Conference Track Proceedings},
  year         = {2016}
}

@article{oord2016wavenet,
  title={Wavenet: A generative model for raw audio},
  author={Oord, Aaron van den and Dieleman, Sander and Zen, Heiga and Simonyan, Karen and Vinyals, Oriol and Graves, Alex and Kalchbrenner, Nal and Senior, Andrew and Kavukcuoglu, Koray},
  journal={arXiv preprint arXiv:1609.03499},
  year={2016}
}

@article{velikovi2017graph,
  author = {Veličković, Petar and Cucurull, Guillem and Casanova, Arantxa and Romero, Adriana and Liò, Pietro and Bengio, Yoshua},
  journal = {International Conference on Learning Representations},
  title = {Graph Attention Networks},
  year = 2017
}
@article{zhang2021unveiling,
  title={Unveiling transit mobility structure towards sustainable cities: An integrated graph embedding approach},
  author={Zhang, Tong and Duan, Xiaoqi and Li, Yicong},
  journal={Sustainable Cities and Society},
  volume={72},
  pages={103027},
  year={2021},
  publisher={Elsevier}
}

@InProceedings{chen20j,
  title = 	 {A Simple Framework for Contrastive Learning of Visual Representations},
  author =       {Chen, Ting and Kornblith, Simon and Norouzi, Mohammad and Hinton, Geoffrey},
  booktitle = 	 {International Conference on Machine Learning},
  year = 	 {2020},
}

@article{wickstrom2022mixing,
  title={Mixing up contrastive learning: Self-supervised representation learning for time series},
  author={Wickstr{\o}m, Kristoffer and Kampffmeyer, Michael and Mikalsen, Karl {\O}yvind and Jenssen, Robert},
  journal={Pattern Recognition Letters},
  volume={155},
  pages={54--61},
  year={2022},
  publisher={Elsevier}
}

@inproceedings{tstcc,
  title     = {Time-Series Representation Learning via Temporal and Contextual Contrasting},
  author    = {Eldele, Emadeldeen and Ragab, Mohamed and Chen, Zhenghua and Wu, Min and Kwoh, Chee Keong and Li, Xiaoli and Guan, Cuntai},
  booktitle = {International Joint Conference on Artificial Intelligence},
  year      = {2021},
}

@inproceedings{noroozi2016unsupervised,
  title={Unsupervised learning of visual representations by solving jigsaw puzzles},
  author={Noroozi, Mehdi and Favaro, Paolo},
  booktitle={European conference on computer vision},
  pages={69--84},
  year={2016},
  organization={Springer}
}

@inproceedings{xie2022simmim,
  title={Simmim: A simple framework for masked image modeling},
  author={Xie, Zhenda and Zhang, Zheng and Cao, Yue and Lin, Yutong and Bao, Jianmin and Yao, Zhuliang and Dai, Qi and Hu, Han},
  booktitle={Proceedings of the IEEE/CVF Conference on Computer Vision and Pattern Recognition},
  pages={9653--9663},
  year={2022}
}

@inproceedings{gidaris2018unsupervised,
  title={Unsupervised Representation Learning by Predicting Image Rotations},
  author={Gidaris, Spyros and Singh, Praveer and Komodakis, Nikos},
  booktitle={International Conference on Learning Representations},
  year={2018}
}