@inproceedings{Yue2021TS2VecTU,
  title={TS2Vec: Towards Universal Representation of Time Series},
  author={Zhihan Yue and Yujing Wang and Juanyong Duan and Tianmeng Yang and Congrui Huang and Yu Tong and Bixiong Xu},
  booktitle={AAAI Conference on Artificial Intelligence},
  year={2022}
}

@article{aiken2022machine,
  title={Machine learning and phone data can improve targeting of humanitarian aid},
  author={Aiken, Emily and Bellue, Suzanne and Karlan, Dean and Udry, Chris and Blumenstock, Joshua E},
  journal={Nature},
  volume={603},
  number={7903},
  pages={864--870},
  year={2022},
  publisher={Nature Publishing Group UK London}
}

@article{carroll2021community,
  title={Community vulnerability and mobility: What matters most in spatio-temporal modeling of the COVID-19 pandemic?},
  author={Carroll, Rachel and Prentice, Christopher R},
  journal={Social Science \& Medicine},
  volume={287},
  pages={114395},
  year={2021},
  publisher={Elsevier}
}

@article{chen2021multiple,
  title={Multiple local 3D CNNs for region-based prediction in smart cities},
  author={Chen, Yibi and Zou, Xiaofeng and Li, Kenli and Li, Keqin and Yang, Xulei and Chen, Cen},
  journal={Information Sciences},
  volume={542},
  pages={476--491},
  year={2021},
  publisher={Elsevier}
}

@article{chi2022microestimates,
  title={Microestimates of wealth for all low-and middle-income countries},
  author={Chi, Guanghua and Fang, Han and Chatterjee, Sourav and Blumenstock, Joshua E},
  journal={Proceedings of the National Academy of Sciences},
  volume={119},
  number={3},
  pages={e2113658119},
  year={2022},
  publisher={National Acad Sciences}
}

@article{franceschi2019unsupervised,
  title={Unsupervised scalable representation learning for multivariate time series},
  author={Franceschi, Jean-Yves and Dieuleveut, Aymeric and Jaggi, Martin},
  journal={Advances in neural information processing systems},
  volume={32},
  year={2019}
}

@article{gao2020semantic,
  title={Semantic trajectory representation and retrieval via hierarchical embedding},
  author={Gao, Chongming and Zhang, Zhong and Huang, Chen and Yin, Hongzhi and Yang, Qinli and Shao, Junming},
  journal={Information Sciences},
  volume={538},
  pages={176--192},
  year={2020},
  publisher={Elsevier}
}

@article{kim2022effective,
  title={Effective urban region representation learning using heterogeneous urban graph attention network (hugat)},
  author={Kim, Namwoo and Yoon, Yoonjin},
  journal={arXiv preprint arXiv:2202.09021},
  year={2022}
}

@inproceedings{li2024urban,
  title={Urban Region Embedding via Multi-View Contrastive Prediction},
  author={Li, Zechen and Huang, Weiming and Zhao, Kai and Yang, Min and Gong, Yongshun and Chen, Meng},
  booktitle={Proceedings of the AAAI Conference on Artificial Intelligence},
  volume={38},
  number={8},
  pages={8724--8732},
  year={2024}
}

@article{liu2021urban,
  title={Urban flow pattern mining based on multi-source heterogeneous data fusion and knowledge graph embedding},
  author={Liu, Jia and Li, Tianrui and Ji, Shenggong and Xie, Peng and Du, Shengdong and Teng, Fei and Zhang, Junbo},
  journal={IEEE Transactions on Knowledge and Data Engineering},
  volume={35},
  number={2},
  pages={2133--2146},
  year={2021},
  publisher={IEEE}
}

@article{liu2024exploring,
  title={Exploring trajectory embedding via spatial-temporal propagation for dynamic region representations},
  author={Liu, Chunyu and Zhang, Hongli and Zhu, Guopu and Guan, Haotian and Kwong, Sam},
  journal={Information Sciences},
  volume={668},
  pages={120516},
  year={2024},
  publisher={Elsevier}
}

@inproceedings{meng2023mhccl,
  title={MHCCL: Masked Hierarchical Cluster-Wise Contrastive Learning for Multivariate Time Series},
  author={Meng, Qianwen and Qian, Hangwei and Liu, Yong and Cui, Lizhen and Xu, Yonghui and Shen, Zhiqi},
  booktitle={Proceedings of the AAAI Conference on Artificial Intelligence},
  volume={37},
  number={8},
  pages={9153--9161},
  year={2023}
}

@inproceedings{tonekaboni2020unsupervised,
  title={Unsupervised Representation Learning for Time Series with Temporal Neighborhood Coding},
  author={Tonekaboni, Sana and Eytan, Danny and Goldenberg, Anna},
  booktitle={International Conference on Learning Representations},
  year={2021}
}

@inproceedings{tstcc,
  title     = {Time-Series Representation Learning via Temporal and Contextual Contrasting},
  author    = {Eldele, Emadeldeen and Ragab, Mohamed and Chen, Zhenghua and Wu, Min and Kwoh, Chee Keong and Li, Xiaoli and Guan, Cuntai},
  booktitle = {International Joint Conference on Artificial Intelligence},
  year      = {2021},
}

@inproceedings{wang2017region,
  title={Region representation learning via mobility flow},
  author={Wang, Hongjian and Li, Zhenhui},
  booktitle={Proceedings of the 2017 ACM on Conference on Information and Knowledge Management},
  pages={237--246},
  year={2017}
}

@article{wickstrom2022mixing,
  title={Mixing up contrastive learning: Self-supervised representation learning for time series},
  author={Wickstr{\o}m, Kristoffer and Kampffmeyer, Michael and Mikalsen, Karl {\O}yvind and Jenssen, Robert},
  journal={Pattern Recognition Letters},
  volume={155},
  pages={54--61},
  year={2022},
  publisher={Elsevier}
}

@article{wu2022multi,
  title={Multi-graph fusion networks for urban region embedding},
  author={Wu, Shangbin and Yan, Xu and Fan, Xiaoliang and Pan, Shirui and Zhu, Shichao and Zheng, Chuanpan and Cheng, Ming and Wang, Cheng},
  journal={arXiv preprint arXiv:2201.09760},
  year={2022}
}

@article{xia2023assessing,
  title={Assessing dynamics of human vulnerability at community level--Using mobility data},
  author={Xia, Chen and Hu, Yuqing and Chi, Guangqing and Chen, Jianli},
  journal={International Journal of Disaster Risk Reduction},
  volume={96},
  pages={103964},
  year={2023},
  publisher={Elsevier}
}

@inproceedings{yao2018representing,
  title={Representing urban functions through zone embedding with human mobility patterns},
  author={Yao, Zijun and Fu, Yanjie and Liu, Bin and Hu, Wangsu and Xiong, Hui},
  booktitle={Proceedings of the Twenty-Seventh International Joint Conference on Artificial Intelligence (IJCAI-18)},
  year={2018}
}

@inproceedings{zhang2021multi,
  title={Multi-view joint graph representation learning for urban region embedding},
  author={Zhang, Mingyang and Li, Tong and Li, Yong and Hui, Pan},
  booktitle={Proceedings of the twenty-ninth international conference on international joint conferences on artificial intelligence},
  pages={4431--4437},
  year={2021}
}

@article{zhang2022region,
  title={Region embedding with intra and inter-view contrastive learning},
  author={Zhang, Liang and Long, Cheng and Cong, Gao},
  journal={IEEE Transactions on Knowledge and Data Engineering},
  volume={35},
  number={9},
  pages={9031--9036},
  year={2022},
  publisher={IEEE}
}

