@article{PRICE,
  title={PRICE: A Pretrained Model for Cross-Database Cardinality Estimation},
  author={Zeng, Tianjing and Lan, Junwei and Ma, Jiahong and Wei, Wenqing and Zhu, Rong and Li, Pengfei and Ding, Bolin and Lian, Defu and Wei, Zhewei and Zhou, Jingren},
  journal={arXiv preprint arXiv:2406.01027},
  year={2024}
}
@misc{ErgastF1,
	author = {},
	title = {ErgastF1},
	howpublished = {\url{https://relational-data.org/dataset/ErgastF1}},
	year = {},
	note = {[Accessed 26-11-2024]},
}
@misc{STATS,
	author = {},
	title = {STATS},
	howpublished = {\url{https://relational.fit.cvut.cz/dataset/Stats}},
	year = {},
	note = {[Accessed 26-11-2024]},
}
@misc{IMDB,
	author = {},
	title = {IMDB},
	howpublished = {\url{http://homepages.cwi.nl/~boncz/job/imdb.tgz}},
	year = {},
	note = {[Accessed 26-11-2024]},
}
@misc{Genome,
	author = {},
	title = {Genome},
	howpublished = {\url{https://relational-data.org/dataset/VisualGenome}},
	year = {},
	note = {[Accessed 26-11-2024]},
}
@misc{PostgreSQL,
	author = {},
	title = {PostgreSQL Global Development Group},
	howpublished = {\url{https://www.postgresql.org.}},
	year = {1996},
	note = {[Accessed 26-11-2024]},
}
@article{xie2024doremi,
  title={Doremi: Optimizing data mixtures speeds up language model pretraining},
  author={Xie, Sang Michael and Pham, Hieu and Dong, Xuanyi and Du, Nan and Liu, Hanxiao and Lu, Yifeng and Liang, Percy S and Le, Quoc V and Ma, Tengyu and Yu, Adams Wei},
  journal={Advances in Neural Information Processing Systems},
  volume={36},
  year={2024}
}
@article{chronis2024cardbench,
  title={CardBench: A Benchmark for Learned Cardinality Estimation in Relational Databases},
  author={Chronis, Yannis and Wang, Yawen and Gan, Yu and Abu-El-Haija, Sami and Lin, Chelsea and Binnig, Carsten and {\"O}zcan, Fatma},
  journal={arXiv preprint arXiv:2408.16170},
  year={2024}
}
@article{yang2019deep,
  title={Deep unsupervised cardinality estimation},
  author={Yang, Zongheng and Liang, Eric and Kamsetty, Amog and Wu, Chenggang and Duan, Yan and Chen, Xi and Abbeel, Pieter and Hellerstein, Joseph M and Krishnan, Sanjay and Stoica, Ion},
  journal={arXiv preprint arXiv:1905.04278},
  year={2019}
}
@article{hilprecht2019deepdb,
  title={Deepdb: Learn from data, not from queries!},
  author={Hilprecht, Benjamin and Schmidt, Andreas and Kulessa, Moritz and Molina, Alejandro and Kersting, Kristian and Binnig, Carsten},
  journal={arXiv preprint arXiv:1909.00607},
  year={2019}
}
@article{yang2020neurocard,
  title={NeuroCard: one cardinality estimator for all tables},
  author={Yang, Zongheng and Kamsetty, Amog and Luan, Sifei and Liang, Eric and Duan, Yan and Chen, Xi and Stoica, Ion},
  journal={arXiv preprint arXiv:2006.08109},
  year={2020}
}
@article{oren2019distributionally,
  title={Distributionally robust language modeling},
  author={Oren, Yonatan and Sagawa, Shiori and Hashimoto, Tatsunori B and Liang, Percy},
  journal={arXiv preprint arXiv:1909.02060},
  year={2019}
}
@inproceedings{mindermann2022prioritized,
  title={Prioritized training on points that are learnable, worth learning, and not yet learnt},
  author={Mindermann, S{\"o}ren and Brauner, Jan M and Razzak, Muhammed T and Sharma, Mrinank and Kirsch, Andreas and Xu, Winnie and H{\"o}ltgen, Benedikt and Gomez, Aidan N and Morisot, Adrien and Farquhar, Sebastian and others},
  booktitle={International Conference on Machine Learning},
  pages={15630--15649},
  year={2022},
  organization={PMLR}
}
@article{sagawa2019distributionally,
  title={Distributionally robust neural networks for group shifts: On the importance of regularization for worst-case generalization},
  author={Sagawa, Shiori and Koh, Pang Wei and Hashimoto, Tatsunori B and Liang, Percy},
  journal={arXiv preprint arXiv:1911.08731},
  year={2019}
}
@article{leis2015good,
  title={How good are query optimizers, really?},
  author={Leis, Viktor and Gubichev, Andrey and Mirchev, Atanas and Boncz, Peter and Kemper, Alfons and Neumann, Thomas},
  journal={Proceedings of the VLDB Endowment},
  volume={9},
  number={3},
  pages={204--215},
  year={2015},
  publisher={VLDB Endowment}
}
@article{kipf2018learned,
  title={Learned cardinalities: Estimating correlated joins with deep learning},
  author={Kipf, Andreas and Kipf, Thomas and Radke, Bernhard and Leis, Viktor and Boncz, Peter and Kemper, Alfons},
  journal={arXiv preprint arXiv:1809.00677},
  year={2018}
}
@article{han2021cardinality,
  title={Cardinality estimation in dbms: A comprehensive benchmark evaluation},
  author={Han, Yuxing and Wu, Ziniu and Wu, Peizhi and Zhu, Rong and Yang, Jingyi and Tan, Liang Wei and Zeng, Kai and Cong, Gao and Qin, Yanzhao and Pfadler, Andreas and others},
  journal={arXiv preprint arXiv:2109.05877},
  year={2021}
}
@article{dutt2019selectivity,
  title={Selectivity estimation for range predicates using lightweight models},
  author={Dutt, Anshuman and Wang, Chi and Nazi, Azade and Kandula, Srikanth and Narasayya, Vivek and Chaudhuri, Surajit},
  journal={Proceedings of the VLDB Endowment},
  volume={12},
  number={9},
  pages={1044--1057},
  year={2019},
  publisher={VLDB Endowment}
}
@inproceedings{zhao2022lightweight,
  title={Lightweight and accurate cardinality estimation by neural network gaussian process},
  author={Zhao, Kangfei and Yu, Jeffrey Xu and He, Zongyan and Li, Rui and Zhang, Hao},
  booktitle={Proceedings of the 2022 International Conference on Management of Data},
  pages={973--987},
  year={2022}
}
@article{wang2021face,
  title={FACE: A normalizing flow based cardinality estimator},
  author={Wang, Jiayi and Chai, Chengliang and Liu, Jiabin and Li, Guoliang},
  journal={Proceedings of the VLDB Endowment},
  volume={15},
  number={1},
  pages={72--84},
  year={2021},
  publisher={VLDB Endowment}
}
@article{wu2023factorjoin,
  title={FactorJoin: a new cardinality estimation framework for join queries},
  author={Wu, Ziniu and Negi, Parimarjan and Alizadeh, Mohammad and Kraska, Tim and Madden, Samuel},
  journal={Proceedings of the ACM on Management of Data},
  volume={1},
  number={1},
  pages={1--27},
  year={2023},
  publisher={ACM New York, NY, USA}
}
@misc{wu2012bayescard,
  title={BayesCard: A Unified Bayesian Framework for Cardinality Estimation. CoRR abs/2012.14743 (2020)},
  author={Wu, Ziniu and Shaikhha, Amir},
  year={2012}
}
@inproceedings{wu2021unified,
  title={A unified deep model of learning from both data and queries for cardinality estimation},
  author={Wu, Peizhi and Cong, Gao},
  booktitle={Proceedings of the 2021 International Conference on Management of Data},
  pages={2009--2022},
  year={2021}
}
@inproceedings{zhang2024duet,
  title={Duet: efficient and scalable hybriD neUral rElation undersTanding},
  author={Zhang, Kaixin and Wang, Hongzhi and Lu, Yabin and Li, Ziqi and Shu, Chang and Yan, Yu and Yang, Donghua},
  booktitle={2024 IEEE 40th International Conference on Data Engineering (ICDE)},
  pages={56--69},
  year={2024},
  organization={IEEE}
}