@article{Cheng2023IsGA,
  title={Is GPT-4 a Good Data Analyst?},
  author={Liying Cheng and Xingxuan Li and Lidong Bing},
  journal={ArXiv},
  year={2023},
  volume={abs/2305.15038},
  url={https://api.semanticscholar.org/CorpusID:258866019}
}

@article{Dibia2018Data2VisAG,
  title={Data2Vis: Automatic Generation of Data Visualizations Using Sequence-to-Sequence Recurrent Neural Networks},
  author={Victor C. Dibia and Çağatay Demiralp},
  journal={IEEE Computer Graphics and Applications},
  year={2018},
  volume={39},
  pages={33-46},
  url={https://api.semanticscholar.org/CorpusID:4706694}
}

@article{Guo2024DeepSeekCoderWT,
  title={DeepSeek-Coder: When the Large Language Model Meets Programming - The Rise of Code Intelligence},
  author={Daya Guo and Qihao Zhu and Dejian Yang and Zhenda Xie and Kai Dong and Wentao Zhang and Guanting Chen and Xiao Bi and Yu Wu and Y. K. Li and Fuli Luo and Yingfei Xiong and Wenfeng Liang},
  journal={ArXiv},
  year={2024},
  volume={abs/2401.14196},
  url={https://api.semanticscholar.org/CorpusID:267211867}
}

@article{Luo2023WizardCoderEC,
  title={WizardCoder: Empowering Code Large Language Models with Evol-Instruct},
  author={Ziyang Luo and Can Xu and Pu Zhao and Qingfeng Sun and Xiubo Geng and Wenxiang Hu and Chongyang Tao and Jing Ma and Qingwei Lin and Daxin Jiang},
  journal={ArXiv},
  year={2023},
  volume={abs/2306.08568},
  url={https://api.semanticscholar.org/CorpusID:259164815}
}

@article{Nakano2021WebGPTBQ,
  title={WebGPT: Browser-assisted question-answering with human feedback},
  author={Reiichiro Nakano and Jacob Hilton and Suchir Balaji and Jeff Wu and Ouyang Long and Christina Kim and Christopher Hesse and Shantanu Jain and Vineet Kosaraju and William Saunders and Xu Jiang and Karl Cobbe and Tyna Eloundou and Gretchen Krueger and Kevin Button and Matthew Knight and Benjamin Chess and John Schulman},
  journal={ArXiv},
  year={2021},
  volume={abs/2112.09332},
  url={https://api.semanticscholar.org/CorpusID:245329531}
}

@inproceedings{Qian2023ChatDevCA,
  title={ChatDev: Communicative Agents for Software Development},
  author={Cheng Qian and Wei Liu and Hongzhang Liu and Nuo Chen and Yufan Dang and Jiahao Li and Cheng Yang and Weize Chen and Yusheng Su and Xin Cong and Juyuan Xu and Dahai Li and Zhiyuan Liu and Maosong Sun},
  booktitle={Annual Meeting of the Association for Computational Linguistics},
  year={2023},
  url={https://api.semanticscholar.org/CorpusID:270257715}
}

@article{Wang2023VoyagerAO,
  title={Voyager: An Open-Ended Embodied Agent with Large Language Models},
  author={Guanzhi Wang and Yuqi Xie and Yunfan Jiang and Ajay Mandlekar and Chaowei Xiao and Yuke Zhu and Linxi (Jim) Fan and Anima Anandkumar},
  journal={Trans. Mach. Learn. Res.},
  year={2023},
  volume={2024},
  url={https://api.semanticscholar.org/CorpusID:258887849}
}

@article{Wei2023MagicoderSC,
  title={Magicoder: Source Code Is All You Need},
  author={Yuxiang Wei and Zhe Wang and Jiawei Liu and Yifeng Ding and Lingming Zhang},
  journal={ArXiv},
  year={2023},
  volume={abs/2312.02120},
  url={https://api.semanticscholar.org/CorpusID:265609970}
}

@article{Yang2024MatPlotAgentMA,
  title={MatPlotAgent: Method and Evaluation for LLM-Based Agentic Scientific Data Visualization},
  author={Zhiyu Yang and Zihan Zhou and Shuo Wang and Xin Cong and Xu Han and Yukun Yan and Zhenghao Liu and Zhixing Tan and Pengyuan Liu and Dong Yu and Zhiyuan Liu and Xiaodong Shi and Maosong Sun},
  journal={ArXiv},
  year={2024},
  volume={abs/2402.11453},
  url={https://api.semanticscholar.org/CorpusID:267750198}
}

@article{berger2024visualization,
  title={The Visualization JUDGE: Can Multimodal Foundation Models Guide Visualization Design Through Visual Perception?},
  author={Berger, Matthew and Liu, Shusen},
  journal={arXiv preprint arXiv:2410.04280},
  year={2024}
}

@inproceedings{dibia-2023-lida,
    title = "{LIDA}: A Tool for Automatic Generation of Grammar-Agnostic Visualizations and Infographics using Large Language Models",
    author = "Dibia, Victor",
    editor = "Bollegala, Danushka  and
      Huang, Ruihong  and
      Ritter, Alan",
    booktitle = "Proceedings of the 61st Annual Meeting of the Association for Computational Linguistics (Volume 3: System Demonstrations)",
    month = jul,
    year = "2023",
    address = "Toronto, Canada",
    publisher = "Association for Computational Linguistics",
    url = "https://aclanthology.org/2023.acl-demo.11",
    doi = "10.18653/v1/2023.acl-demo.11",
    pages = "113--126",
}

@inproceedings{park2023generative,
  title={Generative agents: Interactive simulacra of human behavior},
  author={Park, Joon Sung and O'Brien, Joseph and Cai, Carrie Jun and Morris, Meredith Ringel and Liang, Percy and Bernstein, Michael S},
  booktitle={Proceedings of the 36th annual acm symposium on user interface software and technology},
  pages={1--22},
  year={2023}
}

@article{qin2023webcpm,
  title={Webcpm: Interactive web search for chinese long-form question answering},
  author={Qin, Yujia and Cai, Zihan and Jin, Dian and Yan, Lan and Liang, Shihao and Zhu, Kunlun and Lin, Yankai and Han, Xu and Ding, Ning and Wang, Huadong and others},
  journal={arXiv preprint arXiv:2305.06849},
  year={2023}
}

@article{roziere2023code,
  title={Code llama: Open foundation models for code},
  author={Roziere, Baptiste and Gehring, Jonas and Gloeckle, Fabian and Sootla, Sten and Gat, Itai and Tan, Xiaoqing Ellen and Adi, Yossi and Liu, Jingyu and Sauvestre, Romain and Remez, Tal and others},
  journal={arXiv preprint arXiv:2308.12950},
  year={2023}
}

@article{tian2024chartgpt,
  title={Chartgpt: Leveraging llms to generate charts from abstract natural language},
  author={Tian, Yuan and Cui, Weiwei and Deng, Dazhen and Yi, Xinjing and Yang, Yurun and Zhang, Haidong and Wu, Yingcai},
  journal={IEEE Transactions on Visualization and Computer Graphics},
  year={2024},
  publisher={IEEE}
}

@article{xie2023openagents,
  title={Openagents: An open platform for language agents in the wild},
  author={Xie, Tianbao and Zhou, Fan and Cheng, Zhoujun and Shi, Peng and Weng, Luoxuan and Liu, Yitao and Hua, Toh Jing and Zhao, Junning and Liu, Qian and Liu, Che and others},
  journal={arXiv preprint arXiv:2310.10634},
  year={2023}
}

@article{xie2024haichart,
  title={HAIChart: Human and AI Paired Visualization System},
  author={Xie, Yupeng and Luo, Yuyu and Li, Guoliang and Tang, Nan},
  journal={arXiv preprint arXiv:2406.11033},
  year={2024}
}

@article{yao2022webshop,
  title={Webshop: Towards scalable real-world web interaction with grounded language agents},
  author={Yao, Shunyu and Chen, Howard and Yang, John and Narasimhan, Karthik},
  journal={Advances in Neural Information Processing Systems},
  volume={35},
  pages={20744--20757},
  year={2022}
}

@article{zhou2023webarena,
  title={Webarena: A realistic web environment for building autonomous agents},
  author={Zhou, Shuyan and Xu, Frank F and Zhu, Hao and Zhou, Xuhui and Lo, Robert and Sridhar, Abishek and Cheng, Xianyi and Ou, Tianyue and Bisk, Yonatan and Fried, Daniel and others},
  journal={arXiv preprint arXiv:2307.13854},
  year={2023}
}

