@article{Yang2024MatPlotAgentMA,
  title={MatPlotAgent: Method and Evaluation for LLM-Based Agentic Scientific Data Visualization},
  author={Zhiyu Yang and Zihan Zhou and Shuo Wang and Xin Cong and Xu Han and Yukun Yan and Zhenghao Liu and Zhixing Tan and Pengyuan Liu and Dong Yu and Zhiyuan Liu and Xiaodong Shi and Maosong Sun},
  journal={ArXiv},
  year={2024},
  volume={abs/2402.11453},
  url={https://api.semanticscholar.org/CorpusID:267750198}
}
@inproceedings{Achiam2023GPT4TR,
  title={GPT-4 Technical Report},
  year={2023},
  url={https://api.semanticscholar.org/CorpusID:257532815}
}
@article{Reid2024Gemini1U,
  title={Gemini 1.5: Unlocking multimodal understanding across millions of tokens of context},
  journal={ArXiv},
  year={2024},
  volume={abs/2403.05530},
  url={https://api.semanticscholar.org/CorpusID:268297180}
}
@article{Wei2023MagicoderSC,
  title={Magicoder: Source Code Is All You Need},
  author={Yuxiang Wei and Zhe Wang and Jiawei Liu and Yifeng Ding and Lingming Zhang},
  journal={ArXiv},
  year={2023},
  volume={abs/2312.02120},
  url={https://api.semanticscholar.org/CorpusID:265609970}
}
@article{Guo2024DeepSeekCoderWT,
  title={DeepSeek-Coder: When the Large Language Model Meets Programming - The Rise of Code Intelligence},
  author={Daya Guo and Qihao Zhu and Dejian Yang and Zhenda Xie and Kai Dong and Wentao Zhang and Guanting Chen and Xiao Bi and Yu Wu and Y. K. Li and Fuli Luo and Yingfei Xiong and Wenfeng Liang},
  journal={ArXiv},
  year={2024},
  volume={abs/2401.14196},
  url={https://api.semanticscholar.org/CorpusID:267211867}
}
@article{Luo2023WizardCoderEC,
  title={WizardCoder: Empowering Code Large Language Models with Evol-Instruct},
  author={Ziyang Luo and Can Xu and Pu Zhao and Qingfeng Sun and Xiubo Geng and Wenxiang Hu and Chongyang Tao and Jing Ma and Qingwei Lin and Daxin Jiang},
  journal={ArXiv},
  year={2023},
  volume={abs/2306.08568},
  url={https://api.semanticscholar.org/CorpusID:259164815}
}
@article{Rozire2023CodeLO,
  title={Code Llama: Open Foundation Models for Code},
  author={Baptiste Rozi{\`e}re and Jonas Gehring and Fabian Gloeckle and Sten Sootla and Itai Gat and Xiaoqing Tan and Yossi Adi and Jingyu Liu and Tal Remez and J{\'e}r{\'e}my Rapin and Artyom Kozhevnikov and I. Evtimov and Joanna Bitton and Manish P Bhatt and Cristian Cant{\'o}n Ferrer and Aaron Grattafiori and Wenhan Xiong and Alexandre D'efossez and Jade Copet and Faisal Azhar and Hugo Touvron and Louis Martin and Nicolas Usunier and Thomas Scialom and Gabriel Synnaeve},
  journal={ArXiv},
  year={2023},
  volume={abs/2308.12950},
  url={https://api.semanticscholar.org/CorpusID:261100919}
}
@inproceedings{lai2024autowebglm,
  title={AutoWebGLM: A Large Language Model-based Web Navigating Agent},
  author={Lai, Hanyu and Liu, Xiao and Iong, Iat Long and Yao, Shuntian and Chen, Yuxuan and Shen, Pengbo and Yu, Hao and Zhang, Hanchen and Zhang, Xiaohan and Dong, Yuxiao and others},
  booktitle={Proceedings of the 30th ACM SIGKDD Conference on Knowledge Discovery and Data Mining},
  pages={5295--5306},
  year={2024}
}
@inproceedings{mathur2024docpilot,
  title={DocPilot: Copilot for Automating PDF Edit Workflows in Documents},
  author={Mathur, Puneet and Siu, Alexa and Manjunatha, Varun and Sun, Tong},
  booktitle={Proceedings of the 62nd Annual Meeting of the Association for Computational Linguistics (Volume 3: System Demonstrations)},
  pages={232--246},
  year={2024}
}
@article{Patil2023GorillaLL,
  title={Gorilla: Large Language Model Connected with Massive APIs},
  author={Shishir G. Patil and Tianjun Zhang and Xin Wang and Joseph E. Gonzalez},
  journal={ArXiv},
  year={2023},
  volume={abs/2305.15334},
  url={https://api.semanticscholar.org/CorpusID:258865184}
}
@article{Schick2023ToolformerLM,
  title={Toolformer: Language Models Can Teach Themselves to Use Tools},
  author={Timo Schick and Jane Dwivedi-Yu and Roberto Dess{\`i} and Roberta Raileanu and Maria Lomeli and Luke Zettlemoyer and Nicola Cancedda and Thomas Scialom},
  journal={ArXiv},
  year={2023},
  volume={abs/2302.04761},
  url={https://api.semanticscholar.org/CorpusID:256697342}
}
@inproceedings{Qian2023ChatDevCA,
  title={ChatDev: Communicative Agents for Software Development},
  author={Cheng Qian and Wei Liu and Hongzhang Liu and Nuo Chen and Yufan Dang and Jiahao Li and Cheng Yang and Weize Chen and Yusheng Su and Xin Cong and Juyuan Xu and Dahai Li and Zhiyuan Liu and Maosong Sun},
  booktitle={Annual Meeting of the Association for Computational Linguistics},
  year={2023},
  url={https://api.semanticscholar.org/CorpusID:270257715}
}
@article{Qin2023ToolLLMFL,
  title={ToolLLM: Facilitating Large Language Models to Master 16000+ Real-world APIs},
  author={Yujia Qin and Shi Liang and Yining Ye and Kunlun Zhu and Lan Yan and Ya-Ting Lu and Yankai Lin and Xin Cong and Xiangru Tang and Bill Qian and Sihan Zhao and Runchu Tian and Ruobing Xie and Jie Zhou and Marc H. Gerstein and Dahai Li and Zhiyuan Liu and Maosong Sun},
  journal={ArXiv},
  year={2023},
  volume={abs/2307.16789},
  url={https://api.semanticscholar.org/CorpusID:260334759}
}
@article{Shinn2023ReflexionAA,
  title={Reflexion: an autonomous agent with dynamic memory and self-reflection},
  author={Noah Shinn and Beck Labash and Ashwin Gopinath},
  journal={ArXiv},
  year={2023},
  volume={abs/2303.11366},
  url={https://api.semanticscholar.org/CorpusID:257636839}
}
@inproceedings{Ji2023TowardsML,
  title={Towards Mitigating LLM Hallucination via Self Reflection},
  author={Ziwei Ji and Tiezheng Yu and Yan Xu and Nayeon Lee and Etsuko Ishii and Pascale Fung},
  booktitle={Conference on Empirical Methods in Natural Language Processing},
  year={2023},
  url={https://api.semanticscholar.org/CorpusID:266176951}
}
@article{Dibia2018Data2VisAG,
  title={Data2Vis: Automatic Generation of Data Visualizations Using Sequence-to-Sequence Recurrent Neural Networks},
  author={Victor C. Dibia and Çağatay Demiralp},
  journal={IEEE Computer Graphics and Applications},
  year={2018},
  volume={39},
  pages={33-46},
  url={https://api.semanticscholar.org/CorpusID:4706694}
}
@inproceedings{dibia-2023-lida,
    title = "{LIDA}: A Tool for Automatic Generation of Grammar-Agnostic Visualizations and Infographics using Large Language Models",
    author = "Dibia, Victor",
    editor = "Bollegala, Danushka  and
      Huang, Ruihong  and
      Ritter, Alan",
    booktitle = "Proceedings of the 61st Annual Meeting of the Association for Computational Linguistics (Volume 3: System Demonstrations)",
    month = jul,
    year = "2023",
    address = "Toronto, Canada",
    publisher = "Association for Computational Linguistics",
    url = "https://aclanthology.org/2023.acl-demo.11",
    doi = "10.18653/v1/2023.acl-demo.11",
    pages = "113--126",
}
@article{Cheng2023IsGA,
  title={Is GPT-4 a Good Data Analyst?},
  author={Liying Cheng and Xingxuan Li and Lidong Bing},
  journal={ArXiv},
  year={2023},
  volume={abs/2305.15038},
  url={https://api.semanticscholar.org/CorpusID:258866019}
}
@article{berger2024visualization,
  title={The Visualization JUDGE: Can Multimodal Foundation Models Guide Visualization Design Through Visual Perception?},
  author={Berger, Matthew and Liu, Shusen},
  journal={arXiv preprint arXiv:2410.04280},
  year={2024}
}
@article{tian2024chartgpt,
  title={Chartgpt: Leveraging llms to generate charts from abstract natural language},
  author={Tian, Yuan and Cui, Weiwei and Deng, Dazhen and Yi, Xinjing and Yang, Yurun and Zhang, Haidong and Wu, Yingcai},
  journal={IEEE Transactions on Visualization and Computer Graphics},
  year={2024},
  publisher={IEEE}
}
@article{muthumanikandan2024visistant,
  title={Visistant: A Conversational Chatbot for Natural Language to Visualizations with Gemini Large Language Models},
  author={Muthumanikandan, V and Ram, Santhosh},
  journal={IEEE Access},
  year={2024},
  publisher={IEEE}
}
@article{xie2024haichart,
  title={HAIChart: Human and AI Paired Visualization System},
  author={Xie, Yupeng and Luo, Yuyu and Li, Guoliang and Tang, Nan},
  journal={arXiv preprint arXiv:2406.11033},
  year={2024}
}
@article{ye2024generative,
  title={Generative ai for visualization: State of the art and future directions},
  author={Ye, Yilin and Hao, Jianing and Hou, Yihan and Wang, Zhan and Xiao, Shishi and Luo, Yuyu and Zeng, Wei},
  journal={Visual Informatics},
  year={2024},
  publisher={Elsevier}
}
@article{roziere2023code,
  title={Code llama: Open foundation models for code},
  author={Roziere, Baptiste and Gehring, Jonas and Gloeckle, Fabian and Sootla, Sten and Gat, Itai and Tan, Xiaoqing Ellen and Adi, Yossi and Liu, Jingyu and Sauvestre, Romain and Remez, Tal and others},
  journal={arXiv preprint arXiv:2308.12950},
  year={2023}
}
@article{nouriinanloo2024re,
  title={Re-Ranking Step by Step: Investigating Pre-Filtering for Re-Ranking with Large Language Models},
  author={Nouriinanloo, Baharan and Lamothe, Maxime},
  journal={arXiv preprint arXiv:2406.18740},
  year={2024}
}
@article{liu-etal-2024-lost,
    title = "Lost in the Middle: How Language Models Use Long Contexts",
    author = "Liu, Nelson F.  and
      Lin, Kevin  and
      Hewitt, John  and
      Paranjape, Ashwin  and
      Bevilacqua, Michele  and
      Petroni, Fabio  and
      Liang, Percy",
    journal = "Transactions of the Association for Computational Linguistics",
    volume = "12",
    year = "2024",
    address = "Cambridge, MA",
    publisher = "MIT Press",
    url = "https://aclanthology.org/2024.tacl-1.9",
    doi = "10.1162/tacl_a_00638",
    pages = "157--173",
}
@article{Liu2022DePlotOV,
  title={DePlot: One-shot visual language reasoning by plot-to-table translation},
  author={Fangyu Liu and Julian Martin Eisenschlos and Francesco Piccinno and Syrine Krichene and Chenxi Pang and Kenton Lee and Mandar Joshi and Wenhu Chen and Nigel Collier and Yasemin Altun},
  journal={ArXiv},
  year={2022},
  volume={abs/2212.10505},
  url={https://api.semanticscholar.org/CorpusID:254877346}
}
@article{liu2024exploring,
  title={Exploring and evaluating hallucinations in llm-powered code generation},
  author={Liu, Fang and Liu, Yang and Shi, Lin and Huang, Houkun and Wang, Ruifeng and Yang, Zhen and Zhang, Li},
  journal={arXiv preprint arXiv:2404.00971},
  year={2024}
}
@article{agarwal2024codemirage,
  title={CodeMirage: Hallucinations in Code Generated by Large Language Models},
  author={Agarwal, Vibhor and Pei, Yulong and Alamir, Salwa and Liu, Xiaomo},
  journal={arXiv preprint arXiv:2408.08333},
  year={2024}
}
@article{bach2023challenges,
  title={Challenges and opportunities in data visualization education: A call to action},
  author={Bach, Benjamin and Keck, Mandy and Rajabiyazdi, Fateme and Losev, Tatiana and Meirelles, Isabel and Dykes, Jason and Laramee, Robert S and AlKadi, Mashael and Stoiber, Christina and Huron, Samuel and others},
  journal={IEEE Transactions on visualization and computer graphics},
  year={2023},
  publisher={IEEE}
}
@article{lan2024came,
  title={“I Came Across a Junk”: Understanding Design Flaws of Data Visualization from the Public's Perspective},
  author={Lan, Xingyu and Liu, Yu},
  journal={IEEE Transactions on Visualization and Computer Graphics},
  year={2024},
  publisher={IEEE}
}
@article{gahar2024open,
  title={Open Research Issues and Tools for Visualization and Big Data Analytics},
  author={Gahar, Rania Mkhinini and Arfaoui, Olfa and Hidri, Minyar Sassi},
  journal={arXiv preprint arXiv:2404.12505},
  year={2024}
}
@article{qian2023communicative,
  title={Communicative agents for software development},
  author={Qian, Chen and Cong, Xin and Yang, Cheng and Chen, Weize and Su, Yusheng and Xu, Juyuan and Liu, Zhiyuan and Sun, Maosong},
  journal={arXiv preprint arXiv:2307.07924},
  volume={6},
  number={3},
  year={2023}
}
@article{Wang2023VoyagerAO,
  title={Voyager: An Open-Ended Embodied Agent with Large Language Models},
  author={Guanzhi Wang and Yuqi Xie and Yunfan Jiang and Ajay Mandlekar and Chaowei Xiao and Yuke Zhu and Linxi (Jim) Fan and Anima Anandkumar},
  journal={Trans. Mach. Learn. Res.},
  year={2023},
  volume={2024},
  url={https://api.semanticscholar.org/CorpusID:258887849}
}
@inproceedings{park2023generative,
  title={Generative agents: Interactive simulacra of human behavior},
  author={Park, Joon Sung and O'Brien, Joseph and Cai, Carrie Jun and Morris, Meredith Ringel and Liang, Percy and Bernstein, Michael S},
  booktitle={Proceedings of the 36th annual acm symposium on user interface software and technology},
  pages={1--22},
  year={2023}
}
@article{xie2023openagents,
  title={Openagents: An open platform for language agents in the wild},
  author={Xie, Tianbao and Zhou, Fan and Cheng, Zhoujun and Shi, Peng and Weng, Luoxuan and Liu, Yitao and Hua, Toh Jing and Zhao, Junning and Liu, Qian and Liu, Che and others},
  journal={arXiv preprint arXiv:2310.10634},
  year={2023}
}
@article{zhou2023webarena,
  title={Webarena: A realistic web environment for building autonomous agents},
  author={Zhou, Shuyan and Xu, Frank F and Zhu, Hao and Zhou, Xuhui and Lo, Robert and Sridhar, Abishek and Cheng, Xianyi and Ou, Tianyue and Bisk, Yonatan and Fried, Daniel and others},
  journal={arXiv preprint arXiv:2307.13854},
  year={2023}
}
@article{qin2023webcpm,
  title={Webcpm: Interactive web search for chinese long-form question answering},
  author={Qin, Yujia and Cai, Zihan and Jin, Dian and Yan, Lan and Liang, Shihao and Zhu, Kunlun and Lin, Yankai and Han, Xu and Ding, Ning and Wang, Huadong and others},
  journal={arXiv preprint arXiv:2305.06849},
  year={2023}
}
@article{yao2022webshop,
  title={Webshop: Towards scalable real-world web interaction with grounded language agents},
  author={Yao, Shunyu and Chen, Howard and Yang, John and Narasimhan, Karthik},
  journal={Advances in Neural Information Processing Systems},
  volume={35},
  pages={20744--20757},
  year={2022}
}
@article{Nakano2021WebGPTBQ,
  title={WebGPT: Browser-assisted question-answering with human feedback},
  author={Reiichiro Nakano and Jacob Hilton and Suchir Balaji and Jeff Wu and Ouyang Long and Christina Kim and Christopher Hesse and Shantanu Jain and Vineet Kosaraju and William Saunders and Xu Jiang and Karl Cobbe and Tyna Eloundou and Gretchen Krueger and Kevin Button and Matthew Knight and Benjamin Chess and John Schulman},
  journal={ArXiv},
  year={2021},
  volume={abs/2112.09332},
  url={https://api.semanticscholar.org/CorpusID:245329531}
}