%%
%% IEEEfull.bib
%% 
%% BibTeX bibliography string definitions of the FULL titles of
%% IEEE journals and magazines
%% 
%% NOTE: This text file uses MS Windows line feed conventions. When (human)
%% reading this file on other platforms, you may have to use a text
%% editor that can handle lines terminated by the MS Windows line feed
%% characters (0x0D 0x0A).
%% 
%% This file is designed for bibliography styles that require 
%% full-length titles and is not for use in bibliographies that
%% abbreviate titles.
%% 
%% Version 1.10 (2003/04/02)
%% 
%% Composed by Michael Shell
%%
%% See:
%% http://www.ctan.org/tex-archive/macros/latex/contrib/supported/IEEEtran/
%% for latest version and current contact information.
%%
%% Special thanks to Laura Hyslop of IEEE for her help in obtaining the
%% information needed to compile this file. Also, Volker Kuhlmann kindly
%% provided some corrections and additions.
%%
%%**********************************************************************
%% Legal Notice:
%% This code is offered as-is without any warranty either expressed or
%% implied; without even the implied warranty of MERCHANTABILITY or
%% FITNESS FOR A PARTICULAR PURPOSE!
%% User assumes all risk.
%% In no event shall IEEE or any contributor to this code be liable for
%% any damages or losses, including, but not limited to, incidental,
%% consequential, or any other damages, resulting from the use or misuse
%% of any information contained here.
%%
%% This code is distributed under the Perl Artistic License 
%% ( http://language.perl.com/misc/Artistic.html ) 
%% and may be freely used, distributed and modified - subject to the
%% constraints therein.
%% Retain all contribution notices, credits and disclaimers.
%% 
%% All comments are the opinions of their respective authors and are not
%% necessarily endorsed by the IEEE.
%%**********************************************************************
%
%
% USAGE:
%
% \bibliographystyle{mybstfile} 
% \bibliography{IEEEfull,mybibfile}
%
% where the IEEE titles in the .bib database entries use the strings
% defined here. e.g.,
%
%
%    journal = IEEE_J_AC,
%
%
% to yield "{IEEE} Transactions on Automatic Control"
%
%
% WARNING: IEEE uses abbreviated journal titles in their bibliographies!
% Because this file provides the full titles, you should NOT use this file
% for work that is to be submitted to the IEEE.
%
% For IEEE work, you should use the abbreviated titles provided in the
% companion file, IEEEabrv.bib.
%
%
% ** NOTES **
%
% 1. Journals have been grouped according to subject in order to make it
%    easier to locate and extract the definitions for related journals - 
%    as most works use references that are confined to a single topic.
%    Magazines are listed in straight alphabetical order.
%
% 2. String names are closely based on IEEE's own internal acronyms.
%
% 3. Older, out-of-print IEEE titles are included (but not including titles
%    dating prior to IEEE's formation from the IRE and AIEE in 1963).





%%%%%%%%%%%%%%%%%%%
%% IEEE Journals %%
%%%%%%%%%%%%%%%%%%%


% aerospace and military
@STRING{IEEE_J_AES        = "{IEEE} Transactions on Aerospace and Electronic Systems"}
@STRING{IEEE_J_ANE        = "{IEEE} Transactions on Aerospace and Navigational Electronics"}
@STRING{IEEE_J_ANNE       = "{IEEE} Transactions on Aeronautical and Navigational Electronics"}
@STRING{IEEE_J_AS         = "{IEEE} Transactions on Aerospace"}
@STRING{IEEE_J_AIRE       = "{IEEE} Transactions on Airborne Electronics"}
@STRING{IEEE_J_MIL        = "{IEEE} Transactions on Military Electronics"}



% autos, transportation and vehicles (non-aerospace)
@STRING{IEEE_J_ITS        = "{IEEE} Transactions on Intelligent Transportation Systems"}
@STRING{IEEE_J_VT         = "{IEEE} Transactions on Vehicular Technology"}
@STRING{IEEE_J_VC         = "{IEEE} Transactions on Vehicular Communications"}



% circuits, signals, systems, audio and controls
@STRING{IEEE_J_SPL        = "{IEEE} Signal Processing Letters"}
@STRING{IEEE_J_ASSP       = "{IEEE} Transactions on Acoustics, Speech, and Signal Processing"}
@STRING{IEEE_J_AU         = "{IEEE} Transactions on Audio"}
@STRING{IEEE_J_AUEA       = "{IEEE} Transactions on Audio and Electroacoustics"}
@STRING{IEEE_J_AC         = "{IEEE} Transactions on Automatic Control"}
@STRING{IEEE_J_CAS        = "{IEEE} Transactions on Circuits and Systems"}
@STRING{IEEE_J_CASVT      = "{IEEE} Transactions on Circuits and Systems for Video Technology"}
@STRING{IEEE_J_CASI       = "{IEEE} Transactions on Circuits and Systems---Part {I}: Fundamental Theory and Applications"}
@STRING{IEEE_J_CASII      = "{IEEE} Transactions on Circuits and Systems---Part {II}: Analog and Digital Signal Processing"}
@STRING{IEEE_J_CT         = "{IEEE} Transactions on Circuit Theory"}
@STRING{IEEE_J_CST        = "{IEEE} Transactions on Control Systems Technology"}
@STRING{IEEE_J_SP         = "{IEEE} Transactions on Signal Processing"}
@STRING{IEEE_J_SU         = "{IEEE} Transactions on Sonics and Ultrasonics"}
@STRING{IEEE_J_SAP        = "{IEEE} Transactions on Speech and Audio Processing"}
@STRING{IEEE_J_UE         = "{IEEE} Transactions on Ultrasonics Engineering"}
@STRING{IEEE_J_UFFC       = "{IEEE} Transactions on Ultrasonics, Ferroelectrics, and Frequency Control"}



% communications
@STRING{IEEE_J_COML       = "{IEEE} Communications Letters"}
@STRING{IEEE_J_JSAC       = "{IEEE} Journal on Selected Areas in Communications"}
@STRING{IEEE_J_COM        = "{IEEE} Transactions on Communications"}
@STRING{IEEE_J_COMT       = "{IEEE} Transactions on Communication Technology"}
@STRING{IEEE_J_WCOM       = "{IEEE} Transactions on Wireless Communications"}



% components, packaging and manufacturing
@STRING{IEEE_J_ADVP       = "{IEEE} Transactions on Advanced Packaging"}
@STRING{IEEE_J_CHMT       = "{IEEE} Transactions on Components, Hybrids and Manufacturing Technology"}
@STRING{IEEE_J_CPMTA      = "{IEEE} Transactions on Components, Packaging and Manufacturing Technology---Part {A}"}
@STRING{IEEE_J_CPMTB      = "{IEEE} Transactions on Components, Packaging and Manufacturing Technology---Part {B}: Advanced Packaging"}
@STRING{IEEE_J_CPMTC      = "{IEEE} Transactions on Components, Packaging and Manufacturing Technology---Part {C}: Manufacturing"}
@STRING{IEEE_J_CAPT       = "{IEEE} Transactions on Components and Packaging Technology"}
@STRING{IEEE_J_CAPTS      = "{IEEE} Transactions on Components and Packaging Technologies"}
@STRING{IEEE_J_CPART      = "{IEEE} Transactions on Component Parts"}
@STRING{IEEE_J_EPM        = "{IEEE} Transactions on Electronics Packaging Manufacturing"}
@STRING{IEEE_J_MFT        = "{IEEE} Transactions on Manufacturing Technology"}
@STRING{IEEE_J_PHP        = "{IEEE} Transactions on Parts, Hybrids and Packaging"}
@STRING{IEEE_J_PMP        = "{IEEE} Transactions on Parts, Materials and Packaging"}



% CAD
@STRING{IEEE_J_TCAD       = "{IEEE} Journal on Technology in Computer Aided Design"}
@STRING{IEEE_J_CAD        = "{IEEE} Transactions on Computer-Aided Design of Integrated Circuits and Systems"}



% coding, data, information, knowledge
@STRING{IEEE_J_IT         = "{IEEE} Transactions on Information Theory"}
@STRING{IEEE_J_KDE        = "{IEEE} Transactions on Knowledge and Data Engineering"}



% computers, computation, networking and software
@STRING{IEEE_J_C          = "{IEEE} Transactions on Computers"}
@STRING{IEEE_J_ECOMP      = "{IEEE} Transactions on Electronic Computers"}
@STRING{IEEE_J_EVC        = "{IEEE} Transactions on Evolutionary Computation"}
@STRING{IEEE_J_FUZZ       = "{IEEE} Transactions on Fuzzy Systems"}
@STRING{IEEE_J_MC         = "{IEEE} Transactions on Mobile Computing"}
@STRING{IEEE_J_NET        = "{IEEE/ACM} Transactions on Networking"}
@STRING{IEEE_J_NN         = "{IEEE} Transactions on Neural Networks"}
@STRING{IEEE_J_PDS        = "{IEEE} Transactions on Parallel and Distributed Systems"}
@STRING{IEEE_J_SE         = "{IEEE} Transactions on Software Engineering"}



% computer graphics, imaging, and multimedia
@STRING{IEEE_J_IP         = "{IEEE} Transactions on Image Processing"}
@STRING{IEEE_J_MM         = "{IEEE} Transactions on Multimedia"}
@STRING{IEEE_J_VCG        = "{IEEE} Transactions on Visualization and Computer Graphics"}



% cybernetics, ergonomics, robots, man-machine, and automation
@STRING{IEEE_J_JRA        = "{IEEE} Journal of Robotics and Automation"}
@STRING{IEEE_J_HFE        = "{IEEE} Transactions on Human Factors in Electronics"}
@STRING{IEEE_J_MMS        = "{IEEE} Transactions on Man-Machine Systems"}
@STRING{IEEE_J_PAMI       = "{IEEE} Transactions on Pattern Analysis and Machine Intelligence"}
@STRING{IEEE_J_RA         = "{IEEE} Transactions on Robotics and Automation"}
@STRING{IEEE_J_SMC        = "{IEEE} Transactions on Systems, Man, and Cybernetics"}
@STRING{IEEE_J_SMCA       = "{IEEE} Transactions on Systems, Man, and Cybernetics---Part {A}: Systems and Humans"}
@STRING{IEEE_J_SMCB       = "{IEEE} Transactions on Systems, Man, and Cybernetics---Part {B}: Cybernetics"}
@STRING{IEEE_J_SMCC       = "{IEEE} Transactions on Systems, Man, and Cybernetics---Part {C}: Applications and Reviews"}
@STRING{IEEE_J_SSC        = "{IEEE} Transactions on Systems Science and Cybernetics"}



% earth, wind, fire and water
@STRING{IEEE_J_GE         = "{IEEE} Transactions on Geoscience Electronics"}
@STRING{IEEE_J_GRS        = "{IEEE} Transactions on Geoscience and Remote Sensing"}
@STRING{IEEE_J_OE         = "{IEEE} Journal of Oceanic Engineering"}



% education, engineering, history, IEEE, professional
@STRING{IEEE_J_CJECE      = "Canadian Journal of Electrical and Computer Engineering"}
@STRING{IEEE_J_PROC       = "Proceedings of the {IEEE}"}
@STRING{IEEE_J_EDU        = "{IEEE} Transactions on Education"}
@STRING{IEEE_J_EM         = "{IEEE} Transactions on Engineering Management"}
@STRING{IEEE_J_EWS        = "{IEEE} Transactions on Engineering Writing and Speech"}
@STRING{IEEE_J_PC         = "{IEEE} Transactions on Professional Communication"}



% electromagnetics, antennas, EMI, magnetics and microwave
@STRING{IEEE_J_AWPL       = "{IEEE} Antennas and Wireless Propagation Letters"}
@STRING{IEEE_J_MGWL       = "{IEEE} Microwave and Guided Wave Letters"}
@STRING{IEEE_J_MWCL       = "{IEEE} Microwave and Wireless Components Letters"}
@STRING{IEEE_J_AP         = "{IEEE} Transactions on Antennas and Propagation"}
@STRING{IEEE_J_EMC        = "{IEEE} Transactions on Electromagnetic Compatibility"}
@STRING{IEEE_J_MAG        = "{IEEE} Transactions on Magnetics"}
@STRING{IEEE_J_MTT        = "{IEEE} Transactions on Microwave Theory and Techniques"}
@STRING{IEEE_J_RFI        = "{IEEE} Transactions on Radio Frequency Interference"}
@STRING{IEEE_J_TJMJ       = "{IEEE} Translation Journal on Magnetics in Japan"}



% energy and power
@STRING{IEEE_J_EC         = "{IEEE} Transactions on Energy Conversion"}
@STRING{IEEE_J_PWRAS      = "{IEEE} Transactions on Power Apparatus and Systems"}
@STRING{IEEE_J_PWRD       = "{IEEE} Transactions on Power Delivery"}
@STRING{IEEE_J_PWRE       = "{IEEE} Transactions on Power Electronics"}
@STRING{IEEE_J_PWRS       = "{IEEE} Transactions on Power Systems"}



% industrial, commercial and consumer
@STRING{IEEE_J_APPIND     = "{IEEE} Transactions on Applications and Industry"}
@STRING{IEEE_J_BC         = "{IEEE} Transactions on Broadcasting"}
@STRING{IEEE_J_BCTV       = "{IEEE} Transactions on Broadcast and Television Receivers"}
@STRING{IEEE_J_CE         = "{IEEE} Transactions on Consumer Electronics"}
@STRING{IEEE_J_IE         = "{IEEE} Transactions on Industrial Electronics"}
@STRING{IEEE_J_IECI       = "{IEEE} Transactions on Industrial Electronics and Control Instrumentation"}
@STRING{IEEE_J_IA         = "{IEEE} Transactions on Industry Applications"}
@STRING{IEEE_J_IGA        = "{IEEE} Transactions on Industry and General Applications"}



% instrumentation and measurement
@STRING{IEEE_J_IM         = "{IEEE} Transactions on Instrumentation and Measurement"}



% insulation and materials
@STRING{IEEE_J_JEM        = "{IEEE/TMS} Journal of Electronic Materials"}
@STRING{IEEE_J_DEI        = "{IEEE} Transactions on Dielectrics and Electrical Insulation"}
@STRING{IEEE_J_EI         = "{IEEE} Transactions on Electrical Insulation"}



% mechanical
@STRING{IEEE_J_MECH       = "{IEEE/ASME} Transactions on Mechatronics"}
@STRING{IEEE_J_MEMS       = "{IEEE/ASME} Journal of Microelectromechanical Systems"}



% medical and biological
@STRING{IEEE_J_BME        = "{IEEE} Transactions on Biomedical Engineering"}
% Note: The B-ME journal later dropped the hyphen and became the BME.
@STRING{IEEE_J_B-ME       = "{IEEE} Transactions on Bio-Medical Engineering"}
@STRING{IEEE_J_BMELC      = "{IEEE} Transactions on Bio-Medical Electronics"}
@STRING{IEEE_J_ITBM       = "{IEEE} Transactions on Information Technology in Biomedicine"}
@STRING{IEEE_J_ME         = "{IEEE} Transactions on Medical Electronics"}
@STRING{IEEE_J_MI         = "{IEEE} Transactions on Medical Imaging"}
@STRING{IEEE_J_MCTE       = "{IEEE} Transactions on Molecular, Cellular and Tissue Engineering"}
@STRING{IEEE_J_NB         = "{IEEE} Transactions on NanoBioscience"}
@STRING{IEEE_J_NSRE       = "{IEEE} Transactions on Neural Systems and Rehabilitation Engineering"}
@STRING{IEEE_J_RE         = "{IEEE} Transactions on Rehabilitation Engineering"}



% optics, lightwave and photonics
@STRING{IEEE_J_PTL        = "{IEEE} Photonics Technology Letters"}
@STRING{IEEE_J_JLT        = "{IEEE/OSA} Journal of Lightwave Technology"}



% physics, electrons, nanotechnology, nuclear and quantum electronics
@STRING{IEEE_J_EDL        = "{IEEE} Electron Device Letters"}
@STRING{IEEE_J_JQE        = "{IEEE} Journal of Quantum Electronics"}
@STRING{IEEE_J_JSTQE      = "{IEEE} Journal of Selected Topics in Quantum Electronics"}
@STRING{IEEE_J_ED         = "{IEEE} Transactions on Electron Devices"}
@STRING{IEEE_J_NANO       = "{IEEE} Transactions on Nanotechnology"}
@STRING{IEEE_J_NS         = "{IEEE} Transactions on Nuclear Science"}
@STRING{IEEE_J_PS         = "{IEEE} Transactions on Plasma Science"}



% reliability
@STRING{IEEE_J_DMR        = "{IEEE} Transactions on Device and Materials Reliability"}
@STRING{IEEE_J_R          = "{IEEE} Transactions on Reliability"}



% semiconductors, superconductors, electrochemical and solid state
@STRING{IEEE_J_ESSL       = "{IEEE/ECS} Electrochemical and Solid-State Letters"}
@STRING{IEEE_J_JSSC       = "{IEEE} Journal of Solid-State Circuits"}
@STRING{IEEE_J_ASC        = "{IEEE} Transactions on Applied Superconductivity"}
@STRING{IEEE_J_SM         = "{IEEE} Transactions on Semiconductor Manufacturing"}



% sensors
@STRING{IEEE_J_SENSOR     = "{IEEE} Sensors Journal"}



% VLSI
@STRING{IEEE_J_VLSI       = "{IEEE} Transactions on Very Large Scale Integration ({VLSI}) Systems"}





%%%%%%%%%%%%%%%%%%%%
%% IEEE Magazines %%
%%%%%%%%%%%%%%%%%%%%


@STRING{IEEE_M_AES        = "{IEEE} Aerospace and Electronics Systems Magazine"}
@STRING{IEEE_M_HIST       = "{IEEE} Annals of the History of Computing"}
@STRING{IEEE_M_AP         = "{IEEE} Antennas and Propagation Magazine"}
@STRING{IEEE_M_ASSP       = "{IEEE} {ASSP} Magazine"}
@STRING{IEEE_M_CD         = "{IEEE} Circuits and Devices Magazine"}
@STRING{IEEE_M_CAS        = "{IEEE} Circuits and Systems Magazine"}
@STRING{IEEE_M_COM        = "{IEEE} Communications Magazine"}
@STRING{IEEE_M_COMSOC     = "{IEEE} Communications Society Magazine"}
% CSEM changed to CSE in 1999
@STRING{IEEE_M_CSE        = "{IEEE} Computing in Science and Engineering"}
@STRING{IEEE_M_CSEM       = "{IEEE} Computational Science and Engineering Magazine"}
@STRING{IEEE_M_C          = "{IEEE} Computer"}
@STRING{IEEE_M_CAP        = "{IEEE} Computer Applications in Power"}
@STRING{IEEE_M_CGA        = "{IEEE} Computer Graphics and Applications"}
@STRING{IEEE_M_CONC       = "{IEEE} Concurrency"}
@STRING{IEEE_M_CS         = "{IEEE} Control Systems Magazine"}
@STRING{IEEE_M_DTC        = "{IEEE} Design and Test of Computers"}
@STRING{IEEE_M_EI         = "{IEEE} Electrical Insulation Magazine"}
@STRING{IEEE_M_EMB        = "{IEEE} Engineering in Medicine and Biology Magazine"}
@STRING{IEEE_M_EMR        = "{IEEE} Engineering Management Review"}
@STRING{IEEE_M_EXP        = "{IEEE} Expert"}
@STRING{IEEE_M_IA         = "{IEEE} Industry Applications Magazine"}
@STRING{IEEE_M_IM         = "{IEEE} Instrumentation and Measurement Magazine"}
@STRING{IEEE_M_IS         = "{IEEE} Intelligent Systems"}
@STRING{IEEE_M_IC         = "{IEEE} Internet Computing"}
@STRING{IEEE_M_ITP        = "{IEEE} {IT} Professional"}
@STRING{IEEE_M_MICRO      = "{IEEE} Micro"}
@STRING{IEEE_M_MW         = "{IEEE} Microwave Magazine"}
@STRING{IEEE_M_MM         = "{IEEE} Multimedia"}
@STRING{IEEE_M_NET        = "{IEEE} Network"}
@STRING{IEEE_M_PCOM       = "{IEEE} Personal Communications Magazine"}
@STRING{IEEE_M_POT        = "{IEEE} Potentials"}
% CAP and PER merged to form PE in 2003
@STRING{IEEE_M_PE         = "{IEEE} Power and Energy Magazine"}
@STRING{IEEE_M_PER        = "{IEEE} Power Engineering Review"}
@STRING{IEEE_M_RA         = "{IEEE} Robotics and Automation Magazine"}
@STRING{IEEE_M_SP         = "{IEEE} Signal Processing Magazine"}
@STRING{IEEE_M_S          = "{IEEE} Software"}
@STRING{IEEE_M_SPECT      = "{IEEE} Spectrum"}
@STRING{IEEE_M_TS         = "{IEEE} Technology and Society Magazine"}
@STRING{IEEE_M_WC         = "{IEEE} Wireless Communications Magazine"}
@STRING{IEEE_M_TODAY      = "Today's Engineer"}


@article{xiong2024adaptive,
  title={Adaptive Mobile Manipulation for Articulated Objects In the Open World},
  author={Xiong, Haoyu and Mendonca, Russell and Shaw, Kenneth and Pathak, Deepak},
  journal={arXiv preprint arXiv:2401.14403},
  year={2024}
}

@article{hwangbo2019learning,
  title={Learning agile and dynamic motor skills for legged robots},
  author={Hwangbo, Jemin and Lee, Joonho and Dosovitskiy, Alexey and Bellicoso, Dario and Tsounis, Vassilios and Koltun, Vladlen and Hutter, Marco},
  journal={Science Robotics},
  volume={4},
  number={26},
  pages={eaau5872},
  year={2019},
  publisher={American Association for the Advancement of Science}
}

@article{kumar2021rma,
  title={Rma: Rapid motor adaptation for legged robots},
  author={Kumar, Ashish and Fu, Zipeng and Pathak, Deepak and Malik, Jitendra},
  journal={arXiv preprint arXiv:2107.04034},
  year={2021}
}

@article{margolis2024rapid,
  title={Rapid locomotion via reinforcement learning},
  author={Margolis, Gabriel B and Yang, Ge and Paigwar, Kartik and Chen, Tao and Agrawal, Pulkit},
  journal={The International Journal of Robotics Research},
  volume={43},
  number={4},
  pages={572--587},
  year={2024},
  publisher={SAGE Publications Sage UK: London, England}
}

@inproceedings{margolis2023walk,
  title={Walk these ways: Tuning robot control for generalization with multiplicity of behavior},
  author={Margolis, Gabriel B and Agrawal, Pulkit},
  booktitle={Conference on Robot Learning},
  pages={22--31},
  year={2023},
  organization={PMLR}
}

@inproceedings{agarwal2023legged,
  title={Legged locomotion in challenging terrains using egocentric vision},
  author={Agarwal, Ananye and Kumar, Ashish and Malik, Jitendra and Pathak, Deepak},
  booktitle={Conference on robot learning},
  pages={403--415},
  year={2023},
  organization={PMLR}
}

@article{zhuang2023robot,
  title={Robot parkour learning},
  author={Zhuang, Ziwen and Fu, Zipeng and Wang, Jianren and Atkeson, Christopher and Schwertfeger, Soeren and Finn, Chelsea and Zhao, Hang},
  journal={arXiv preprint arXiv:2309.05665},
  year={2023}
}

@book{sutton2018reinforcement,
  title={Reinforcement learning: An introduction},
  author={Sutton, Richard S and Barto, Andrew G},
  year={2018},
  publisher={MIT press}
}

@inproceedings{rudin2022learning,
  title={Learning to walk in minutes using massively parallel deep reinforcement learning},
  author={Rudin, Nikita and Hoeller, David and Reist, Philipp and Hutter, Marco},
  booktitle={Conference on Robot Learning},
  pages={91--100},
  year={2022},
  organization={PMLR}
}

@article{tan2018sim,
  title={Sim-to-real: Learning agile locomotion for quadruped robots},
  author={Tan, Jie and Zhang, Tingnan and Coumans, Erwin and Iscen, Atil and Bai, Yunfei and Hafner, Danijar and Bohez, Steven and Vanhoucke, Vincent},
  journal={arXiv preprint arXiv:1804.10332},
  year={2018}
}

@inproceedings{peng2018sim,
  title={Sim-to-real transfer of robotic control with dynamics randomization},
  author={Peng, Xue Bin and Andrychowicz, Marcin and Zaremba, Wojciech and Abbeel, Pieter},
  booktitle={2018 IEEE international conference on robotics and automation (ICRA)},
  pages={3803--3810},
  year={2018},
  organization={IEEE}
}

@article{peng2020learning,
  title={Learning agile robotic locomotion skills by imitating animals},
  author={Peng, Xue Bin and Coumans, Erwin and Zhang, Tingnan and Lee, Tsang-Wei and Tan, Jie and Levine, Sergey},
  journal={arXiv preprint arXiv:2004.00784},
  year={2020}
}

@inproceedings{escontrela2022adversarial,
  title={Adversarial motion priors make good substitutes for complex reward functions},
  author={Escontrela, Alejandro and Peng, Xue Bin and Yu, Wenhao and Zhang, Tingnan and Iscen, Atil and Goldberg, Ken and Abbeel, Pieter},
  booktitle={2022 IEEE/RSJ International Conference on Intelligent Robots and Systems (IROS)},
  pages={25--32},
  year={2022},
  organization={IEEE}
}

% isaacgym
@misc{isaacgym,
      title={Isaac Gym: High Performance GPU-Based Physics Simulation For Robot Learning}, 
      author={Viktor Makoviychuk and Lukasz Wawrzyniak and Yunrong Guo and Michelle Lu and Kier Storey and Miles Macklin and David Hoeller and Nikita Rudin and Arthur Allshire and Ankur Handa and Gavriel State},
      year={2021},
      journal={arXiv preprint arXiv:2108.10470}
}

% mujoco
@article{todorov2012mujoco,
  title={MuJoCo: A physics engine for model-based control},
  author={Todorov, Emanuel and Erez, Tom and Tassa, Yuval},
  journal={2012 IEEE/RSJ International Conference on Intelligent Robots and Systems},
  pages={5026--5033},
  year={2012},
  organization={IEEE}
}

% bullet
@article{coumans2019bullet,
  title={Bullet physics simulation: Recent developments and future directions},
  author={Coumans, Erwin and Bai, Yunfei and Hafner, Danijar and Vanhoucke, Vincent and Bohez, Steven and Tan, Jie},
  journal={arXiv preprint arXiv:1904.00756},
  year={2019}
}

% Unitree Go1
@misc{unitreego1,
  title = {Unitree Go1},
  howpublished = {\url{https://www.unitree.com/go1}},
}

% Unitree Go2
@misc{unitreego2,
  title = {Unitree Go2},
  howpublished = {\url{https://www.unitree.com/go2}},
}


% MIT Mini Cheetah
@inproceedings{katz2019mini,
  title={Mini cheetah: A platform for pushing the limits of dynamic quadruped control},
  author={Katz, Benjamin and Di Carlo, Jared and Kim, Sangbae},
  booktitle={2019 international conference on robotics and automation (ICRA)},
  pages={6295--6301},
  year={2019},
  organization={IEEE}
}

% Mini Cheetah battery
% https://robotsguide.com/robots/minicheetah
@misc{minicheetahbattery,
    title={Robotsguide: Mini Cheetah},
    howpublished = {\url{https://robotsguide.com/robots/minicheetah}},
}

@inproceedings{wainer2006role,
  title={The role of physical embodiment in human-robot interaction},
  author={Wainer, Joshua and Feil-Seifer, David J and Shell, Dylan A and Mataric, Maja J},
  booktitle={ROMAN 2006-The 15th IEEE International Symposium on Robot and Human Interactive Communication},
  pages={117--122},
  year={2006},
  organization={IEEE}
}


@inproceedings{Trovato2018Sound,
  author={Trovato, Gabriele and Paredes, Renato and Balvin, Javier and Cuellar, Francisco and Thomsen, Nicolai Bæk and Bech, Soren and Tan, Zheng–Hua},
  booktitle={2018 27th IEEE International Symposium on Robot and Human Interactive Communication (RO-MAN)},
  title={The Sound or Silence: Investigating the Influence of Robot Noise on Proxemics},
  year={2018},
  volume={},
  number={},
  pages={713-718},
  keywords={Robots;Electronic mail;Atmospheric measurements;Particle measurements;Music;Visualization;Task analysis},
  doi={10.1109/ROMAN.2018.8525795}
}

@inproceedings{trujillo2009thermally,
  title={Thermally constrained motor operation for a climbing robot},
  author={Trujillo, Salomon and Cutkosky, Mark},
  booktitle={2009 IEEE International Conference on Robotics and Automation},
  pages={2362--2367},
  year={2009},
  organization={IEEE}
}

@article{seok2014design,
  title={Design principles for energy-efficient legged locomotion and implementation on the MIT cheetah robot},
  author={Seok, Sangok and Wang, Albert and Chuah, Meng Yee and Hyun, Dong Jin and Lee, Jongwoo and Otten, David M and Lang, Jeffrey H and Kim, Sangbae},
  journal={Ieee/asme transactions on mechatronics},
  volume={20},
  number={3},
  pages={1117--1129},
  year={2014},
  publisher={IEEE}
}

@article{mahankali2024maximizing,
        title={Maximizing Quadruped Velocity by Minimizing Energy},
        author={Mahankali, Srinath and Lee, Chi-Chang and Margolis, Gabriel B. and Hong, Zhang-Wei and Agrawal, Pulkit},
        journal={International Conference on Robotics and Automation},
        year={2024}
    }
  
@inproceedings{yang2022fast,
  title={Fast and efficient locomotion via learned gait transitions},
  author={Yang, Yuxiang and Zhang, Tingnan and Coumans, Erwin and Tan, Jie and Boots, Byron},
  booktitle={Conference on robot learning},
  pages={773--783},
  year={2022},
  organization={PMLR}
}

@article{fu2021minimizing,
  title={Minimizing energy consumption leads to the emergence of gaits in legged robots},
  author={Fu, Zipeng and Kumar, Ashish and Malik, Jitendra and Pathak, Deepak},
  journal={arXiv preprint arXiv:2111.01674},
  year={2021}
}

@inproceedings{smith2022legged,
  title={Legged robots that keep on learning: Fine-tuning locomotion policies in the real world},
  author={Smith, Laura and Kew, J Chase and Peng, Xue Bin and Ha, Sehoon and Tan, Jie and Levine, Sergey},
  booktitle={2022 International Conference on Robotics and Automation (ICRA)},
  pages={1593--1599},
  year={2022},
  organization={IEEE}
}

@article{smith2022walk,
  title={A walk in the park: Learning to walk in 20 minutes with model-free reinforcement learning},
  author={Smith, Laura and Kostrikov, Ilya and Levine, Sergey},
  journal={arXiv preprint arXiv:2208.07860},
  year={2022}
}

@article{smith2023grow,
  title={Grow your limits: Continuous improvement with real-world rl for robotic locomotion},
  author={Smith, Laura and Cao, Yunhao and Levine, Sergey},
  journal={arXiv preprint arXiv:2310.17634},
  year={2023}
}

@article{lei2023uni,
  title={Uni-o4: Unifying online and offline deep reinforcement learning with multi-step on-policy optimization},
  author={Lei, Kun and He, Zhengmao and Lu, Chenhao and Hu, Kaizhe and Gao, Yang and Xu, Huazhe},
  journal={arXiv preprint arXiv:2311.03351},
  year={2023}
}

% Roger Ratcliff. 1990. Connectionist models of recognition memory: Constraints imposed by learning and forgetting functions. Psychological Review 97, 2 (1990), 285–308. DOI:https://doi.org/10.1037/0033-295X.97.2.285
@article{ratcliff1990connectionist,
  title={Connectionist models of recognition memory: Constraints imposed by learning and forgetting functions},
  author={Ratcliff, Roger},
  journal={Psychological Review},
  volume={97},
  number={2},
  pages={285--308},
  year={1990},
  publisher={American Psychological Association}
}

% Michael McCloskey and Neal J Cohen. 1989. Catastrophic interference in connectionist networks: The sequential learning problem. In Psychology of Learning and Motivation, Vol. 24. Elsevier, 109–165. DOI:https://doi.org/10.1016/S0079-7421(08)60536-8

@article{mccloskey1989catastrophic,
  title={Catastrophic interference in connectionist networks: The sequential learning problem},
  author={McCloskey, Michael and Cohen, Neal J},
  journal={Psychology of Learning and Motivation},
  volume={24},
  pages={109--165},
  year={1989},
  publisher={Elsevier}
}

@article{kim2024not,
  title={Not only rewards but also constraints: Applications on legged robot locomotion},
  author={Kim, Yunho and Oh, Hyunsik and Lee, Jeonghyun and Choi, Jinhyeok and Ji, Gwanghyeon and Jung, Moonkyu and Youm, Donghoon and Hwangbo, Jemin},
  journal={IEEE Transactions on Robotics},
  year={2024},
  publisher={IEEE}
}

@article{chane2024cat,
  title={CaT: Constraints as Terminations for Legged Locomotion Reinforcement Learning},
  author={Chane-Sane, Elliot and Leziart, Pierre-Alexandre and Flayols, Thomas and Stasse, Olivier and Sou{\`e}res, Philippe and Mansard, Nicolas},
  journal={arXiv preprint arXiv:2403.18765},
  year={2024}
}

@article{krimsky2024elastic,
  title={Elastic energy-recycling actuators for efficient robots},
  author={Krimsky, Erez and Collins, Steven H},
  journal={Science Robotics},
  volume={9},
  number={88},
  pages={eadj7246},
  year={2024},
  publisher={American Association for the Advancement of Science}
}

@article{ha2020learning,
  title={Learning to walk in the real world with minimal human effort},
  author={Ha, Sehoon and Xu, Peng and Tan, Zhenyu and Levine, Sergey and Tan, Jie},
  journal={arXiv preprint arXiv:2002.08550},
  year={2020}
}

@article{haarnoja2018learning,
  title={Learning to walk via deep reinforcement learning},
  author={Haarnoja, Tuomas and Ha, Sehoon and Zhou, Aurick and Tan, Jie and Tucker, George and Levine, Sergey},
  journal={arXiv preprint arXiv:1812.11103},
  year={2018}
}

@article{shi2024efficient,
  title={An Efficient Model-Based Approach on Learning Agile Motor Skills without Reinforcement},
  author={Shi, Haojie and Li, Tingguang and Zhu, Qingxu and Sheng, Jiapeng and Han, Lei and Meng, Max Q-H},
  journal={arXiv preprint arXiv:2403.01962},
  year={2024}
}

@article{kaufmann2023champion,
  title={Champion-level drone racing using deep reinforcement learning},
  author={Kaufmann, Elia and Bauersfeld, Leonard and Loquercio, Antonio and M{\"u}ller, Matthias and Koltun, Vladlen and Scaramuzza, Davide},
  journal={Nature},
  volume={620},
  number={7976},
  pages={982--987},
  year={2023},
  publisher={Nature Publishing Group UK London}
}

@inproceedings{abeyruwan2023sim2real,
  title={i-sim2real: Reinforcement learning of robotic policies in tight human-robot interaction loops},
  author={Abeyruwan, Saminda Wishwajith and Graesser, Laura and D’Ambrosio, David B and Singh, Avi and Shankar, Anish and Bewley, Alex and Jain, Deepali and Choromanski, Krzysztof Marcin and Sanketi, Pannag R},
  booktitle={Conference on Robot Learning},
  pages={212--224},
  year={2023},
  organization={PMLR}
}

@article{he2024agile,
  title={Agile but safe: Learning collision-free high-speed legged locomotion},
  author={He, Tairan and Zhang, Chong and Xiao, Wenli and He, Guanqi and Liu, Changliu and Shi, Guanya},
  journal={arXiv preprint arXiv:2401.17583},
  year={2024}
}

@article{wolczyk2024fine,
  title={Fine-tuning Reinforcement Learning Models is Secretly a Forgetting Mitigation Problem},
  author={Wo\'lczyk, Maciej and Cupi\'al, Bart\'lomiej and Ostaszewski, Mateusz and Bortkiewicz, Micha\'l and Zaj\'ac, Micha\'l and Pascanu, Razvan and Kuci\'nski, \'Lukasz and Mi\'lo\'s, Piotr},
  journal={arXiv preprint arXiv:2402.02868},
  year={2024}
}

@article{schmitt2018kickstarting,
  title={Kickstarting deep reinforcement learning},
  author={Schmitt, Simon and Hudson, Jonathan J and Zidek, Augustin and Osindero, Simon and Doersch, Carl and Czarnecki, Wojciech M and Leibo, Joel Z and Kuttler, Heinrich and Zisserman, Andrew and Simonyan, Karen and others},
  journal={arXiv preprint arXiv:1803.03835},
  year={2018}
}

@article{sener2018multi,
  title={Multi-task learning as multi-objective optimization},
  author={Sener, Ozan and Koltun, Vladlen},
  journal={Advances in neural information processing systems},
  volume={31},
  year={2018}
}

@article{gunantara2018review,
  title={A review of multi-objective optimization: Methods and its applications},
  author={Gunantara, Nyoman},
  journal={Cogent Engineering},
  volume={5},
  number={1},
  pages={1502242},
  year={2018},
  publisher={Taylor \& Francis}
}

@inproceedings{nikishin2022primacy,
  title={The primacy bias in deep reinforcement learning},
  author={Nikishin, Evgenii and Schwarzer, Max and D’Oro, Pierluca and Bacon, Pierre-Luc and Courville, Aaron},
  booktitle={International conference on machine learning},
  pages={16828--16847},
  year={2022},
  organization={PMLR}
}

@inproceedings{schwarzer2023bigger,
  title={Bigger, better, faster: Human-level atari with human-level efficiency},
  author={Schwarzer, Max and Ceron, Johan Samir Obando and Courville, Aaron and Bellemare, Marc G and Agarwal, Rishabh and Castro, Pablo Samuel},
  booktitle={International Conference on Machine Learning},
  pages={30365--30380},
  year={2023},
  organization={PMLR}
}

@inproceedings{heiden2021neuralsim,
  title={NeuralSim: Augmenting differentiable simulators with neural networks},
  author={Heiden, Eric and Millard, David and Coumans, Erwin and Sheng, Yizhou and Sukhatme, Gaurav S},
  booktitle={2021 IEEE International Conference on Robotics and Automation (ICRA)},
  pages={9474--9481},
  year={2021},
  organization={IEEE}
}

@inproceedings{heiden2022inferring,
  title={Inferring articulated rigid body dynamics from rgbd video},
  author={Heiden, Eric and Liu, Ziang and Vineet, Vibhav and Coumans, Erwin and Sukhatme, Gaurav S},
  booktitle={2022 IEEE/RSJ International Conference on Intelligent Robots and Systems (IROS)},
  pages={8383--8390},
  year={2022},
  organization={IEEE}
}

@inproceedings{qiao2021efficient,
  title={Efficient differentiable simulation of articulated bodies},
  author={Qiao, Yi-Ling and Liang, Junbang and Koltun, Vladlen and Lin, Ming C},
  booktitle={International Conference on Machine Learning},
  pages={8661--8671},
  year={2021},
  organization={PMLR}
}

@article{hiraoka2021dropout,
  title={Dropout q-functions for doubly efficient reinforcement learning},
  author={Hiraoka, Takuya and Imagawa, Takahisa and Hashimoto, Taisei and Onishi, Takashi and Tsuruoka, Yoshimasa},
  journal={arXiv preprint arXiv:2110.02034},
  year={2021}
}

@inproceedings{shao2020controlvae,
  title={Controlvae: Controllable variational autoencoder},
  author={Shao, Huajie and Yao, Shuochao and Sun, Dachun and Zhang, Aston and Liu, Shengzhong and Liu, Dongxin and Wang, Jun and Abdelzaher, Tarek},
  booktitle={International conference on machine learning},
  pages={8655--8664},
  year={2020},
  organization={PMLR}
}

@inproceedings{sanchez2020learning,
  title={Learning to simulate complex physics with graph networks},
  author={Sanchez-Gonzalez, Alvaro and Godwin, Jonathan and Pfaff, Tobias and Ying, Rex and Leskovec, Jure and Battaglia, Peter},
  booktitle={International conference on machine learning},
  pages={8459--8468},
  year={2020},
  organization={PMLR}
}

@inproceedings{ajay2018augmenting,
  title={Augmenting physical simulators with stochastic neural networks: Case study of planar pushing and bouncing},
  author={Ajay, Anurag and Wu, Jiajun and Fazeli, Nima and Bauza, Maria and Kaelbling, Leslie P and Tenenbaum, Joshua B and Rodriguez, Alberto},
  booktitle={2018 IEEE/RSJ International Conference on Intelligent Robots and Systems (IROS)},
  pages={3066--3073},
  year={2018},
  organization={IEEE}
}

@article{khetarpal2022towards,
  title={Towards continual reinforcement learning: A review and perspectives},
  author={Khetarpal, Khimya and Riemer, Matthew and Rish, Irina and Precup, Doina},
  journal={Journal of Artificial Intelligence Research},
  volume={75},
  pages={1401--1476},
  year={2022}
}

@article{ha2024learning,
  title={Learning-based legged locomotion; state of the art and future perspectives},
  author={Ha, Sehoon and Lee, Joonho and van de Panne, Michiel and Xie, Zhaoming and Yu, Wenhao and Khadiv, Majid},
  journal={arXiv preprint arXiv:2406.01152},
  year={2024}
}

@book{breazeal2004designing,
  title={Designing sociable robots},
  author={Breazeal, Cynthia},
  year={2004},
  publisher={MIT press}
}

@article{wang2018advanced,
  title={Advanced control strategies of induction machine: Field oriented control, direct torque control and model predictive control},
  author={Wang, Fengxiang and Zhang, Zhenbin and Mei, Xuezhu and Rodr{\'\i}guez, Jos{\'e} and Kennel, Ralph},
  journal={energies},
  volume={11},
  number={1},
  pages={120},
  year={2018},
  publisher={MDPI}
}

@article{biswal2021development,
  title={Development of quadruped walking robots: A review},
  author={Biswal, Priyaranjan and Mohanty, Prases K},
  journal={Ain Shams Engineering Journal},
  volume={12},
  number={2},
  pages={2017--2031},
  year={2021},
  publisher={Elsevier}
}

@article{DUFFY2003177,
title = {Anthropomorphism and the social robot},
journal = {Robotics and Autonomous Systems},
volume = {42},
number = {3},
pages = {177-190},
year = {2003},
note = {Socially Interactive Robots},
issn = {0921-8890},
doi = {https://doi.org/10.1016/S0921-8890(02)00374-3},
url = {https://www.sciencedirect.com/science/article/pii/S0921889002003743},
author = {Brian R. Duffy},
keywords = {Anthropomorphism, Social robots, Humanoid, Artificial intelligence, Artificial emotion},
abstract = {This paper discusses the issues pertinent to the development of a meaningful social interaction between robots and people through employing degrees of anthropomorphism in a robot’s physical design and behaviour. As robots enter our social space, we will inherently project/impose our interpretation on their actions similar to the techniques we employ in rationalising, for example, a pet’s behaviour. This propensity to anthropomorphise is not seen as a hindrance to social robot development, but rather a useful mechanism that requires judicious examination and employment in social robot research.}
}

@article{hagele2016industrial,
  title={Industrial robotics},
  author={H{\"a}gele, Martin and Nilsson, Klas and Pires, J Norberto and Bischoff, Rainer},
  journal={Springer handbook of robotics},
  pages={1385--1422},
  year={2016},
  publisher={Springer}
}

% LSTM
@article{hochreiter1997long,
  title={Long short-term memory},
  author={Hochreiter, Sepp and Schmidhuber, J{\"u}rgen},
  journal={Neural computation},
  volume={9},
  number={8},
  pages={1735--1780},
  year={1997},
  publisher={MIT Press}
}

% PPO
@article{schulman2017proximal,
  title={Proximal policy optimization algorithms},
  author={Schulman, John and Wolski, Filip and Dhariwal, Prafulla and Radford, Alec and Klimov, Oleg},
  journal={arXiv preprint arXiv:1707.06347},
  year={2017}
}

@article{naik2024reward,
  title={Reward Centering},
  author={Naik, Abhishek and Wan, Yi and Tomar, Manan and Sutton, Richard S},
  journal={arXiv preprint arXiv:2405.09999},
  year={2024}
}

@article{kundur2007power,
  title={Power system stability},
  author={Kundur, Prabha},
  journal={Power system stability and control},
  volume={10},
  pages={7--1},
  year={2007},
  publisher={CRC Press New York}
}

@inproceedings{mellor2009computationally,
  title={A computationally efficient iron loss model for brushless AC machines that caters for rated flux and field weakened operation},
  author={Mellor, PH and Wrobel, Rafal and Holliday, Derrick},
  booktitle={2009 IEEE International Electric Machines and Drives Conference},
  pages={490--494},
  year={2009},
  organization={IEEE}
}

% webpage of go1 motor
% https://www.unitree.com/go1motor/
@misc{unitreego1motor,
  title = {Unitree Go1 Motor},
  howpublished = {\url{https://www.unitree.com/go1motor/}},
}
%--
%EOF
