@inproceedings{foo2022papr,
  title={Papr Readr Bot: A Conversational Agent to Read Research Papers},
  author={Foo, Michelle Xiao-Lin and Della Libera, Luca and Aslan, Ilhan},
  booktitle={Proceedings of the 4th Conference on Conversational User Interfaces},
  pages={1--4},
  year={2022}
}

@article{gao2023retrieval,
  title={Retrieval-augmented generation for large language models: A survey},
  author={Gao, Yunfan and Xiong, Yun and Gao, Xinyu and Jia, Kangxiang and Pan, Jinliu and Bi, Yuxi and Dai, Yi and Sun, Jiawei and Wang, Haofen},
  journal={arXiv preprint arXiv:2312.10997},
  year={2023}
}

@inproceedings{head2021augmenting,
  title={Augmenting scientific papers with just-in-time, position-sensitive definitions of terms and symbols},
  author={Head, Andrew and Lo, Kyle and Kang, Dongyeop and Fok, Raymond and Skjonsberg, Sam and Weld, Daniel S and Hearst, Marti A},
  booktitle={Proceedings of the 2021 CHI Conference on Human Factors in Computing Systems},
  pages={1--18},
  year={2021}
}

@article{jiang2024bridging,
  title={Bridging Research and Readers: A Multi-Modal Automated Academic Papers Interpretation System},
  author={Jiang, Feng and Wang, Kuang and Li, Haizhou},
  journal={arXiv preprint arXiv:2401.09150},
  year={2024}
}

@article{lala2023paperqa,
  title={Paperqa: Retrieval-augmented generative agent for scientific research},
  author={L{\'a}la, Jakub and O'Donoghue, Odhran and Shtedritski, Aleksandar and Cox, Sam and Rodriques, Samuel G and White, Andrew D},
  journal={arXiv preprint arXiv:2312.07559},
  year={2023}
}

@article{lo2023semantic,
  title={The semantic reader project: Augmenting scholarly documents through ai-powered interactive reading interfaces},
  author={Lo, Kyle and Chang, Joseph Chee and Head, Andrew and Bragg, Jonathan and Zhang, Amy X and Trier, Cassidy and Anastasiades, Chloe and August, Tal and Authur, Russell and Bragg, Danielle and others},
  journal={arXiv preprint arXiv:2303.14334},
  year={2023}
}

@inproceedings{rachatasumrit2022citeread,
  title={Citeread: Integrating localized citation contexts into scientific paper reading},
  author={Rachatasumrit, Napol and Bragg, Jonathan and Zhang, Amy X and Weld, Daniel S},
  booktitle={27th International Conference on Intelligent User Interfaces},
  pages={707--719},
  year={2022}
}

@article{sun2024harnessing,
  title={Harnessing Multi-Role Capabilities of Large Language Models for Open-Domain Question Answering},
  author={Sun, Hongda and Liu, Yuxuan and Wu, Chengwei and Yan, Haiyu and Tai, Cheng and Gao, Xin and Shang, Shuo and Yan, Rui},
  journal={arXiv preprint arXiv:2403.05217},
  year={2024}
}

@article{zhang2024raft,
  title={RAFT: Adapting Language Model to Domain Specific RAG},
  author={Zhang, Tianjun and Patil, Shishir G and Jain, Naman and Shen, Sheng and Zaharia, Matei and Stoica, Ion and Gonzalez, Joseph E},
  journal={arXiv preprint arXiv:2403.10131},
  year={2024}
}

