% Use this file for citations not found in the ACL Anthology (contained in "anthology.bib").

@book{Aho:72,
    author  = {Alfred V. Aho and Jeffrey D. Ullman},
    title   = {The Theory of Parsing, Translation and Compiling},
    year    = "1972",
    volume  = "1",
    publisher = {Prentice-Hall},
    address = {Englewood Cliffs, NJ}
}

@book{APA:83,
    author  = {{American Psychological Association}},
    title   = {Publications Manual},
    year    = "1983",
    publisher = {American Psychological Association},
    address = {Washington, DC}
}

@article{Chandra:81,
	author = {Ashok K. Chandra and Dexter C. Kozen and Larry J. Stockmeyer},
	year = "1981",
	title = {Alternation},
	journal = {Journal of the Association for Computing Machinery},
	volume = "28",
	number = "1",
	pages = "114--133",
	doi = "10.1145/322234.322243",
}

@inproceedings{andrew2007scalable,
  title={Scalable training of {L1}-regularized log-linear models},
  author={Andrew, Galen and Gao, Jianfeng},
  booktitle={Proceedings of the 24th International Conference on Machine Learning},
  pages={33--40},
  year={2007},
}

@article{Rackauckas2024,
   title={Rag-Fusion: A New Take on Retrieval Augmented Generation},
   volume={13},
   ISSN={2319-4111},
   url={http://dx.doi.org/10.5121/ijnlc.2024.13103},
   DOI={10.5121/ijnlc.2024.13103},
   number={1},
   journal={International Journal on Natural Language Computing},
   publisher={Academy and Industry Research Collaboration Center (AIRCC)},
   author={Rackauckas, Zackary},
   year={2024},
   month=feb, pages={37–47} }

@book{Gusfield:97,
    author  = {Dan Gusfield},
    title   = {Algorithms on Strings, Trees and Sequences},
    year    = "1997",
    publisher = {Cambridge University Press},
    address = {Cambridge, UK}
}

@article{rasooli-tetrault-2015,
    author    = {Mohammad Sadegh Rasooli and Joel R. Tetreault},
    title     = {Yara Parser: {A} Fast and Accurate Dependency Parser},
    journal   = {Computing Research Repository},
    volume    = {arXiv:1503.06733},
    year      = {2015},
    url       = {http://arxiv.org/abs/1503.06733},
    note    = {version 2}
}

@article{Ando2005,
	Acmid = {1194905},
	Author = {Ando, Rie Kubota and Zhang, Tong},
	Issn = {1532-4435},
	Issue_Date = {12/1/2005},
	Journal = {Journal of Machine Learning Research},
	Month = dec,
	Numpages = {37},
	Pages = {1817--1853},
	Publisher = {JMLR.org},
	Title = {A Framework for Learning Predictive Structures from Multiple Tasks and Unlabeled Data},
	Volume = {6},
	Year = {2005}
}


@article{petroni2019language,
  title={Language models as knowledge bases?},
  author={Petroni, Fabio and Rockt{\"a}schel, Tim and Lewis, Patrick and Bakhtin, Anton and Wu, Yuxiang and Miller, Alexander H and Riedel, Sebastian},
  journal={arXiv preprint arXiv:1909.01066},
  year={2019}
}

@article{marcus2020next,
  title={The next decade in AI: four steps towards robust artificial intelligence},
  author={Marcus, Gary},
  journal={arXiv preprint arXiv:2002.06177},
  year={2020}
}
@inproceedings{guu2020retrieval,
  title={Retrieval augmented language model pre-training},
  author={Guu, Kelvin and Lee, Kenton and Tung, Zora and Pasupat, Panupong and Chang, Mingwei},
  booktitle={International conference on machine learning},
  pages={3929--3938},
  year={2020},
  organization={PMLR}
}

@article{karpukhin2020dense,
  title={Dense passage retrieval for open-domain question answering},
  author={Karpukhin, Vladimir and O{\u{g}}uz, Barlas and Min, Sewon and Lewis, Patrick and Wu, Ledell and Edunov, Sergey and Chen, Danqi and Yih, Wen-tau},
  journal={arXiv preprint arXiv:2004.04906},
  year={2020}
}

@article{petroni2020context,
  title={How context affects language models' factual predictions},
  author={Petroni, Fabio and Lewis, Patrick and Piktus, Aleksandra and Rockt{\"a}schel, Tim and Wu, Yuxiang and Miller, Alexander H and Riedel, Sebastian},
  journal={arXiv preprint arXiv:2005.04611},
  year={2020}
}

@article{lee2019latent,
  title={Latent retrieval for weakly supervised open domain question answering},
  author={Lee, Kenton and Chang, Ming-Wei and Toutanova, Kristina},
  journal={arXiv preprint arXiv:1906.00300},
  year={2019}
}

@article{Rackauckas_2024,
   title={Rag-Fusion: A New Take on Retrieval Augmented Generation},
   volume={13},
   ISSN={2319-4111},
   url={http://dx.doi.org/10.5121/ijnlc.2024.13103},
   DOI={10.5121/ijnlc.2024.13103},
   number={1},
   journal={International Journal on Natural Language Computing},
   publisher={Academy and Industry Research Collaboration Center (AIRCC)},
   author={Rackauckas, Zackary},
   year={2024},
   month=feb, pages={37–47} }


@article{lewis2020retrieval,
  title={Retrieval-augmented generation for knowledge-intensive nlp tasks},
  author={Lewis, Patrick and Perez, Ethan and Piktus, Aleksandra and Petroni, Fabio and Karpukhin, Vladimir and Goyal, Naman and K{\"u}ttler, Heinrich and Lewis, Mike and Yih, Wen-tau and Rockt{\"a}schel, Tim and others},
  journal={Advances in Neural Information Processing Systems},
  volume={33},
  pages={9459--9474},
  year={2020}
}

@article{gao2023retrieval,
  title={Retrieval-augmented generation for large language models: A survey},
  author={Gao, Yunfan and Xiong, Yun and Gao, Xinyu and Jia, Kangxiang and Pan, Jinliu and Bi, Yuxi and Dai, Yi and Sun, Jiawei and Wang, Haofen},
  journal={arXiv preprint arXiv:2312.10997},
  year={2023}
}

@article{sun2024harnessing,
  title={Harnessing Multi-Role Capabilities of Large Language Models for Open-Domain Question Answering},
  author={Sun, Hongda and Liu, Yuxuan and Wu, Chengwei and Yan, Haiyu and Tai, Cheng and Gao, Xin and Shang, Shuo and Yan, Rui},
  journal={arXiv preprint arXiv:2403.05217},
  year={2024}
}

@article{li2024enhancing,
  title={Enhancing LLM Factual Accuracy with RAG to Counter Hallucinations: A Case Study on Domain-Specific Queries in Private Knowledge-Bases},
  author={Li, Jiarui and Yuan, Ye and Zhang, Zehua},
  journal={arXiv preprint arXiv:2403.10446},
  year={2024}
}

@article{lala2023paperqa,
  title={Paperqa: Retrieval-augmented generative agent for scientific research},
  author={L{\'a}la, Jakub and O'Donoghue, Odhran and Shtedritski, Aleksandar and Cox, Sam and Rodriques, Samuel G and White, Andrew D},
  journal={arXiv preprint arXiv:2312.07559},
  year={2023}
}

@article{raheja2023coedit,
  title={Coedit: Text editing by task-specific instruction tuning},
  author={Raheja, Vipul and Kumar, Dhruv and Koo, Ryan and Kang, Dongyeop},
  journal={arXiv preprint arXiv:2305.09857},
  year={2023}
}

@article{martin2024shallow,
  title={Shallow Synthesis of Knowledge in GPT-Generated Texts: A Case Study in Automatic Related Work Composition},
  author={Martin-Boyle, Anna and Tyagi, Aahan and Hearst, Marti A and Kang, Dongyeop},
  journal={arXiv preprint arXiv:2402.12255},
  year={2024}
}

@article{jiang2024bridging,
  title={Bridging Research and Readers: A Multi-Modal Automated Academic Papers Interpretation System},
  author={Jiang, Feng and Wang, Kuang and Li, Haizhou},
  journal={arXiv preprint arXiv:2401.09150},
  year={2024}
}

@article{zhang2024raft,
  title={RAFT: Adapting Language Model to Domain Specific RAG},
  author={Zhang, Tianjun and Patil, Shishir G and Jain, Naman and Shen, Sheng and Zaharia, Matei and Stoica, Ion and Gonzalez, Joseph E},
  journal={arXiv preprint arXiv:2403.10131},
  year={2024}
}

@article{lo2023semantic,
  title={The semantic reader project: Augmenting scholarly documents through ai-powered interactive reading interfaces},
  author={Lo, Kyle and Chang, Joseph Chee and Head, Andrew and Bragg, Jonathan and Zhang, Amy X and Trier, Cassidy and Anastasiades, Chloe and August, Tal and Authur, Russell and Bragg, Danielle and others},
  journal={arXiv preprint arXiv:2303.14334},
  year={2023}
}

@inproceedings{rachatasumrit2022citeread,
  title={Citeread: Integrating localized citation contexts into scientific paper reading},
  author={Rachatasumrit, Napol and Bragg, Jonathan and Zhang, Amy X and Weld, Daniel S},
  booktitle={27th International Conference on Intelligent User Interfaces},
  pages={707--719},
  year={2022}
}

@inproceedings{foo2022papr,
  title={Papr Readr Bot: A Conversational Agent to Read Research Papers},
  author={Foo, Michelle Xiao-Lin and Della Libera, Luca and Aslan, Ilhan},
  booktitle={Proceedings of the 4th Conference on Conversational User Interfaces},
  pages={1--4},
  year={2022}
}

@inproceedings{head2021augmenting,
  title={Augmenting scientific papers with just-in-time, position-sensitive definitions of terms and symbols},
  author={Head, Andrew and Lo, Kyle and Kang, Dongyeop and Fok, Raymond and Skjonsberg, Sam and Weld, Daniel S and Hearst, Marti A},
  booktitle={Proceedings of the 2021 CHI Conference on Human Factors in Computing Systems},
  pages={1--18},
  year={2021}
}

@misc{arxiv_org_submitters_2024,
	title={arXiv Dataset},
	url={https://www.kaggle.com/dsv/7548853},
	DOI={10.34740/KAGGLE/DSV/7548853},
	publisher={Kaggle},
	author={arXiv.org submitters},
	year={2024}
}