@article{elkhodr2023ict,
  title={ICT students’ perceptions towards ChatGPT: An experimental reflective lab analysis},
  author={Elkhodr, Mahmoud and Gide, Ergun and Wu, Robert and Darwish, Omar},
  journal={STEM Education},
  volume={3},
  number={2},
  pages={70--88},
  year={2023},
  publisher={American Institute of Mathematical Sciences (AIMS)}
}

@article{almarzouqi2024ethical,
  title={Ethical Implications of Using ChatGPT in Educational Environments: A Comprehensive Review},
  author={Almarzouqi, Amina and Aburayya, Ahmad and Alfaisal, Raghad and Elbadawi, Mohamed Ahmad and Salloum, Said A},
  journal={Artificial Intelligence in Education: The Power and Dangers of ChatGPT in the Classroom},
  pages={185--199},
  year={2024},
  publisher={Springer}
}
@article{rivera2024exploring,
  title={Exploring the potential of ChatGPT to create multiple-choice question exams},
  author={Rivera-Rosas, Cristian N and Calleja-L{\'o}pez, JR Tadeo and Ruibal-Tavares, Enrique and Villanueva-Neri, Arturo and Flores-Felix, Cinthya M and Trujillo-L{\'o}pez, Sergio},
  journal={Educaci{\'o}n M{\'e}dica},
  volume={25},
  number={4},
  pages={100930},
  year={2024},
  publisher={Elsevier}
}

@article{bucaioni2024programming,
  title={Programming with ChatGPT: How far can we go?},
  author={Bucaioni, Alessio and Ekedahl, Hampus and Helander, Vilma and Nguyen, Phuong T},
  journal={Machine Learning with Applications},
  volume={15},
  pages={100526},
  year={2024},
  publisher={Elsevier}
}
@article{lee2024empowering,
  title={Empowering ChatGPT with guidance mechanism in blended learning: effect of self-regulated learning, higher-order thinking skills, and knowledge construction},
  author={Lee, Hsin-Yu and Chen, Pei-Hua and Wang, Wei-Sheng and Huang, Yueh-Min and Wu, Ting-Ting},
  journal={International Journal of Educational Technology in Higher Education},
  volume={21},
  number={1},
  pages={16},
  year={2024},
  publisher={Springer}
}
@article{jayasinghe2024promoting,
  title={Promoting active learning with ChatGPT: A constructivist approach in Sri Lankan higher education},
  author={Jayasinghe, Shan},
  journal={Journal of Applied Learning and Teaching},
  volume={7},
  number={2},
  year={2024},
  publisher={Kaplan Singapore}
}
@article{wu2024promoting,
  title={Promoting self-regulation progress and knowledge construction in blended learning via ChatGPT-based learning aid},
  author={Wu, Ting-Ting and Lee, Hsin-Yu and Li, Pin-Hui and Huang, Chia-Nan and Huang, Yueh-Min},
  journal={Journal of Educational Computing Research},
  volume={61},
  number={8},
  pages={3--31},
  year={2024},
  publisher={SAGE Publications Sage CA: Los Angeles, CA}
}
@article{sandu2024role,
  title={The role and impact of ChatGPT in educational practices: insights from an Australian higher education case study},
  author={Sandu, Raj and Gide, Ergun and Elkhodr, Mahmoud},
  journal={Discover Education},
  volume={3},
  number={1},
  pages={71},
  year={2024},
  publisher={Springer}
}
@article{rasul2023role,
  title={The role of ChatGPT in higher education: Benefits, challenges, and future research directions},
  author={Rasul, Tareq and Nair, Sumesh and Kalendra, Diane and Robin, Mulyadi and de Oliveira Santini, Fernando and Ladeira, Wagner Junior and Sun, Mingwei and Day, Ingrid and Rather, Raouf Ahmad and Heathcote, Liz},
  journal={Journal of Applied Learning and Teaching},
  volume={6},
  number={1},
  pages={41--56},
  year={2023}
}
@article{cubillos2025generative,
  title={Generative Artificial Intelligence in Computer Programming: Does it enhance learning, motivation, and the learning environment?},
  author={Cubillos, Claudio and Mellado, Rafael and Cabrera-Paniagua, Daniel and Urra, Enrique},
  journal={IEEE Access},
  year={2025},
  publisher={IEEE}
}
@article{marsa2013design,
  title={Design and evaluation of a learning environment to effectively provide network security skills},
  author={Marsa-Maestre, Ivan and De La Hoz, Enrique and Gimenez-Guzman, Jose Manuel and Lopez-Carmona, Miguel A},
  journal={Computers \& Education},
  volume={69},
  pages={225--236},
  year={2013},
  publisher={Elsevier}
}
@incollection{anandita2023role,
  title={Role of AI and its impact on the development of cyber security applications},
  author={Anandita Iyer, A and Umadevi, KS},
  booktitle={Artificial Intelligence and Cyber Security in Industry 4.0},
  pages={23--46},
  year={2023},
  publisher={Springer}
}
@article{shchavinsky2023application,
  title={Application of artificial intelligence for improving situational training of cybersecurity specialists},
  author={Shchavinsky, Yurii V and Muzhanova, Tetiana M and Yakymenko, Yuriy M and Zaporozhchenko, Mykhailo M},
  journal={Information Technologies and Learning Tools},
  volume={97},
  number={5},
  pages={215},
  year={2023},
  publisher={Institute for Digitalisation of Education of the National Academy of~…}
}

@article{zhai2024effects,
  title={The effects of over-reliance on AI dialogue systems on students' cognitive abilities: a systematic review},
  author={Zhai, Chunpeng and Wibowo, Santoso and Li, Lily D},
  journal={Smart Learning Environments},
  volume={11},
  number={1},
  pages={28},
  year={2024},
  publisher={Springer}
}
@article{anderson2024case,
  title={Case-Based Learning for Cybersecurity Leaders: A Systematic Review and Research Agenda},
  author={Anderson, Ashley and Ahmad, Atif and Chang, Shanton},
  journal={Information \& Management},
  pages={104015},
  year={2024},
  publisher={Elsevier}
}
@article{alnajim2023exploring,
  title={Exploring cybersecurity education and training techniques: a comprehensive review of traditional, virtual reality, and augmented reality approaches},
  author={Alnajim, Abdullah M and Habib, Shabana and Islam, Muhammad and AlRawashdeh, Hazim Saleh and Wasim, Muhammad},
  journal={Symmetry},
  volume={15},
  number={12},
  pages={2175},
  year={2023},
  publisher={MDPI}
}
@article{nowduri2018critical,
  title={Critical Thinking Skills and Best Practices for Cyber Security.},
  author={Nowduri, Srinivas},
  journal={International Journal of Cyber-Security and Digital Forensics},
  volume={7},
  number={4},
  pages={391--410},
  year={2018},
  publisher={The Society of Digital Information and Wireless Communications}
}
@inproceedings{crabb2024critical,
  title={A Critical Review of Cybersecurity Education in the United States},
  author={Crabb, James and Hundhausen, Christopher and Gebremedhin, Assefaw},
  booktitle={Proceedings of the 55th ACM Technical Symposium on Computer Science Education V. 1},
  pages={241--247},
  year={2024}
}
@article{hajny2021framework,
  title={Framework, tools and good practices for cybersecurity curricula},
  author={Hajny, Jan and Ricci, Sara and Piesarskas, Edmundas and Levillain, Olivier and Galletta, Letterio and De Nicola, Rocco},
  journal={IEEE Access},
  volume={9},
  pages={94723--94747},
  year={2021},
  publisher={IEEE}
}
@article{olsen1999constructivist,
  title={Constructivist Principles of Learning and Teaching Methods.},
  author={Olsen, Dwayne G},
  journal={Education},
  volume={120},
  number={2},
  year={1999}
}
@article{chandio2016bloom,
  title={Bloom's Taxonomy: Improving Assessment and Teaching-Learning Process.},
  author={Chandio, Muhammad Tufail and Pandhiani, Saima Murtaza and Iqbal, Rabia},
  journal={Journal of education and educational development},
  volume={3},
  number={2},
  pages={203--221},
  year={2016},
  publisher={ERIC}
}
@article{binti2018situated,
  title={Situated learning theory: the key to effective classroom teaching?},
  author={binti Pengiran, Pengiran Hajah Siti Norainna and Besar, Haji},
  journal={HONAI},
  volume={1},
  number={1},
  year={2018}
}
@article{singh2021review,
  title={A Review on NIST, ISO 27001, HIPAA and MITRE ATT\&CK Cybersecurity Frameworks},
  author={Singh, Gurinder Pal and Bharti, Vishal and Hooda, Manish Kumar},
  journal={Webology (ISSN: 1735-188X)},
  volume={18},
  number={6},
  year={2021}
}
@INPROCEEDINGS{10837608,
  author={Wangsa, Ketmanto and Sandu, Raj and Karim, Shakir and Elkhodr, Mahmoud and Gide, Ergun},
  booktitle={2024 21st International Conference on Information Technology Based Higher Education and Training (ITHET)}, 
  title={A Systematic Review and Analysis on the Potentials and Challenges of GenAI Chatbots in Higher Education}, 
  year={2024},
  volume={},
  number={},
  pages={1-7},
  keywords={Training;Ethics;Privacy;Generative AI;Plagiarism;Education;Chatbots;Real-time systems;Artificial intelligence;Systematic literature review;Artificial Intelligence;Generative AI;PRISMA;Learning and Teaching;Higher Education},
  doi={10.1109/ITHET61869.2024.10837608}}
@INPROCEEDINGS{10837679,
  author={Ranasinghe, Harshani and Gide, Ergun and ElKhodr, Mahmoud},
  booktitle={2024 21st International Conference on Information Technology Based Higher Education and Training (ITHET)}, 
  title={The Significance of GenAI Empowered ERP Systems Course Teaching in Quality Education}, 
  year={2024},
  volume={},
  number={},
  pages={1-7},
  keywords={Training;Industries;Generative AI;Decision making;Customer satisfaction;Curriculum development;Organizations;Enterprise resource planning;Information technology;ERP systems;GenAI;Higher Education;Systematic review;Job market;Quality},
  doi={10.1109/ITHET61869.2024.10837679}}

@INPROCEEDINGS{10837597,
  author={Gusman, Elvina and Gide, Ergun and El Khodr, Mahmoud and Chaudhry, Ghulam},
  booktitle={2024 21st International Conference on Information Technology Based Higher Education and Training (ITHET)}, 
  title={The Benefits and Challenges of Using Artificial Intelligence in Teaching English as a Foreign Language in Higher Education}, 
  year={2024},
  volume={},
  number={},
  pages={1-7},
  keywords={Training;Ethics;Translation;Social networking (online);Education;Virtual environments;Machine learning;Chatbots;Artificial intelligence;Systematic literature review;artificial intelligence;GenAl;benefits;challenges;teaching English;higher education},
  doi={10.1109/ITHET61869.2024.10837597}}

