@INPROCEEDINGS{10837597,
  author={Gusman, Elvina and Gide, Ergun and El Khodr, Mahmoud and Chaudhry, Ghulam},
  booktitle={2024 21st International Conference on Information Technology Based Higher Education and Training (ITHET)}, 
  title={The Benefits and Challenges of Using Artificial Intelligence in Teaching English as a Foreign Language in Higher Education}, 
  year={2024},
  volume={},
  number={},
  pages={1-7},
  keywords={Training;Ethics;Translation;Social networking (online);Education;Virtual environments;Machine learning;Chatbots;Artificial intelligence;Systematic literature review;artificial intelligence;GenAl;benefits;challenges;teaching English;higher education},
  doi={10.1109/ITHET61869.2024.10837597}}

@INPROCEEDINGS{10837608,
  author={Wangsa, Ketmanto and Sandu, Raj and Karim, Shakir and Elkhodr, Mahmoud and Gide, Ergun},
  booktitle={2024 21st International Conference on Information Technology Based Higher Education and Training (ITHET)}, 
  title={A Systematic Review and Analysis on the Potentials and Challenges of GenAI Chatbots in Higher Education}, 
  year={2024},
  volume={},
  number={},
  pages={1-7},
  keywords={Training;Ethics;Privacy;Generative AI;Plagiarism;Education;Chatbots;Real-time systems;Artificial intelligence;Systematic literature review;Artificial Intelligence;Generative AI;PRISMA;Learning and Teaching;Higher Education},
  doi={10.1109/ITHET61869.2024.10837608}}

@INPROCEEDINGS{10837679,
  author={Ranasinghe, Harshani and Gide, Ergun and ElKhodr, Mahmoud},
  booktitle={2024 21st International Conference on Information Technology Based Higher Education and Training (ITHET)}, 
  title={The Significance of GenAI Empowered ERP Systems Course Teaching in Quality Education}, 
  year={2024},
  volume={},
  number={},
  pages={1-7},
  keywords={Training;Industries;Generative AI;Decision making;Customer satisfaction;Curriculum development;Organizations;Enterprise resource planning;Information technology;ERP systems;GenAI;Higher Education;Systematic review;Job market;Quality},
  doi={10.1109/ITHET61869.2024.10837679}}

@article{alnajim2023exploring,
  title={Exploring cybersecurity education and training techniques: a comprehensive review of traditional, virtual reality, and augmented reality approaches},
  author={Alnajim, Abdullah M and Habib, Shabana and Islam, Muhammad and AlRawashdeh, Hazim Saleh and Wasim, Muhammad},
  journal={Symmetry},
  volume={15},
  number={12},
  pages={2175},
  year={2023},
  publisher={MDPI}
}

@incollection{anandita2023role,
  title={Role of AI and its impact on the development of cyber security applications},
  author={Anandita Iyer, A and Umadevi, KS},
  booktitle={Artificial Intelligence and Cyber Security in Industry 4.0},
  pages={23--46},
  year={2023},
  publisher={Springer}
}

@article{anderson2024case,
  title={Case-Based Learning for Cybersecurity Leaders: A Systematic Review and Research Agenda},
  author={Anderson, Ashley and Ahmad, Atif and Chang, Shanton},
  journal={Information \& Management},
  pages={104015},
  year={2024},
  publisher={Elsevier}
}

@inproceedings{crabb2024critical,
  title={A Critical Review of Cybersecurity Education in the United States},
  author={Crabb, James and Hundhausen, Christopher and Gebremedhin, Assefaw},
  booktitle={Proceedings of the 55th ACM Technical Symposium on Computer Science Education V. 1},
  pages={241--247},
  year={2024}
}

@article{cubillos2025generative,
  title={Generative Artificial Intelligence in Computer Programming: Does it enhance learning, motivation, and the learning environment?},
  author={Cubillos, Claudio and Mellado, Rafael and Cabrera-Paniagua, Daniel and Urra, Enrique},
  journal={IEEE Access},
  year={2025},
  publisher={IEEE}
}

@article{hajny2021framework,
  title={Framework, tools and good practices for cybersecurity curricula},
  author={Hajny, Jan and Ricci, Sara and Piesarskas, Edmundas and Levillain, Olivier and Galletta, Letterio and De Nicola, Rocco},
  journal={IEEE Access},
  volume={9},
  pages={94723--94747},
  year={2021},
  publisher={IEEE}
}

@article{marsa2013design,
  title={Design and evaluation of a learning environment to effectively provide network security skills},
  author={Marsa-Maestre, Ivan and De La Hoz, Enrique and Gimenez-Guzman, Jose Manuel and Lopez-Carmona, Miguel A},
  journal={Computers \& Education},
  volume={69},
  pages={225--236},
  year={2013},
  publisher={Elsevier}
}

@article{nowduri2018critical,
  title={Critical Thinking Skills and Best Practices for Cyber Security.},
  author={Nowduri, Srinivas},
  journal={International Journal of Cyber-Security and Digital Forensics},
  volume={7},
  number={4},
  pages={391--410},
  year={2018},
  publisher={The Society of Digital Information and Wireless Communications}
}

@article{rasul2023role,
  title={The role of ChatGPT in higher education: Benefits, challenges, and future research directions},
  author={Rasul, Tareq and Nair, Sumesh and Kalendra, Diane and Robin, Mulyadi and de Oliveira Santini, Fernando and Ladeira, Wagner Junior and Sun, Mingwei and Day, Ingrid and Rather, Raouf Ahmad and Heathcote, Liz},
  journal={Journal of Applied Learning and Teaching},
  volume={6},
  number={1},
  pages={41--56},
  year={2023}
}

@article{sandu2024role,
  title={The role and impact of ChatGPT in educational practices: insights from an Australian higher education case study},
  author={Sandu, Raj and Gide, Ergun and Elkhodr, Mahmoud},
  journal={Discover Education},
  volume={3},
  number={1},
  pages={71},
  year={2024},
  publisher={Springer}
}

@article{shchavinsky2023application,
  title={Application of artificial intelligence for improving situational training of cybersecurity specialists},
  author={Shchavinsky, Yurii V and Muzhanova, Tetiana M and Yakymenko, Yuriy M and Zaporozhchenko, Mykhailo M},
  journal={Information Technologies and Learning Tools},
  volume={97},
  number={5},
  pages={215},
  year={2023},
  publisher={Institute for Digitalisation of Education of the National Academy of~â€¦}
}

@article{zhai2024effects,
  title={The effects of over-reliance on AI dialogue systems on students' cognitive abilities: a systematic review},
  author={Zhai, Chunpeng and Wibowo, Santoso and Li, Lily D},
  journal={Smart Learning Environments},
  volume={11},
  number={1},
  pages={28},
  year={2024},
  publisher={Springer}
}

