@inproceedings{barbiero2023interpretable,
	title={Interpretable neural-symbolic concept reasoning},
	author={Barbiero, Pietro and Ciravegna, Gabriele and Giannini, Francesco and Zarlenga, Mateo Espinosa and Magister, Lucie Charlotte and Tonda, Alberto and Li{\'o}, Pietro and Precioso, Frederic and Jamnik, Mateja and Marra, Giuseppe},
	booktitle={International Conference on Machine Learning},
	pages={1801--1825},
	year={2023},
	organization={PMLR}
}

@article{bengio2013estimating,
	title={Estimating or propagating gradients through stochastic neurons for conditional computation},
	author={Bengio, Yoshua and L{\'e}onard, Nicholas and Courville, Aaron},
	journal={arXiv preprint arXiv:1308.3432},
	year={2013}
}

@article{courbariaux2015binaryconnect,
	title={Binaryconnect: Training deep neural networks with binary weights during propagations},
	author={Courbariaux, Matthieu and Bengio, Yoshua and David, Jean-Pierre},
	journal={Advances in neural information processing systems},
	volume={28},
	year={2015}
}

@article{jang2016categorical,
	title={Categorical reparameterization with gumbel-softmax},
	author={Jang, Eric and Gu, Shixiang and Poole, Ben},
	journal={arXiv preprint arXiv:1611.01144},
	year={2016}
}

@article{li2024interpreting,
  title={Interpreting unsupervised anomaly detection in security via rule extraction},
  author={Li, Ruoyu and Li, Qing and Zhang, Yu and Zhao, Dan and Jiang, Yong and Yang, Yong},
  journal={Advances in Neural Information Processing Systems},
  volume={36},
  year={2024}
}

@article{lundberg2020local,
	title={From local explanations to global understanding with explainable AI for trees},
	author={Lundberg, Scott M and Erion, Gabriel and Chen, Hugh and DeGrave, Alex and Prutkin, Jordan M and Nair, Bala and Katz, Ronit and Himmelfarb, Jonathan and Bansal, Nisha and Lee, Su-In},
	journal={Nature machine intelligence},
	volume={2},
	number={1},
	pages={56--67},
	year={2020},
	publisher={Nature Publishing Group}
}

@book{mendel2023explainable,
	title={Explainable Uncertain Rule-Based Fuzzy Systems},
	author={Mendel, Jerry M},
	year={2023},
	publisher={Springer}
}

@inproceedings{petersen2022,
	author = {Petersen, Felix and Borgelt, Christian and Kuehne, Hilde and Deussen, Oliver},
	booktitle = {Advances in Neural Information Processing Systems},
	editor = {S. Koyejo and S. Mohamed and A. Agarwal and D. Belgrave and K. Cho and A. Oh},
	pages = {2006--2018},
	publisher = {Curran Associates, Inc.},
	title = {Deep Differentiable Logic Gate Networks},
	volume = {35},
	year = {2022}
}

@article{rudolph1994convergence,
	title={Convergence analysis of canonical genetic algorithms},
	author={Rudolph, G{\"u}nter},
	journal={IEEE transactions on neural networks},
	volume={5},
	number={1},
	pages={96--101},
	year={1994},
	publisher={IEEE}
}

@inproceedings{vemuri2024enhancing,
	title={Enhancing Concept-based Learning with Logic},
author={Deepika Vemuri and Gautham Bellamkonda and Vineeth N. Balasubramanian},
booktitle={ICML 2024 Workshop on Differentiable Almost Everything: Differentiable Relaxations, Algorithms, Operators, and Simulators},
year={2024}
}

@article{wang2023learning,
	title={Learning interpretable rules for scalable data representation and classification},
	author={Wang, Zhuo and Zhang, Wei and Liu, Ning and Wang, Jianyong},
	journal={IEEE Transactions on Pattern Analysis and Machine Intelligence},
	year={2024},
	publisher={IEEE}
}

@inproceedings{wei2019generalized,
	title={Generalized linear rule models},
	author={Wei, Dennis and Dash, Sanjeeb and Gao, Tian and Gunluk, Oktay},
	booktitle={International conference on machine learning},
	pages={6687--6696},
	year={2019},
	organization={PMLR}
}

@inproceedings{yuan2017improved,
	title={An improved Apriori algorithm for mining association rules},
	author={Yuan, Xiuli},
	booktitle={AIP conference proceedings},
	volume={1820},
	number={1},
	year={2017},
	organization={AIP Publishing}
}

@inproceedings{zhang2023learning,
	title={Learning to binarize continuous features for neuro-rule networks},
	author={Zhang, Wei and Liu, Yongxiang and Wang, Zhuo and Wang, Jianyong},
	booktitle={Proceedings of the Thirty-Second International Joint Conference on Artificial Intelligence},
	pages={4584--4592},
	year={2023}
}

