@book{rockafellar1970convex,
author = {Rockafellar, Ralph Tyrell},
address = {Princeton, N.J},
booktitle = {Convex Analysis},
isbn = {9781400873173},
publisher = {Princeton University Press},
title = {Convex Analysis},
year = {1970},
}

@incollection{blanchet2021statistical,
  title={Statistical analysis of Wasserstein distributionally robust estimators},
  author={Blanchet, Jose and Murthy, Karthyek and Nguyen, Viet Anh},
  booktitle={Tutorials in Operations Research: Emerging optimization methods and modeling techniques with applications},
  pages={227--254},
  year={2021},
  publisher={INFORMS}
}

@article{zhou2024Model,
  title={Model-assisted and Knowledge-guided Transfer Regression for the Underrepresented Population},
  author={ Zhou, Doudou  and  Li, Mengyan  and  Cai, Tianxi  and  Liu, Molei },
  year={2024},
journal = {arXiv preprint arXiv: 2410.06484}
}

@article{cai2022semi,
  title={Semi-supervised Triply Robust Inductive Transfer Learning},
  author={Cai, Tianxi and Li, Mengyan and Liu, Molei},
   journal={Journal of the American Statistical Association},
  pages={1--14},
  year={2024}
}

@inproceedings{he2024transfusion,
  title={Transfusion: Covariate-shift robust transfer learning for high-dimensional regression},
  author={He, Zelin and Sun, Ying and Li, Runze},
  booktitle={International Conference on Artificial Intelligence and Statistics},
  pages={703--711},
  year={2024},
  organization={PMLR}
}

@article{lin2024profiled,
  title={Profiled Transfer Learning for High Dimensional Linear Model},
  author={Lin, Ziqian and Zhao, Junlong and Wang, Fang and Wang, Hansheng},
  journal={arXiv preprint arXiv:2406.00701},
  year={2024}
}

@article{gao2023finite,
  title={Finite-sample guarantees for Wasserstein distributionally robust optimization: Breaking the curse of dimensionality},
  author={Gao, Rui},
  journal={Operations Research},
  volume={71},
  number={6},
  pages={2291--2306},
  year={2023},
  publisher={INFORMS}
}

@article{gao2023distributionally,
  title={Distributionally robust stochastic optimization with Wasserstein distance},
  author={Gao, Rui and Kleywegt, Anton},
  journal={Mathematics of Operations Research},
  volume={48},
  number={2},
  pages={603--655},
  year={2023},
  publisher={INFORMS}
}

@article{mohajerin2018data,
  title={Data-driven distributionally robust optimization using the Wasserstein metric: Performance guarantees and tractable reformulations},
  author={Mohajerin Esfahani, Peyman and Kuhn, Daniel},
  journal={Mathematical Programming},
  volume={171},
  number={1},
  pages={115--166},
  year={2018},
  publisher={Springer}
}

@inproceedings{abadeh2015drologistic,
author = {Shafieezadeh-Abadeh, Soroosh and Esfahani, Peyman Mohajerin and Kuhn, Daniel},
booktitle = {Advances in Neural Information Processing Systems},
pages = {},
title = {Distributionally Robust Logistic Regression},
volume = {28},
year = {2015}
}

@article{blanchet2019rwpi, 
title={Robust Wasserstein profile inference and applications to machine learning}, 
volume={56}, 
number={3}, 
journal={Journal of Applied Probability}, author={Blanchet, Jose and Kang, Yang and Murthy, Karthyek}, 
year={2019}, pages={830-857}}

@inproceedings{xu2008robustreg,
author = {Xu, Huan and Caramanis, Constantine and Mannor, Shie},
booktitle = {Advances in Neural Information Processing Systems},
title = {Robust Regression and Lasso},
volume = {21},
year = {2008}
}

@article{toland1978duality_nonconvex,
title = {Duality in nonconvex optimization},
journal = {Journal of Mathematical Analysis and Applications},
volume = {66},
number = {2},
pages = {399-415},
year = {1978},
author = {J. F. Toland},
}

@article{toland1979duality_principle,
  author    = {J. F. Toland},
  title     = {A duality principle for non-convex optimisation and the calculus of variations},
  journal   = {Archive for Rational Mechanics and Analysis},
  year      = {1979},
  volume    = {71},
  pages     = {41--61},
}

@article{tian2023transglm,
    author = {Ye Tian and Yang Feng},
    title = {Transfer Learning Under High-Dimensional Generalized Linear Models},
    journal = {Journal of the American Statistical Association},
    volume = {118},
    number = {544},
    pages = {2684--2697},
    year = {2023},
    publisher = {ASA Website},
}

@book{villani2008ot,
  title={Optimal Transport: Old and New},
  author={CÃ©dric Villani},
  series={Grundlehren der mathematischen Wissenschaften},
  volume={338},
  year={2009},
  publisher={Springer Berlin, Heidelberg},
  edition={1},
}

@article{blanchet2019quantifying,
  author  = {Blanchet, Jose and Murthy, Karthyek},
  title   = {Quantifying Distributional Model Risk via Optimal Transport},
  journal = {Mathematics of Operations Research},
  volume  = {44},
  number  = {2},
  pages   = {565--600},
  year    = {2019},
}

@article{gao2022,
  author  = {Gao, Rui and Chen, Xi and Kleywegt, Anton J.},
  title   = {Wasserstein Distributionally Robust Optimization and Variation Regularization},
  journal = {Operations Research},
  volume  = {72},
  number  = {3},
  pages   = {1177--1191},
  year    = {2022},
}

@article{kuhn2024dro,
  title={Distributionally Robust Optimization}, 
  author={Daniel Kuhn and Soroosh Shafiee and Wolfram Wiesemann},
  journal={arXiv preprint arXiv: 2411.02549},
  year={2024},
}

@article{liu2024rethinkingdistributionshifts,
      title={Rethinking Distribution Shifts: Empirical Analysis and Inductive Modeling for Tabular Data}, 
      author={Jiashuo Liu and Tianyu Wang and Peng Cui and Hongseok Namkoong},
      year={2024},
      journal = {arXiv preprint arXiv: 2307.05284},
}

@article{li2021translasso,
    author = {Li, Sai and Cai, T. Tony and Li, Hongzhe},
    title = {Transfer Learning for High-Dimensional Linear Regression: Prediction, Estimation and Minimax Optimality},
    journal = {Journal of the Royal Statistical Society Series B: Statistical Methodology},
    volume = {84},
    number = {1},
    pages = {149-173},
    year = {2021},
    month = {11},
    issn = {1369-7412},
}

@article{abadeh2019regularizationviamass,
  author  = {Soroosh Shafieezadeh-Abadeh and Daniel Kuhn and Peyman Mohajerin Esfahani},
  title   = {Regularization via Mass Transportation},
  journal = {Journal of Machine Learning Research},
  year    = {2019},
  volume  = {20},
  number  = {103},
  pages   = {1--68},
}

@article{blanchet2022confidence,
  author    = {Jose Blanchet and Karthyek Murthy and Nian Si},
  title     = {Confidence regions in Wasserstein distributionally robust estimation},
  journal   = {Biometrika},
  volume    = {109},
  number    = {2},
  pages     = {295--315},
  year      = {2022},
  month     = {June},
}

@article{gui2024drriskevaluation,
      title={Distributionally robust risk evaluation with an isotonic constraint}, 
      author={Yu Gui and Rina Foygel Barber and Cong Ma},
      year={2024},
      journal = {arXiv preprint arXiv: 2407.06867},
}

@article{li2023multidimensional,
      title={Multi-dimensional domain generalization with low-rank structures}, 
      author={Sai Li and Linjun Zhang},
      year={2023},
      journal = {arXiv preprint arXiv: 2309.09555},
}

@INPROCEEDINGS{blanchet2019data-drivencost,
  author={Blanchet, Jose and Kang, Yang and Murthy, Karthyek and Zhang, Fan},
  booktitle={2019 Winter Simulation Conference (WSC)}, 
  title={Data-Driven Optimal Transport Cost Selection For Distributionally Robust Optimization}, 
  year={2019},
  volume={},
  number={},
  pages={3740-3751},
  keywords={Uncertainty;Measurement;Machine learning;Cost function;Perturbation methods;Robustness},
  doi={10.1109/WSC40007.2019.9004785}}

@article{belloni2011sqrtlasso,
  author    = {Belloni, Alexandre and Chernozhukov, Victor and Wang, Lie},
  title     = {Square-root lasso: Pivotal recovery of sparse signals via conic programming},
  journal   = {Biometrika},
  volume    = {98},
  number    = {4},
  pages     = {791--806},
  year      = {2011},
  doi       = {10.1093/biomet/asr043},
}

@article{gu2024angle-based,
    author = {Gu, Tian and Han, Yi and Duan, Rui},
    title = {Robust angle-based transfer learning in high dimensions},
    journal = {Journal of the Royal Statistical Society Series B: Statistical Methodology},
    year = {2024},
    month = {12},
    issn = {1369-7412},
}

@article{bastani2020predicting,
  author    = {Hamsa Bastani},
  title     = {Predicting with Proxies: Transfer Learning in High Dimension},
  journal   = {Management Science},
  volume    = {67},
  number    = {5},
  pages     = {2964--2984},
  year      = {2020},
}

@book{luenberger2008linear,
  title={Linear and Nonlinear Programming},
  author={Luenberger, David G. and Ye, Yinyu},
  series={International Series in Operations Research \& Management Science},
  publisher={Springer New York, NY},
  year={2008},
}