@misc{chauhan2023interactiveconceptbottleneckmodels,
      title={Interactive Concept Bottleneck Models}, 
      author={Kushal Chauhan and Rishabh Tiwari and Jan Freyberg and Pradeep Shenoy and Krishnamurthy Dvijotham},
      year={2023},
      eprint={2212.07430},
      archivePrefix={arXiv},
      primaryClass={cs.LG},
      url={https://arxiv.org/abs/2212.07430}, 
}

@misc{dominici2024anycbmsturnblackbox,
      title={AnyCBMs: How to Turn Any Black Box into a Concept Bottleneck Model}, 
      author={Gabriele Dominici and Pietro Barbiero and Francesco Giannini and Martin Gjoreski and Marc Langhenirich},
      year={2024},
      eprint={2405.16508},
      archivePrefix={arXiv},
      primaryClass={cs.LG},
      url={https://arxiv.org/abs/2405.16508}, 
}

@misc{koh2020conceptbottleneckmodels,
      title={Concept Bottleneck Models}, 
      author={Pang Wei Koh and Thao Nguyen and Yew Siang Tang and Stephen Mussmann and Emma Pierson and Been Kim and Percy Liang},
      year={2020},
      eprint={2007.04612},
      archivePrefix={arXiv},
      primaryClass={cs.LG},
      url={https://arxiv.org/abs/2007.04612}, 
}

@misc{laguna2024conceptbottleneckmodelsmake,
      title={Beyond Concept Bottleneck Models: How to Make Black Boxes Intervenable?}, 
      author={Sonia Laguna and Ričards Marcinkevičs and Moritz Vandenhirtz and Julia E. Vogt},
      year={2024},
      eprint={2401.13544},
      archivePrefix={arXiv},
      primaryClass={cs.LG},
      url={https://arxiv.org/abs/2401.13544}, 
}

@misc{ludan2024interpretablebydesigntextunderstandingiteratively,
      title={Interpretable-by-Design Text Understanding with Iteratively Generated Concept Bottleneck}, 
      author={Josh Magnus Ludan and Qing Lyu and Yue Yang and Liam Dugan and Mark Yatskar and Chris Callison-Burch},
      year={2024},
      eprint={2310.19660},
      archivePrefix={arXiv},
      primaryClass={cs.CL},
      url={https://arxiv.org/abs/2310.19660}, 
}

@misc{oikarinen2023labelfreeconceptbottleneckmodels,
      title={Label-Free Concept Bottleneck Models}, 
      author={Tuomas Oikarinen and Subhro Das and Lam M. Nguyen and Tsui-Wei Weng},
      year={2023},
      eprint={2304.06129},
      archivePrefix={arXiv},
      primaryClass={cs.LG},
      url={https://arxiv.org/abs/2304.06129}, 
}

@misc{simhi2023interpretingembeddingspacesconceptualization,
      title={Interpreting Embedding Spaces by Conceptualization}, 
      author={Adi Simhi and Shaul Markovitch},
      year={2023},
      eprint={2209.00445},
      archivePrefix={arXiv},
      primaryClass={cs.CL},
      url={https://arxiv.org/abs/2209.00445}, 
}

@misc{sun2024conceptbottlenecklargelanguage,
      title={Concept Bottleneck Large Language Models}, 
      author={Chung-En Sun and Tuomas Oikarinen and Berk Ustun and Tsui-Wei Weng},
      year={2024},
      eprint={2412.07992},
      archivePrefix={arXiv},
      primaryClass={cs.CL},
      url={https://arxiv.org/abs/2412.07992}, 
}

@misc{tan2023interpretingpretrainedlanguagemodels,
      title={Interpreting Pretrained Language Models via Concept Bottlenecks}, 
      author={Zhen Tan and Lu Cheng and Song Wang and Yuan Bo and Jundong Li and Huan Liu},
      year={2023},
      eprint={2311.05014},
      archivePrefix={arXiv},
      primaryClass={cs.CL},
      url={https://arxiv.org/abs/2311.05014}, 
}

