% Use this file for citations not found in the ACL Anthology (contained in "anthology.bib").

@article{radford2019language,
  title={Language models are unsupervised multitask learners},
  author={Radford, Alec and Wu, Jeffrey and Child, Rewon and Luan, David and Amodei, Dario and Sutskever, Ilya and others},
  journal={OpenAI blog},
  volume={1},
  number={8},
  pages={9},
  year={2019}
}

@article{chen2021evaluating,
  title={Evaluating large language models trained on code},
  author={Chen, Mark and Tworek, Jerry and Jun, Heewoo and Yuan, Qiming and Pinto, Henrique Ponde De Oliveira and Kaplan, Jared and Edwards, Harri and Burda, Yuri and Joseph, Nicholas and Brockman, Greg and others},
  journal={arXiv preprint arXiv:2107.03374},
  year={2021}
}

@article{hendrycks2021measuring,
  title={Measuring coding challenge competence with apps},
  author={Hendrycks, Dan and Basart, Steven and Kadavath, Saurav and Mazeika, Mantas and Arora, Akul and Guo, Ethan and Burns, Collin and Puranik, Samir and He, Horace and Song, Dawn and others},
  journal={arXiv preprint arXiv:2105.09938},
  year={2021}
}

@article{roziere2023code,
  title={Code llama: Open foundation models for code},
  author={Roziere, Baptiste and Gehring, Jonas and Gloeckle, Fabian and Sootla, Sten and Gat, Itai and Tan, Xiaoqing Ellen and Adi, Yossi and Liu, Jingyu and Sauvestre, Romain and Remez, Tal and others},
  journal={arXiv preprint arXiv:2308.12950},
  year={2023}
}

@article{team2024codegemma,
  title={Codegemma: Open code models based on gemma},
  author={Team, CodeGemma and Zhao, Heri and Hui, Jeffrey and Howland, Joshua and Nguyen, Nam and Zuo, Siqi and Hu, Andrea and Choquette-Choo, Christopher A and Shen, Jingyue and Kelley, Joe and others},
  journal={arXiv preprint arXiv:2406.11409},
  year={2024}
}

@article{yang2024stealthy,
  title={Stealthy backdoor attack for code models},
  author={Yang, Zhou and Xu, Bowen and Zhang, Jie M and Kang, Hong Jin and Shi, Jieke and He, Junda and Lo, David},
  journal={IEEE Transactions on Software Engineering},
  year={2024},
  publisher={IEEE}
}

@inproceedings{ramakrishnan2022backdoors,
  title={Backdoors in neural models of source code},
  author={Ramakrishnan, Goutham and Albarghouthi, Aws},
  booktitle={2022 26th International Conference on Pattern Recognition (ICPR)},
  pages={2892--2899},
  year={2022},
  organization={IEEE}
}

@article{sun2023backdooring,
  title={Backdooring neural code search},
  author={Sun, Weisong and Chen, Yuchen and Tao, Guanhong and Fang, Chunrong and Zhang, Xiangyu and Zhang, Quanjun and Luo, Bin},
  journal={arXiv preprint arXiv:2305.17506},
  year={2023}
}

@article{lewis2020retrieval,
  title={Retrieval-augmented generation for knowledge-intensive nlp tasks},
  author={Lewis, Patrick and Perez, Ethan and Piktus, Aleksandra and Petroni, Fabio and Karpukhin, Vladimir and Goyal, Naman and K{\"u}ttler, Heinrich and Lewis, Mike and Yih, Wen-tau and Rockt{\"a}schel, Tim and others},
  journal={Advances in Neural Information Processing Systems},
  volume={33},
  pages={9459--9474},
  year={2020}
}

@article{austin2021program,
  title={Program synthesis with large language models},
  author={Austin, Jacob and Odena, Augustus and Nye, Maxwell and Bosma, Maarten and Michalewski, Henryk and Dohan, David and Jiang, Ellen and Cai, Carrie and Terry, Michael and Le, Quoc and others},
  journal={arXiv preprint arXiv:2108.07732},
  year={2021}
}

@inproceedings{wan2022you,
  title={You see what i want you to see: poisoning vulnerabilities in neural code search},
  author={Wan, Yao and Zhang, Shijie and Zhang, Hongyu and Sui, Yulei and Xu, Guandong and Yao, Dezhong and Jin, Hai and Sun, Lichao},
  booktitle={Proceedings of the 30th ACM Joint European Software Engineering Conference and Symposium on the Foundations of Software Engineering},
  pages={1233--1245},
  year={2022}
}

@article{gao2021design,
  title={Design and evaluation of a multi-domain trojan detection method on deep neural networks},
  author={Gao, Yansong and Kim, Yeonjae and Doan, Bao Gia and Zhang, Zhi and Zhang, Gongxuan and Nepal, Surya and Ranasinghe, Damith C and Kim, Hyoungshick},
  journal={IEEE Transactions on Dependable and Secure Computing},
  volume={19},
  number={4},
  pages={2349--2364},
  year={2021},
  publisher={IEEE}
}

@article{touvron2023llama,
  title={Llama: Open and efficient foundation language models},
  author={Touvron, Hugo and Lavril, Thibaut and Izacard, Gautier and Martinet, Xavier and Lachaux, Marie-Anne and Lacroix, Timoth{\'e}e and Rozi{\`e}re, Baptiste and Goyal, Naman and Hambro, Eric and Azhar, Faisal and others},
  journal={arXiv preprint arXiv:2302.13971},
  year={2023}
}

@article{lu2021codexglue,
  title={Codexglue: A machine learning benchmark dataset for code understanding and generation},
  author={Lu, Shuai and Guo, Daya and Ren, Shuo and Huang, Junjie and Svyatkovskiy, Alexey and Blanco, Ambrosio and Clement, Colin and Drain, Dawn and Jiang, Daxin and Tang, Duyu and others},
  journal={arXiv preprint arXiv:2102.04664},
  year={2021}
}

@article{vaswani2017attention,
  title={Attention is all you need},
  author={Vaswani, Ashish},
  journal={arXiv preprint arXiv:1706.03762},
  year={2017}
}

@article{xu2023parameter,
  title={Parameter-efficient fine-tuning methods for pretrained language models: A critical review and assessment},
  author={Xu, Lingling and Xie, Haoran and Qin, Si-Zhao Joe and Tao, Xiaohui and Wang, Fu Lee},
  journal={arXiv preprint arXiv:2312.12148},
  year={2023}
}

@article{hu2021lora,
  title={Lora: Low-rank adaptation of large language models},
  author={Hu, Edward J and Shen, Yelong and Wallis, Phillip and Allen-Zhu, Zeyuan and Li, Yuanzhi and Wang, Shean and Wang, Lu and Chen, Weizhu},
  journal={arXiv preprint arXiv:2106.09685},
  year={2021}
}

@article{dai2019backdoor,
  title={A backdoor attack against lstm-based text classification systems},
  author={Dai, Jiazhu and Chen, Chuanshuai and Li, Yufeng},
  journal={IEEE Access},
  volume={7},
  pages={138872--138878},
  year={2019},
  publisher={IEEE}
}

@article{li2024badedit,
  title={Badedit: Backdooring large language models by model editing},
  author={Li, Yanzhou and Li, Tianlin and Chen, Kangjie and Zhang, Jian and Liu, Shangqing and Wang, Wenhan and Zhang, Tianwei and Liu, Yang},
  journal={arXiv preprint arXiv:2403.13355},
  year={2024}
}

@article{gu2019badnets,
  title={Badnets: Evaluating backdooring attacks on deep neural networks},
  author={Gu, Tianyu and Liu, Kang and Dolan-Gavitt, Brendan and Garg, Siddharth},
  journal={IEEE Access},
  volume={7},
  pages={47230--47244},
  year={2019},
  publisher={IEEE}
}

@inproceedings{li2021invisible,
  title={Invisible backdoor attack with sample-specific triggers},
  author={Li, Yuezun and Li, Yiming and Wu, Baoyuan and Li, Longkang and He, Ran and Lyu, Siwei},
  booktitle={Proceedings of the IEEE/CVF international conference on computer vision},
  pages={16463--16472},
  year={2021}
}

@inproceedings{sun2023defending,
  title={Defending against backdoor attacks in natural language generation},
  author={Sun, Xiaofei and Li, Xiaoya and Meng, Yuxian and Ao, Xiang and Lyu, Lingjuan and Li, Jiwei and Zhang, Tianwei},
  booktitle={Proceedings of the AAAI Conference on Artificial Intelligence},
  volume={37},
  number={4},
  pages={5257--5265},
  year={2023}
}

@inproceedings{raychev2014code,
  title={Code completion with statistical language models},
  author={Raychev, Veselin and Vechev, Martin and Yahav, Eran},
  booktitle={Proceedings of the 35th ACM SIGPLAN conference on programming language design and implementation},
  pages={419--428},
  year={2014}
}

@inproceedings{allamanis2016convolutional,
  title={A convolutional attention network for extreme summarization of source code},
  author={Allamanis, Miltiadis and Peng, Hao and Sutton, Charles},
  booktitle={International conference on machine learning},
  pages={2091--2100},
  year={2016},
  organization={PMLR}
}

@article{husain2019codesearchnet,
  title={Codesearchnet challenge: Evaluating the state of semantic code search},
  author={Husain, Hamel and Wu, Ho-Hsiang and Gazit, Tiferet and Allamanis, Miltiadis and Brockschmidt, Marc},
  journal={arXiv preprint arXiv:1909.09436},
  year={2019}
}

@article{tran2018spectral,
  title={Spectral signatures in backdoor attacks},
  author={Tran, Brandon and Li, Jerry and Madry, Aleksander},
  journal={Advances in neural information processing systems},
  volume={31},
  year={2018}
}

@article{chen2018detecting,
  title={Detecting backdoor attacks on deep neural networks by activation clustering},
  author={Chen, Bryant and Carvalho, Wilka and Baracaldo, Nathalie and Ludwig, Heiko and Edwards, Benjamin and Lee, Taesung and Molloy, Ian and Srivastava, Biplav},
  journal={arXiv preprint arXiv:1811.03728},
  year={2018}
}

@inproceedings{ahmed2022few,
  title={Few-shot training LLMs for project-specific code-summarization},
  author={Ahmed, Toufique and Devanbu, Premkumar},
  booktitle={Proceedings of the 37th IEEE/ACM International Conference on Automated Software Engineering},
  pages={1--5},
  year={2022}
}

@article{zhang2024llm,
  title={LLM-Cloud Complete: Leveraging cloud computing for efficient large language model-based code completion},
  author={Zhang, Mingxuan and Yuan, Bo and Li, Hanzhe and Xu, Kangming},
  journal={Journal of Artificial Intelligence General science (JAIGS) ISSN: 3006-4023},
  volume={5},
  number={1},
  pages={295--326},
  year={2024}
}

@inproceedings{qian2024exploring,
  title={Exploring large language models for method name prediction},
  author={Qian, Hanwei and Xu, Tingting and Ding, Ziqi and Liu, Wei and Zhu, Shaomin},
  booktitle={2024 IEEE 24th International Conference on Software Quality, Reliability and Security (QRS)},
  pages={192--203},
  year={2024},
  organization={IEEE}
}

@article{dou2023towards,
  title={Towards understanding the capability of large language models on code clone detection: a survey},
  author={Dou, Shihan and Shan, Junjie and Jia, Haoxiang and Deng, Wenhao and Xi, Zhiheng and He, Wei and Wu, Yueming and Gui, Tao and Liu, Yang and Huang, Xuanjing},
  journal={arXiv preprint arXiv:2308.01191},
  year={2023}
}

@inproceedings{chen2024code,
  title={Code search is all you need? improving code suggestions with code search},
  author={Chen, Junkai and Hu, Xing and Li, Zhenhao and Gao, Cuiyun and Xia, Xin and Lo, David},
  booktitle={Proceedings of the IEEE/ACM 46th International Conference on Software Engineering},
  pages={1--13},
  year={2024}
}

@article{man1996genetic,
  title={Genetic algorithms: concepts and applications [in engineering design]},
  author={Man, Kim-Fung and Tang, Kit-Sang and Kwong, Sam},
  journal={IEEE transactions on Industrial Electronics},
  volume={43},
  number={5},
  pages={519--534},
  year={1996},
  publisher={IEEE}
}

@article{alon2023detecting,
  title={Detecting language model attacks with perplexity},
  author={Alon, Gabriel and Kamfonas, Michael},
  journal={arXiv preprint arXiv:2308.14132},
  year={2023}
}