@article{chen2018detecting,
  title={Detecting backdoor attacks on deep neural networks by activation clustering},
  author={Chen, Bryant and Carvalho, Wilka and Baracaldo, Nathalie and Ludwig, Heiko and Edwards, Benjamin and Lee, Taesung and Molloy, Ian and Srivastava, Biplav},
  journal={arXiv preprint arXiv:1811.03728},
  year={2018}
}

@inproceedings{ramakrishnan2022backdoors,
  title={Backdoors in neural models of source code},
  author={Ramakrishnan, Goutham and Albarghouthi, Aws},
  booktitle={2022 26th International Conference on Pattern Recognition (ICPR)},
  pages={2892--2899},
  year={2022},
  organization={IEEE}
}

@article{sun2023backdooring,
  title={Backdooring neural code search},
  author={Sun, Weisong and Chen, Yuchen and Tao, Guanhong and Fang, Chunrong and Zhang, Xiangyu and Zhang, Quanjun and Luo, Bin},
  journal={arXiv preprint arXiv:2305.17506},
  year={2023}
}

@article{tran2018spectral,
  title={Spectral signatures in backdoor attacks},
  author={Tran, Brandon and Li, Jerry and Madry, Aleksander},
  journal={Advances in neural information processing systems},
  volume={31},
  year={2018}
}

@inproceedings{wan2022you,
  title={You see what i want you to see: poisoning vulnerabilities in neural code search},
  author={Wan, Yao and Zhang, Shijie and Zhang, Hongyu and Sui, Yulei and Xu, Guandong and Yao, Dezhong and Jin, Hai and Sun, Lichao},
  booktitle={Proceedings of the 30th ACM Joint European Software Engineering Conference and Symposium on the Foundations of Software Engineering},
  pages={1233--1245},
  year={2022}
}

@article{yang2024stealthy,
  title={Stealthy backdoor attack for code models},
  author={Yang, Zhou and Xu, Bowen and Zhang, Jie M and Kang, Hong Jin and Shi, Jieke and He, Junda and Lo, David},
  journal={IEEE Transactions on Software Engineering},
  year={2024},
  publisher={IEEE}
}

