@inproceedings{branco2017smogn,
  title={SMOGN: a pre-processing approach for imbalanced regression},
  author={Branco, Paula and Torgo, Lu{\'\i}s and Ribeiro, Rita P},
  booktitle={First international workshop on learning with imbalanced domains: Theory and applications},
  pages={36--50},
  year={2017},
  organization={PMLR}
}

@inproceedings{branco2018rebagg,
  title={Rebagg: Resampled bagging for imbalanced regression},
  author={Branco, Paula and Torgo, Luis and Ribeiro, Rita P},
  booktitle={Second International Workshop on Learning with Imbalanced Domains: Theory and Applications},
  pages={67--81},
  year={2018},
  organization={PMLR}
}

@article{chawla2002smote,
  title={SMOTE: synthetic minority over-sampling technique},
  author={Chawla, Nitesh V and Bowyer, Kevin W and Hall, Lawrence O and Kegelmeyer, W Philip},
  journal={Journal of artificial intelligence research},
  volume={16},
  pages={321--357},
  year={2002}
}

@article{gong2022ranksim,
  title={Ranksim: Ranking similarity regularization for deep imbalanced regression},
  author={Gong, Yu and Mori, Greg and Tung, Frederick},
  journal={arXiv preprint arXiv:2205.15236},
  year={2022}
}

@article{he2009learning,
  title={Learning from imbalanced data},
  author={He, Haibo and Garcia, Edwardo A},
  journal={IEEE Transactions on knowledge and data engineering},
  volume={21},
  number={9},
  pages={1263--1284},
  year={2009},
  publisher={Ieee}
}

@article{keramati2023conr,
  title={Conr: Contrastive regularizer for deep imbalanced regression},
  author={Keramati, Mahsa and Meng, Lili and Evans, R David},
  journal={arXiv preprint arXiv:2309.06651},
  year={2023}
}

@article{na2024label,
  title={Label-Noise Robust Diffusion Models},
  author={Na, Byeonghu and Kim, Yeongmin and Bae, HeeSun and Lee, Jung Hyun and Kwon, Se Jung and Kang, Wanmo and Moon, Il-Chul},
  journal={arXiv preprint arXiv:2402.17517},
  year={2024}
}

@inproceedings{qin2023class,
  title={Class-balancing diffusion models},
  author={Qin, Yiming and Zheng, Huangjie and Yao, Jiangchao and Zhou, Mingyuan and Zhang, Ya},
  booktitle={Proceedings of the IEEE/CVF Conference on Computer Vision and Pattern Recognition},
  pages={18434--18443},
  year={2023}
}

@inproceedings{ren2022balanced,
  title={Balanced mse for imbalanced visual regression},
  author={Ren, Jiawei and Zhang, Mingyuan and Yu, Cunjun and Liu, Ziwei},
  booktitle={Proceedings of the IEEE/CVF Conference on Computer Vision and Pattern Recognition},
  pages={7926--7935},
  year={2022}
}

@article{shen2023finetuning,
  title={Finetuning text-to-image diffusion models for fairness},
  author={Shen, Xudong and Du, Chao and Pang, Tianyu and Lin, Min and Wong, Yongkang and Kankanhalli, Mohan},
  journal={arXiv preprint arXiv:2311.07604},
  year={2023}
}

@inproceedings{torgo2013smote,
  title={Smote for regression},
  author={Torgo, Lu{\'\i}s and Ribeiro, Rita P and Pfahringer, Bernhard and Branco, Paula},
  booktitle={Portuguese conference on artificial intelligence},
  pages={378--389},
  year={2013},
  organization={Springer}
}

@article{wang2024variational,
  title={Variational imbalanced regression: Fair uncertainty quantification via probabilistic smoothing},
  author={Wang, Ziyan and Wang, Hao},
  journal={Advances in Neural Information Processing Systems},
  volume={36},
  year={2024}
}

@inproceedings{yang2021delving,
  title={Delving into deep imbalanced regression},
  author={Yang, Yuzhe and Zha, Kaiwen and Chen, Yingcong and Wang, Hao and Katabi, Dina},
  booktitle={International conference on machine learning},
  pages={11842--11851},
  year={2021},
  organization={PMLR}
}

@inproceedings{zhang2024long,
  title={Long-tailed diffusion models with oriented calibration},
  author={Zhang, Tianjiao and Zheng, Huangjie and Yao, Jiangchao and Wang, Xiangfeng and Zhou, Mingyuan and Zhang, Ya and Wang, Yanfeng},
  booktitle={The Twelfth International Conference on Learning Representations},
  year={2024}
}

