@article{ho2020denoising,
  title={Denoising diffusion probabilistic models},
  author={Ho, Jonathan and Jain, Ajay and Abbeel, Pieter},
  journal={Advances in neural information processing systems},
  volume={33},
  pages={6840--6851},
  year={2020}
}

@article{song2020score,
  title={Score-based generative modeling through stochastic differential equations},
  author={Song, Yang and Sohl-Dickstein, Jascha and Kingma, Diederik P and Kumar, Abhishek and Ermon, Stefano and Poole, Ben},
  journal={arXiv preprint arXiv:2011.13456},
  year={2020}
}

@inproceedings{zhang2024long,
  title={Long-tailed diffusion models with oriented calibration},
  author={Zhang, Tianjiao and Zheng, Huangjie and Yao, Jiangchao and Wang, Xiangfeng and Zhou, Mingyuan and Zhang, Ya and Wang, Yanfeng},
  booktitle={The Twelfth International Conference on Learning Representations},
  year={2024}
}

@inproceedings{li2024photomaker,
  title={Photomaker: Customizing realistic human photos via stacked id embedding},
  author={Li, Zhen and Cao, Mingdeng and Wang, Xintao and Qi, Zhongang and Cheng, Ming-Ming and Shan, Ying},
  booktitle={Proceedings of the IEEE/CVF Conference on Computer Vision and Pattern Recognition},
  pages={8640--8650},
  year={2024}
}

@inproceedings{kumari2023multi,
  title={Multi-concept customization of text-to-image diffusion},
  author={Kumari, Nupur and Zhang, Bingliang and Zhang, Richard and Shechtman, Eli and Zhu, Jun-Yan},
  booktitle={Proceedings of the IEEE/CVF Conference on Computer Vision and Pattern Recognition},
  pages={1931--1941},
  year={2023}
}

@inproceedings{ruiz2023dreambooth,
  title={Dreambooth: Fine tuning text-to-image diffusion models for subject-driven generation},
  author={Ruiz, Nataniel and Li, Yuanzhen and Jampani, Varun and Pritch, Yael and Rubinstein, Michael and Aberman, Kfir},
  booktitle={Proceedings of the IEEE/CVF conference on computer vision and pattern recognition},
  pages={22500--22510},
  year={2023}
}

@article{song2020denoising,
  title={Denoising diffusion implicit models},
  author={Song, Jiaming and Meng, Chenlin and Ermon, Stefano},
  journal={arXiv preprint arXiv:2010.02502},
  year={2020}
}

@inproceedings{nichol2021improved,
  title={Improved denoising diffusion probabilistic models},
  author={Nichol, Alexander Quinn and Dhariwal, Prafulla},
  booktitle={International conference on machine learning},
  pages={8162--8171},
  year={2021},
  organization={PMLR}
}

@article{huang2023conditional,
  title={Conditional stochastic interpolation for generative learning},
  author={Huang, Ding and Huang, Jian and Li, Ting and Shen, Guohao},
  journal={arXiv preprint arXiv:2312.05579},
  year={2023}
}

@article{ho2022cascaded,
  title={Cascaded diffusion models for high fidelity image generation},
  author={Ho, Jonathan and Saharia, Chitwan and Chan, William and Fleet, David J and Norouzi, Mohammad and Salimans, Tim},
  journal={Journal of Machine Learning Research},
  volume={23},
  number={47},
  pages={1--33},
  year={2022}
}

@article{schuhmann2022laion,
  title={Laion-5b: An open large-scale dataset for training next generation image-text models},
  author={Schuhmann, Christoph and Beaumont, Romain and Vencu, Richard and Gordon, Cade and Wightman, Ross and Cherti, Mehdi and Coombes, Theo and Katta, Aarush and Mullis, Clayton and Wortsman, Mitchell and others},
  journal={Advances in Neural Information Processing Systems},
  volume={35},
  pages={25278--25294},
  year={2022}
}

@inproceedings{torgo2013smote,
  title={Smote for regression},
  author={Torgo, Lu{\'\i}s and Ribeiro, Rita P and Pfahringer, Bernhard and Branco, Paula},
  booktitle={Portuguese conference on artificial intelligence},
  pages={378--389},
  year={2013},
  organization={Springer}
}

@inproceedings{branco2017smogn,
  title={SMOGN: a pre-processing approach for imbalanced regression},
  author={Branco, Paula and Torgo, Lu{\'\i}s and Ribeiro, Rita P},
  booktitle={First international workshop on learning with imbalanced domains: Theory and applications},
  pages={36--50},
  year={2017},
  organization={PMLR}
}

@inproceedings{branco2018rebagg,
  title={Rebagg: Resampled bagging for imbalanced regression},
  author={Branco, Paula and Torgo, Luis and Ribeiro, Rita P},
  booktitle={Second International Workshop on Learning with Imbalanced Domains: Theory and Applications},
  pages={67--81},
  year={2018},
  organization={PMLR}
}

@inproceedings{qin2023class,
  title={Class-balancing diffusion models},
  author={Qin, Yiming and Zheng, Huangjie and Yao, Jiangchao and Zhou, Mingyuan and Zhang, Ya},
  booktitle={Proceedings of the IEEE/CVF Conference on Computer Vision and Pattern Recognition},
  pages={18434--18443},
  year={2023}
}

@inproceedings{rombach2022high,
  title={High-resolution image synthesis with latent diffusion models},
  author={Rombach, Robin and Blattmann, Andreas and Lorenz, Dominik and Esser, Patrick and Ommer, Bj{\"o}rn},
  booktitle={Proceedings of the IEEE/CVF conference on computer vision and pattern recognition},
  pages={10684--10695},
  year={2022}
}

@article{saharia2022photorealistic,
  title={Photorealistic text-to-image diffusion models with deep language understanding},
  author={Saharia, Chitwan and Chan, William and Saxena, Saurabh and Li, Lala and Whang, Jay and Denton, Emily L and Ghasemipour, Kamyar and Gontijo Lopes, Raphael and Karagol Ayan, Burcu and Salimans, Tim and others},
  journal={Advances in neural information processing systems},
  volume={35},
  pages={36479--36494},
  year={2022}
}

@article{ho2022classifier,
  title={Classifier-free diffusion guidance},
  author={Ho, Jonathan and Salimans, Tim},
  journal={arXiv preprint arXiv:2207.12598},
  year={2022}
}

@article{kong2020diffwave,
  title={Diffwave: A versatile diffusion model for audio synthesis},
  author={Kong, Zhifeng and Ping, Wei and Huang, Jiaji and Zhao, Kexin and Catanzaro, Bryan},
  journal={arXiv preprint arXiv:2009.09761},
  year={2020}
}

@inproceedings{luo2021diffusion,
  title={Diffusion probabilistic models for 3d point cloud generation},
  author={Luo, Shitong and Hu, Wei},
  booktitle={Proceedings of the IEEE/CVF conference on computer vision and pattern recognition},
  pages={2837--2845},
  year={2021}
}

@article{poole2022dreamfusion,
  title={Dreamfusion: Text-to-3d using 2d diffusion},
  author={Poole, Ben and Jain, Ajay and Barron, Jonathan T and Mildenhall, Ben},
  journal={arXiv preprint arXiv:2209.14988},
  year={2022}
}

@article{shi2023mvdream,
  title={Mvdream: Multi-view diffusion for 3d generation},
  author={Shi, Yichun and Wang, Peng and Ye, Jianglong and Long, Mai and Li, Kejie and Yang, Xiao},
  journal={arXiv preprint arXiv:2308.16512},
  year={2023}
}

@inproceedings{pinaya2022brain,
  title={Brain imaging generation with latent diffusion models},
  author={Pinaya, Walter HL and Tudosiu, Petru-Daniel and Dafflon, Jessica and Da Costa, Pedro F and Fernandez, Virginia and Nachev, Parashkev and Ourselin, Sebastien and Cardoso, M Jorge},
  booktitle={MICCAI Workshop on Deep Generative Models},
  pages={117--126},
  year={2022},
  organization={Springer}
}

@article{wang2024variational,
  title={Variational imbalanced regression: Fair uncertainty quantification via probabilistic smoothing},
  author={Wang, Ziyan and Wang, Hao},
  journal={Advances in Neural Information Processing Systems},
  volume={36},
  year={2024}
}

@inproceedings{yang2021delving,
  title={Delving into deep imbalanced regression},
  author={Yang, Yuzhe and Zha, Kaiwen and Chen, Yingcong and Wang, Hao and Katabi, Dina},
  booktitle={International conference on machine learning},
  pages={11842--11851},
  year={2021},
  organization={PMLR}
}

@article{chawla2002smote,
  title={SMOTE: synthetic minority over-sampling technique},
  author={Chawla, Nitesh V and Bowyer, Kevin W and Hall, Lawrence O and Kegelmeyer, W Philip},
  journal={Journal of artificial intelligence research},
  volume={16},
  pages={321--357},
  year={2002}
}

@article{he2009learning,
  title={Learning from imbalanced data},
  author={He, Haibo and Garcia, Edwardo A},
  journal={IEEE Transactions on knowledge and data engineering},
  volume={21},
  number={9},
  pages={1263--1284},
  year={2009},
  publisher={Ieee}
}

@inproceedings{rangwani2022improving,
  title={Improving gans for long-tailed data through group spectral regularization},
  author={Rangwani, Harsh and Jaswani, Naman and Karmali, Tejan and Jampani, Varun and Babu, R Venkatesh},
  booktitle={European Conference on Computer Vision},
  pages={426--442},
  year={2022},
  organization={Springer}
}

@article{karras2020training,
  title={Training generative adversarial networks with limited data},
  author={Karras, Tero and Aittala, Miika and Hellsten, Janne and Laine, Samuli and Lehtinen, Jaakko and Aila, Timo},
  journal={Advances in neural information processing systems},
  volume={33},
  pages={12104--12114},
  year={2020}
}

@article{zhao2020differentiable,
  title={Differentiable augmentation for data-efficient gan training},
  author={Zhao, Shengyu and Liu, Zhijian and Lin, Ji and Zhu, Jun-Yan and Han, Song},
  journal={Advances in neural information processing systems},
  volume={33},
  pages={7559--7570},
  year={2020}
}

@inproceedings{ren2022balanced,
  title={Balanced mse for imbalanced visual regression},
  author={Ren, Jiawei and Zhang, Mingyuan and Yu, Cunjun and Liu, Ziwei},
  booktitle={Proceedings of the IEEE/CVF Conference on Computer Vision and Pattern Recognition},
  pages={7926--7935},
  year={2022}
}

@article{gong2022ranksim,
  title={Ranksim: Ranking similarity regularization for deep imbalanced regression},
  author={Gong, Yu and Mori, Greg and Tung, Frederick},
  journal={arXiv preprint arXiv:2205.15236},
  year={2022}
}

@article{keramati2023conr,
  title={Conr: Contrastive regularizer for deep imbalanced regression},
  author={Keramati, Mahsa and Meng, Lili and Evans, R David},
  journal={arXiv preprint arXiv:2309.06651},
  year={2023}
}

@inproceedings{rangwani2023noisytwins,
  title={Noisytwins: Class-consistent and diverse image generation through stylegans},
  author={Rangwani, Harsh and Bansal, Lavish and Sharma, Kartik and Karmali, Tejan and Jampani, Varun and Babu, R Venkatesh},
  booktitle={Proceedings of the IEEE/CVF Conference on Computer Vision and Pattern Recognition},
  pages={5987--5996},
  year={2023}
}

@article{zheng2022truncated,
  title={Truncated diffusion probabilistic models and diffusion-based adversarial auto-encoders},
  author={Zheng, Huangjie and He, Pengcheng and Chen, Weizhu and Zhou, Mingyuan},
  journal={arXiv preprint arXiv:2202.09671},
  year={2022}
}

@article{wang2022diffusion,
  title={Diffusion-gan: Training gans with diffusion},
  author={Wang, Zhendong and Zheng, Huangjie and He, Pengcheng and Chen, Weizhu and Zhou, Mingyuan},
  journal={arXiv preprint arXiv:2206.02262},
  year={2022}
}

@inproceedings{yoo2020rethinking,
  title={Rethinking data augmentation for image super-resolution: A comprehensive analysis and a new strategy},
  author={Yoo, Jaejun and Ahn, Namhyuk and Sohn, Kyung-Ah},
  booktitle={Proceedings of the IEEE/CVF conference on computer vision and pattern recognition},
  pages={8375--8384},
  year={2020}
}

@article{na2024label,
  title={Label-Noise Robust Diffusion Models},
  author={Na, Byeonghu and Kim, Yeongmin and Bae, HeeSun and Lee, Jung Hyun and Kwon, Se Jung and Kang, Wanmo and Moon, Il-Chul},
  journal={arXiv preprint arXiv:2402.17517},
  year={2024}
}

@article{shen2023finetuning,
  title={Finetuning text-to-image diffusion models for fairness},
  author={Shen, Xudong and Du, Chao and Pang, Tianyu and Lin, Min and Wong, Yongkang and Kankanhalli, Mohan},
  journal={arXiv preprint arXiv:2311.07604},
  year={2023}
}

@inproceedings{cao2018vggface2,
  title={Vggface2: A dataset for recognising faces across pose and age},
  author={Cao, Qiong and Shen, Li and Xie, Weidi and Parkhi, Omkar M and Zisserman, Andrew},
  booktitle={2018 13th IEEE international conference on automatic face \& gesture recognition (FG 2018)},
  pages={67--74},
  year={2018},
  organization={IEEE}
}

@inproceedings{bae2023digiface,
  title={Digiface-1m: 1 million digital face images for face recognition},
  author={Bae, Gwangbin and de La Gorce, Martin and Baltru{\v{s}}aitis, Tadas and Hewitt, Charlie and Chen, Dong and Valentin, Julien and Cipolla, Roberto and Shen, Jingjing},
  booktitle={Proceedings of the IEEE/CVF Winter Conference on Applications of Computer Vision},
  pages={3526--3535},
  year={2023}
}

@inproceedings{moschoglou2017agedb,
  title={Agedb: the first manually collected, in-the-wild age database},
  author={Moschoglou, Stylianos and Papaioannou, Athanasios and Sagonas, Christos and Deng, Jiankang and Kotsia, Irene and Zafeiriou, Stefanos},
  booktitle={proceedings of the IEEE conference on computer vision and pattern recognition workshops},
  pages={51--59},
  year={2017}
}

@article{heusel2017gans,
  title={Gans trained by a two time-scale update rule converge to a local nash equilibrium},
  author={Heusel, Martin and Ramsauer, Hubert and Unterthiner, Thomas and Nessler, Bernhard and Hochreiter, Sepp},
  journal={Advances in neural information processing systems},
  volume={30},
  year={2017}
}

@inproceedings{szegedy2016rethinking,
  title={Rethinking the inception architecture for computer vision},
  author={Szegedy, Christian and Vanhoucke, Vincent and Ioffe, Sergey and Shlens, Jon and Wojna, Zbigniew},
  booktitle={Proceedings of the IEEE conference on computer vision and pattern recognition},
  pages={2818--2826},
  year={2016}
}

@article{liu2024visual,
  title={Visual instruction tuning},
  author={Liu, Haotian and Li, Chunyuan and Wu, Qingyang and Lee, Yong Jae},
  journal={Advances in neural information processing systems},
  volume={36},
  year={2024}
}

@inproceedings{caron2021emerging,
  title={Emerging properties in self-supervised vision transformers},
  author={Caron, Mathilde and Touvron, Hugo and Misra, Ishan and J{\'e}gou, Herv{\'e} and Mairal, Julien and Bojanowski, Piotr and Joulin, Armand},
  booktitle={Proceedings of the IEEE/CVF international conference on computer vision},
  pages={9650--9660},
  year={2021}
}

@article{achiam2023gpt,
  title={Gpt-4 technical report},
  author={Achiam, Josh and Adler, Steven and Agarwal, Sandhini and Ahmad, Lama and Akkaya, Ilge and Aleman, Florencia Leoni and Almeida, Diogo and Altenschmidt, Janko and Altman, Sam and Anadkat, Shyamal and others},
  journal={arXiv preprint arXiv:2303.08774},
  year={2023}
}