@inproceedings{DBLP:conf/aaai/LiYZC0ZTWM23,
  author       = {Jintang Li and
                  Zhouxin Yu and
                  Zulun Zhu and
                  Liang Chen and
                  Qi Yu and
                  Zibin Zheng and
                  Sheng Tian and
                  Ruofan Wu and
                  Changhua Meng},
  title        = {Scaling Up Dynamic Graph Representation Learning via Spiking Neural
                  Networks},
  booktitle    = {Proceedings of The {AAAI} Conference on Artificial Intelligence},
  pages        = {8588--8596},
  publisher    = {{AAAI} Press},
  year         = {2023}
}

@inproceedings{DBLP:conf/aaai/ParejaDCMSKKSL20,
  author       = {Aldo Pareja and
                  Giacomo Domeniconi and
                  Jie Chen and
                  Tengfei Ma and
                  Toyotaro Suzumura and
                  Hiroki Kanezashi and
                  Tim Kaler and
                  Tao B. Schardl and
                  Charles E. Leiserson},
  title        = {EvolveGCN: Evolving Graph Convolutional Networks for Dynamic Graphs},
  booktitle    = {Proceedings of The {AAAI} Conference on Artificial Intelligence},
  pages        = {5363--5370},
  publisher    = {{AAAI} Press},
  year         = {2020}
}

@inproceedings{DBLP:conf/cikm/LiC21,
  author       = {Haoyang Li and
                  Lei Chen},
  title        = {Cache-based {GNN} System for Dynamic Graphs},
  booktitle    = {Proceedings of The {ACM} International Conference on Information and Knowledge Management},
  pages        = {937--946},
  publisher    = {{ACM}},
  year         = {2021}
}

@inproceedings{DBLP:conf/icde/0003SLRD23,
  author       = {Xiao Qin and
                  Nasrullah Sheikh and
                  Chuan Lei and
                  Berthold Reinwald and
                  Giacomo Domeniconi},
  title        = {{SEIGN:} {A} Simple and Efficient Graph Neural Network for Large Dynamic Graphs},
  booktitle    = {Proceedings of The {IEEE} International Conference on Data Engineering (ICDE)},
  pages        = {2850--2863},
  publisher    = {{IEEE}},
  year         = {2023}
}

@inproceedings{DBLP:conf/icde/ZhuGYSG17,
  author       = {Linhong Zhu and
                  Dong Guo and
                  Junming Yin and
                  Greg Ver Steeg and
                  Aram Galstyan},
  title        = {Scalable Temporal Latent Space Inference for Link Prediction in Dynamic
                  Social Networks (Extended Abstract)},
  booktitle    = {Proceedings of The {IEEE} International Conference on Data Engineering ({ICDE)}},
  pages        = {57--58},
  publisher    = {{IEEE} Computer Society},
  year         = {2017}
}

@inproceedings{DBLP:conf/icdm/SharanN08,
  author       = {Umang Sharan and
                  Jennifer Neville},
  title        = {Temporal-Relational Classifiers for Prediction in Evolving Domains},
  booktitle    = {Proceedings of The {IEEE} International Conference on Data Mining (ICDM)},
  pages        = {540--549},
  publisher    = {{IEEE} Computer Society},
  year         = {2008}
}

@inproceedings{DBLP:conf/iclr/CongZKYWZTM23,
  author       = {Weilin Cong and
                  Si Zhang and
                  Jian Kang and
                  Baichuan Yuan and
                  Hao Wu and
                  Xin Zhou and
                  Hanghang Tong and
                  Mehrdad Mahdavi},
  title        = {Do We Really Need Complicated Model Architectures For Temporal Networks?},
  booktitle    = {Proceedings of International Conference on Learning Representations (ICLR)},
  publisher    = {OpenReview.net},
  year         = {2023}
}

@inproceedings{DBLP:conf/iclr/TrivediFBZ19,
  author       = {Rakshit Trivedi and
                  Mehrdad Farajtabar and
                  Prasenjeet Biswal and
                  Hongyuan Zha},
  title        = {DyRep: Learning Representations over Dynamic Graphs},
  booktitle    = {Proceedings of The International Conference on Learning Representations ({ICLR})},
  publisher    = {OpenReview.net},
  year         = {2019}
}

@inproceedings{DBLP:conf/iclr/WangCLL021,
  author       = {Yanbang Wang and
                  Yen{-}Yu Chang and
                  Yunyu Liu and
                  Jure Leskovec and
                  Pan Li},
  title        = {Inductive Representation Learning in Temporal Networks via Causal Anonymous Walks},
  booktitle    = {Proceedings of International Conference on Learning Representations (ICLR)},
  publisher    = {OpenReview.net},
  year         = {2021}
}

@inproceedings{DBLP:conf/iclr/XuRKKA20,
  author       = {Da Xu and
                  Chuanwei Ruan and
                  Evren K{\"{o}}rpeoglu and
                  Sushant Kumar and
                  Kannan Achan},
  title        = {Inductive representation learning on temporal graphs},
  booktitle    = {Proceedings of The International Conference on Learning Representations (ICLR)},
  publisher    = {OpenReview.net},
  year         = {2020}
}

@inproceedings{DBLP:conf/icml/Eldele0C0024,
  author       = {Emadeldeen Eldele and
                  Mohamed Ragab and
                  Zhenghua Chen and
                  Min Wu and
                  Xiaoli Li},
  title        = {TSLANet: Rethinking Transformers for Time Series Representation Learning},
  booktitle    = {Proceedings of the International Conference on Machine Learning},
  year         = {2024}
}

@inproceedings{DBLP:conf/icml/WuSZFYW19,
  author       = {Felix Wu and
                  Amauri H. Souza Jr. and
                  Tianyi Zhang and
                  Christopher Fifty and
                  Tao Yu and
                  Kilian Q. Weinberger},
  title        = {Simplifying Graph Convolutional Networks},
  booktitle    = {Proceedings of The International Conference on Machine Learning ({ICML})},
  series       = {Proceedings of Machine Learning Research},
  volume       = {97},
  pages        = {6861--6871},
  publisher    = {{PMLR}},
  year         = {2019}
}

@inproceedings{DBLP:conf/iconip/SeoDVB18,
  author       = {Youngjoo Seo and
                  Micha{\"{e}}l Defferrard and
                  Pierre Vandergheynst and
                  Xavier Bresson},
  title        = {Structured Sequence Modeling with Graph Convolutional Recurrent Networks},
  booktitle    = { Proceedings of The International Conference on Neural Information Processing ({ICONIP)}},
  series       = {Lecture Notes in Computer Science},
  volume       = {11301},
  pages        = {362--373},
  publisher    = {Springer},
  year         = {2018}
}

@inproceedings{DBLP:conf/kdd/0001ZKHK21,
  author       = {Menglin Yang and
                  Min Zhou and
                  Marcus Kalander and
                  Zengfeng Huang and
                  Irwin King},
  title        = {Discrete-time Temporal Network Embedding via Implicit Hierarchical
                  Learning in Hyperbolic Space},
  booktitle    = {Proceedings of The {ACM} {SIGKDD} Conference on Knowledge Discovery and Data Mining},
  pages        = {1975--1985},
  publisher    = {{ACM}},
  year         = {2021}
}

@inproceedings{DBLP:conf/kdd/BojchevskiKPKBR20,
  author       = {Aleksandar Bojchevski and
                  Johannes Klicpera and
                  Bryan Perozzi and
                  Amol Kapoor and
                  Martin Blais and
                  Benedek R{\'{o}}zemberczki and
                  Michal Lukasik and
                  Stephan G{\"{u}}nnemann},
  title        = {Scaling Graph Neural Networks with Approximate PageRank},
  booktitle    = {Proceedings of The {ACM} {SIGKDD} Conference on Knowledge Discovery
                  and Data Mining},
  pages        = {2464--2473},
  publisher    = {{ACM}},
  year         = {2020}
}

@inproceedings{DBLP:conf/kdd/KumarZL19,
  author       = {Srijan Kumar and
                  Xikun Zhang and
                  Jure Leskovec},
  title        = {Predicting Dynamic Embedding Trajectory in Temporal Interaction Networks},
  booktitle    = {Proceedings of The {ACM} {SIGKDD} International Conference on Knowledge Discovery {\&} Data Mining},
  pages        = {1269--1278},
  publisher    = {{ACM}},
  year         = {2019}
}

@inproceedings{DBLP:conf/kdd/YouDL22,
  author       = {Jiaxuan You and
                  Tianyu Du and
                  Jure Leskovec},
  editor       = {Aidong Zhang and
                  Huzefa Rangwala},
  title        = {{ROLAND:} Graph Learning Framework for Dynamic Graphs},
  booktitle    = {Proceedings of The {ACM} {SIGKDD} Conference on Knowledge Discovery and Data Mining},
  pages        = {2358--2366},
  publisher    = {{ACM}},
  year         = {2022}
}

@inproceedings{DBLP:conf/nips/JinLP22,
  author       = {Ming Jin and
                  Yuan{-}Fang Li and
                  Shirui Pan},
  title        = {Neural Temporal Walks: Motif-Aware Representation Learning on Continuous-Time
                  Dynamic Graphs},
  booktitle    = {Advances in Neural Information Processing Systems (NeurIPS)},
  year         = {2022}
}

@inproceedings{DBLP:conf/sigir/BianKDD19,
  author       = {Ranran Bian and
                  Yun Sing Koh and
                  Gillian Dobbie and
                  Anna Divoli},
  title        = {Network Embedding and Change Modeling in Dynamic Heterogeneous Networks},
  booktitle    = {Proceedings of The International {ACM} {SIGIR} Conference on
                  Research and Development in Information Retrieval},
  pages        = {861--864},
  publisher    = {{ACM}},
  year         = {2019}
}

@inproceedings{DBLP:conf/sigmod/WangLLXYWWCYSG21,
  author       = {Xuhong Wang and
                  Ding Lyu and
                  Mengjian Li and
                  Yang Xia and
                  Qi Yang and
                  Xinwen Wang and
                  Xinguang Wang and
                  Ping Cui and
                  Yupu Yang and
                  Bowen Sun and
                  Zhenyu Guo},
  title        = {{APAN:} Asynchronous Propagation Attention Network for Real-time Temporal
                  Graph Embedding},
  booktitle    = {Proceedings of The International Conference on Management of Data (SIGMOD)},
  pages        = {2628--2638},
  publisher    = {{ACM}},
  year         = {2021}
}

@inproceedings{DBLP:conf/wsdm/SankarWGZY20,
  author       = {Aravind Sankar and
                  Yanhong Wu and
                  Liang Gou and
                  Wei Zhang and
                  Hao Yang},
  editor       = {James Caverlee and
                  Xia (Ben) Hu and
                  Mounia Lalmas and
                  Wei Wang},
  title        = {DySAT: Deep Neural Representation Learning on Dynamic Graphs via Self-Attention Networks},
  booktitle    = {Proceedings of The {ACM} International Conference on Web Search and Data Mining (WSDM)},
  pages        = {519--527},
  publisher    = {{ACM}},
  year         = {2020}
}

@inproceedings{DBLP:conf/www/BaiNZZY23,
  author       = {Qijie Bai and
                  Changli Nie and
                  Haiwei Zhang and
                  Dongming Zhao and
                  Xiaojie Yuan},
  title        = {HGWaveNet: {A} Hyperbolic Graph Neural Network for Temporal Link Prediction},
  booktitle    = {Proceedings of The {ACM} Web Conference},
  pages        = {523--532},
  publisher    = {{ACM}},
  year         = {2023}
}

@inproceedings{DBLP:conf/www/SureshSMN023,
  author       = {Susheel Suresh and
                  Mayank Shrivastava and
                  Arko Mukherjee and
                  Jennifer Neville and
                  Pan Li},
  title        = {Expressive and Efficient Representation Learning for Ranking Links
                  in Temporal Graphs},
  booktitle    = {Proceedings of The {ACM} Web Conference},
  pages        = {567--577},
  publisher    = {{ACM}},
  year         = {2023}
}

@inproceedings{DBLP:conf/www/ZhangYJL23,
  author       = {Guozhen Zhang and
                  Tian Ye and
                  Depeng Jin and
                  Yong Li},
  title        = {An Attentional Multi-scale Co-evolving Model for Dynamic Link Prediction},
  booktitle    = {Proceedings of The {ACM} Web Conference},
  pages        = {429--437},
  publisher    = {{ACM}},
  year         = {2023}
}

@article{DBLP:journals/pacmmod/LiSCY23,
  title = {Orca: Scalable Temporal Graph Neural Network Training with Theoretical Guarantees},
  author= {Yiming Li and Yanyan Shen and Lei Chen and Mingxuan Yuan},
  journal      = {Proceedings of The International Conference on Management of Data (SIGMOD)},
  volume       = {1},
  number       = {1},
  pages        = {52:1--52:27},
  year         = {2023}
}

@article{DBLP:journals/pvldb/FangFGFH23,
  author       = {Lanting Fang and
                  Kaiyu Feng and
                  Jie Gui and
                  Shanshan Feng and
                  Aiqun Hu},
  title        = {Anonymous Edge Representation for Inductive Anomaly Detection in Dynamic
                  Bipartite Graphs},
  journal      = {Proceedings of The VLDB Endowment},
  volume       = {16},
  number       = {5},
  pages        = {1154--1167},
  year         = {2023}
}

@article{DBLP:journals/pvldb/LiSCY23,
  author       = {Yiming Li and
                  Yanyan Shen and
                  Lei Chen and
                  Mingxuan Yuan},
  title        = {Zebra: When Temporal Graph Neural Networks Meet Temporal Personalized PageRank},
  journal      = {Proceedings of The VLDB Endowment},
  volume       = {16},
  number       = {6},
  pages        = {1332--1345},
  year         = {2023}
}

@article{DBLP:journals/pvldb/ZhengWL23,
  author       = {Yanping Zheng and
                  Zhewei Wei and
                  Jiajun Liu},
  title        = {Decoupled Graph Neural Networks for Large Dynamic Graphs},
  journal      = {Proceedings of The VLDB Endowment},
  volume       = {16},
  number       = {9},
  pages        = {2239--2247},
  year         = {2023}
}

@inproceedings{cheng2024co,
  title={Co-Neighbor Encoding Schema: A Light-cost Structure Encoding Method for Dynamic Link Prediction},
  author={Cheng, Ke and Linzhi, Peng and Ye, Junchen and Sun, Leilei and Du, Bowen},
  booktitle={Proceedings of the ACM SIGKDD Conference on Knowledge Discovery and Data Mining},
  pages={421--432},
  year={2024}
}

@article{du2023efficient,
  title={Efficient Tree-SVD for Subset Node Embedding over Large Dynamic Graphs},
  author={Du, Xinyu and Zhang, Xingyi and Wang, Sibo and Huang, Zengfeng},
  journal={Proceedings of The ACM on Management of Data (SIGMOD)},
  volume={1},
  number={1},
  pages={1--26},
  year={2023},
  publisher={ACM New York, NY, USA}
}

@article{gao2022novel,
  title={A novel representation learning for dynamic graphs based on graph convolutional networks},
  author={Gao, Chao and Zhu, Junyou and Zhang, Fan and Wang, Zhen and Li, Xuelong},
  journal={IEEE Transactions on Cybernetics},
  volume={53},
  number={6},
  pages={3599--3612},
  year={2022},
  publisher={IEEE}
}

@article{gao2024simple,
  title={SIMPLE: Efficient Temporal Graph Neural Network Training at Scale with Dynamic Data Placement},
  author={Gao, Shihong and Li, Yiming and Zhang, Xin and Shen, Yanyan and Shao, Yingxia and Chen, Lei},
  journal={Proceedings of the ACM on Management of Data},
  volume={2},
  number={3},
  pages={1--25},
  year={2024},
  publisher={ACM New York, NY, USA}
}

@article{hao2023dynamic,
  title={Dynamic Graph Embedding via Meta-Learning},
  author={Hao, Yu and Mao, Yuren and Cao, Xin and Fang, Yixiang and Lin, Xuemin and Mao, Hua},
  journal={IEEE Transactions on Knowledge and Data Engineering},
  year={2023},
  publisher={IEEE}
}

@inproceedings{kong2023efficient,
  title={Efficient frequency domain-based transformers for high-quality image deblurring},
  author={Kong, Lingshun and Dong, Jiangxin and Ge, Jianjun and Li, Mingqiang and Pan, Jinshan},
  booktitle={Proceedings of the IEEE/CVF Conference on Computer Vision and Pattern Recognition},
  pages={5886--5895},
  year={2023}
}

@inproceedings{li2017attributed,
  title={Attributed network embedding for learning in a dynamic environment},
  author={Li, Jundong and Dani, Harsh and Hu, Xia and Tang, Jiliang and Chang, Yi and Liu, Huan},
  booktitle={Proceedings of the ACM on Conference on Information and Knowledge Management},
  pages={387--396},
  year={2017}
}

@article{li2024robust,
  title={Robust knowledge adaptation for dynamic graph neural networks},
  author={Li, Hanjie and Li, Changsheng and Feng, Kaituo and Yuan, Ye and Wang, Guoren and Zha, Hongyuan},
  journal={IEEE Transactions on Knowledge and Data Engineering},
  year={2024},
  publisher={IEEE}
}

@article{liu2020k,
  title={K-core based temporal graph convolutional network for dynamic graphs},
  author={Liu, Jingxin and Xu, Chang and Yin, Chang and Wu, Weiqiang and Song, You},
  journal={IEEE Transactions on Knowledge and Data Engineering},
  volume={34},
  number={8},
  pages={3841--3853},
  year={2020},
  publisher={IEEE}
}

@article{liu2021anomaly,
  title={Anomaly detection in dynamic graphs via transformer},
  author={Liu, Yixin and Pan, Shirui and Wang, Yu Guang and Xiong, Fei and Wang, Liang and Chen, Qingfeng and Lee, Vincent CS},
  journal={IEEE Transactions on Knowledge and Data Engineering},
  volume={35},
  number={12},
  pages={12081--12094},
  year={2021},
  publisher={IEEE}
}

@inproceedings{luo2022neighborhood,
  title={Neighborhood-aware scalable temporal network representation learning},
  author={Luo, Yuhong and Li, Pan},
  booktitle={Proceedings of the Learning on Graphs Conference},
  pages={1--1},
  year={2022},
  organization={PMLR}
}

@article{qin2023high,
  title={High-quality temporal link prediction for weighted dynamic graphs via inductive embedding aggregation},
  author={Qin, Meng and Zhang, Chaorui and Bai, Bo and Zhang, Gong and Yeung, Dit-Yan},
  journal={IEEE Transactions on Knowledge and Data Engineering},
  volume={35},
  number={9},
  pages={9378--9393},
  year={2023},
  publisher={IEEE}
}

@article{souza2022provably,
  title={Provably expressive temporal graph networks},
  author={Souza, Amauri and Mesquita, Diego and Kaski, Samuel and Garg, Vikas},
  journal={Advances in neural information processing systems},
  volume={35},
  pages={32257--32269},
  year={2022}
}

@inproceedings{tgn_icml_grl2020,
    title={Temporal Graph Networks for Deep Learning on Dynamic Graphs},
    author={Emanuele Rossi and Ben Chamberlain and Fabrizio Frasca and Davide Eynard and Federico 
    Monti and Michael Bronstein},
    booktitle={ICML 2020 Workshop on Graph Representation Learning},
    year={2020}
}

@inproceedings{tian2023freedyg,
  title={FreeDyG: Frequency Enhanced Continuous-Time Dynamic Graph Model for Link Prediction},
  author={Tian, Yuxing and Qi, Yiyan and Guo, Fan},
  booktitle={Proceedings of The International Conference on Learning Representations},
  year={2023}
}

@article{xu2024bootstrapping,
  title={Bootstrapping on Continuous-Time Dynamic Graphs for Crowd Flow Modeling},
  author={Xu, Yi and Han, Liangzhe and Sun, Leilei and Du, Bowen and Liu, Chuanren and Xiong, Hui},
  journal={IEEE Transactions on Knowledge and Data Engineering},
  year={2024},
  publisher={IEEE}
}

@article{xu2024scalable,
  title={Scalable and Effective Temporal Graph Representation Learning With Hyperbolic Geometry},
  author={Xu, Yuanyuan and Zhang, Wenjie and Xu, Xiwei and Li, Binghao and Zhang, Ying},
  journal={IEEE Transactions on Neural Networks and Learning Systems},
  year={2024},
  publisher={IEEE}
}

@article{yang2020adaptive,
  title={Adaptive temporal-frequency network for time-series forecasting},
  author={Yang, Zhangjing and Yan, Weiwu and Huang, Xiaolin and Mei, Lin},
  journal={IEEE Transactions on Knowledge and Data Engineering},
  volume={34},
  number={4},
  pages={1576--1587},
  year={2020},
  publisher={IEEE}
}

@article{yang2021time,
  title={Time-capturing dynamic graph embedding for temporal linkage evolution},
  author={Yang, Yu and Cao, Jiannong and Stojmenovic, Milos and Wang, Senzhang and Cheng, Yiran and Lum, Chun and Li, Zhetao},
  journal={IEEE Transactions on Knowledge and Data Engineering},
  volume={35},
  number={1},
  pages={958--971},
  year={2021},
  publisher={IEEE}
}

@article{yang2023time,
  title={Time-aware dynamic graph embedding for asynchronous structural evolution},
  author={Yang, Yu and Yin, Hongzhi and Cao, Jiannong and Chen, Tong and Nguyen, Quoc Viet Hung and Zhou, Xiaofang and Chen, Lei},
  journal={IEEE Transactions on Knowledge and Data Engineering},
  volume={35},
  number={9},
  pages={9656--9670},
  year={2023},
  publisher={IEEE}
}

@article{yu2023towards,
  title={Towards better dynamic graph learning: New architecture and unified library},
  author={Yu, Le and Sun, Leilei and Du, Bowen and Lv, Weifeng},
  journal={Advances in Neural Information Processing Systems},
  volume={36},
  pages={67686--67700},
  year={2023}
}

@inproceedings{zhang2017stock,
  title={Stock price prediction via discovering multi-frequency trading patterns},
  author={Zhang, Liheng and Aggarwal, Charu and Qi, Guo-Jun},
  booktitle={Proceedings of the ACM SIGKDD international conference on knowledge discovery and data mining},
  pages={2141--2149},
  year={2017}
}

@inproceedings{zhang2023dyted,
  title={Dyted: Disentangled representation learning for discrete-time dynamic graph},
  author={Zhang, Kaike and Cao, Qi and Fang, Gaolin and Xu, Bingbing and Zou, Hongjian and Shen, Huawei and Cheng, Xueqi},
  booktitle={Proceedings of the ACM SIGKDD Conference on Knowledge Discovery and Data Mining},
  pages={3309--3320},
  year={2023}
}

@article{zhao2024adversarial,
  title={Adversarial Attack and Defense on Discrete Time Dynamic Graphs},
  author={Zhao, Ziwei and Yang, Yu and Yin, Zikai and Xu, Tong and Zhu, Xi and Lin, Fake and Li, Xueying and Chen, Enhong},
  journal={IEEE Transactions on Knowledge and Data Engineering},
  year={2024},
  publisher={IEEE}
}

@inproceedings{zhou2022fedformer,
  title={Fedformer: Frequency enhanced decomposed transformer for long-term series forecasting},
  author={Zhou, Tian and Ma, Ziqing and Wen, Qingsong and Wang, Xue and Sun, Liang and Jin, Rong},
  booktitle={Proceedings of International conference on machine learning},
  pages={27268--27286},
  year={2022},
  organization={PMLR}
}

@article{zhou2022tgl,
  title={TGL: a general framework for temporal GNN training on billion-scale graphs},
  author={Zhou, Hongkuan and Zheng, Da and Nisa, Israt and Ioannidis, Vasileios and Song, Xiang and Karypis, George},
  journal={Proceedings of The VLDB Endowment},
  volume={15},
  number={8},
  pages={1572--1580},
  year={2022},
  publisher={VLDB Endowment}
}

@inproceedings{zhu2023wingnn,
  title={Wingnn: Dynamic graph neural networks with random gradient aggregation window},
  author={Zhu, Yifan and Cong, Fangpeng and Zhang, Dan and Gong, Wenwen and Lin, Qika and Feng, Wenzheng and Dong, Yuxiao and Tang, Jie},
  booktitle={Proceedings of the ACM SIGKDD Conference on Knowledge Discovery and Data Mining},
  pages={3650--3662},
  year={2023}
}

@article{zou2023event,
  title={Event-based dynamic graph representation learning for patent application trend prediction},
  author={Zou, Tao and Yu, Le and Sun, Leilei and Du, Bowen and Wang, Deqing and Zhuang, Fuzhen},
  journal={IEEE Transactions on Knowledge and Data Engineering},
  year={2023},
  publisher={IEEE}
}

@inproceedings{zuo2018embedding,
  title={Embedding temporal network via neighborhood formation},
  author={Zuo, Yuan and Liu, Guannan and Lin, Hao and Guo, Jia and Hu, Xiaoqian and Wu, Junjie},
  booktitle={Proceedings of the ACM SIGKDD international conference on knowledge discovery \& data mining},
  pages={2857--2866},
  year={2018}
}

