@article{10.14778/3626292.3626300,
author = {Wu, Xueyi and Xu, Yuanyuan and Zhang, Wenjie and Zhang, Ying},
title = {Billion-Scale Bipartite Graph Embedding: A Global-Local Induced Approach},
year = {2023},
volume = {17},
number = {2},
issn = {2150-8097},
journal = {Proceedings of The VLDB Endowment},
pages = {175â€“183}
}
@inproceedings{DBLP:conf/iclr/CongZKYWZTM23,
  author       = {Weilin Cong and
                  Si Zhang and
                  Jian Kang and
                  Baichuan Yuan and
                  Hao Wu and
                  Xin Zhou and
                  Hanghang Tong and
                  Mehrdad Mahdavi},
  title        = {Do We Really Need Complicated Model Architectures For Temporal Networks?},
  booktitle    = {Proceedings of International Conference on Learning Representations (ICLR)},
  publisher    = {OpenReview.net},
  year         = {2023}
}
@article{yi2024frequency,
  title={Frequency-domain MLPs are more effective learners in time series forecasting},
  author={Yi, Kun and Zhang, Qi and Fan, Wei and Wang, Shoujin and Wang, Pengyang and He, Hui and An, Ning and Lian, Defu and Cao, Longbing and Niu, Zhendong},
  journal={Advances in Neural Information Processing Systems},
  volume={36},
  year={2024}
}
@article{DBLP:journals/pvldb/LiSCY23,
  author       = {Yiming Li and
                  Yanyan Shen and
                  Lei Chen and
                  Mingxuan Yuan},
  title        = {Zebra: When Temporal Graph Neural Networks Meet Temporal Personalized PageRank},
  journal      = {Proceedings of The VLDB Endowment},
  volume       = {16},
  number       = {6},
  pages        = {1332--1345},
  year         = {2023}
}
@article{DBLP:journals/pacmmod/LiSCY23,
  title = {Orca: Scalable Temporal Graph Neural Network Training with Theoretical Guarantees},
  author= {Yiming Li and Yanyan Shen and Lei Chen and Mingxuan Yuan},
  journal      = {Proceedings of The International Conference on Management of Data (SIGMOD)},
  volume       = {1},
  number       = {1},
  pages        = {52:1--52:27},
  year         = {2023}
}
@article{layne2023temporal,
  title={Temporal SIR-GN: Efficient and Effective Structural Representation Learning for Temporal Graphs},
  author={Layne, Janet and Carpenter, Justin and Serra, Edoardo and Gullo, Francesco},
  journal={Proceedings of The VLDB Endowment},
  volume={16},
  number={9},
  pages={2075--2089},
  year={2023},
  publisher={VLDB Endowment}
}
@inproceedings{DBLP:conf/icde/0003SLRD23,
  author       = {Xiao Qin and
                  Nasrullah Sheikh and
                  Chuan Lei and
                  Berthold Reinwald and
                  Giacomo Domeniconi},
  title        = {{SEIGN:} {A} Simple and Efficient Graph Neural Network for Large Dynamic Graphs},
  booktitle    = {Proceedings of The {IEEE} International Conference on Data Engineering (ICDE)},
  pages        = {2850--2863},
  publisher    = {{IEEE}},
  year         = {2023}
}
@inproceedings{zhang2023tiger,
  title={TIGER: Temporal Interaction Graph Embedding with Restarts},
  author={Zhang, Yao and Xiong, Yun and Liao, Yongxiang and Sun, Yiheng and Jin, Yucheng and Zheng, Xuehao and Zhu, Yangyong},
  booktitle={Proceedings of The ACM Web Conference},
  pages={478--488},
  year={2023}
}
@article{zhou2022tgl,
  title={TGL: a general framework for temporal GNN training on billion-scale graphs},
  author={Zhou, Hongkuan and Zheng, Da and Nisa, Israt and Ioannidis, Vasileios and Song, Xiang and Karypis, George},
  journal={Proceedings of The VLDB Endowment},
  volume={15},
  number={8},
  pages={1572--1580},
  year={2022},
  publisher={VLDB Endowment}
}
@inproceedings{DBLP:conf/nips/JinLP22,
  author       = {Ming Jin and
                  Yuan{-}Fang Li and
                  Shirui Pan},
  title        = {Neural Temporal Walks: Motif-Aware Representation Learning on Continuous-Time
                  Dynamic Graphs},
  booktitle    = {Advances in Neural Information Processing Systems (NeurIPS)},
  year         = {2022}
}
@inproceedings{DBLP:conf/iclr/WangCLL021,
  author       = {Yanbang Wang and
                  Yen{-}Yu Chang and
                  Yunyu Liu and
                  Jure Leskovec and
                  Pan Li},
  title        = {Inductive Representation Learning in Temporal Networks via Causal Anonymous Walks},
  booktitle    = {Proceedings of International Conference on Learning Representations (ICLR)},
  publisher    = {OpenReview.net},
  year         = {2021}
}
@inproceedings{DBLP:conf/wsdm/SankarWGZY20,
  author       = {Aravind Sankar and
                  Yanhong Wu and
                  Liang Gou and
                  Wei Zhang and
                  Hao Yang},
  editor       = {James Caverlee and
                  Xia (Ben) Hu and
                  Mounia Lalmas and
                  Wei Wang},
  title        = {DySAT: Deep Neural Representation Learning on Dynamic Graphs via Self-Attention Networks},
  booktitle    = {Proceedings of The {ACM} International Conference on Web Search and Data Mining (WSDM)},
  pages        = {519--527},
  publisher    = {{ACM}},
  year         = {2020}
}
@article{liu2021anomaly,
  title={Anomaly detection in dynamic graphs via transformer},
  author={Liu, Yixin and Pan, Shirui and Wang, Yu Guang and Xiong, Fei and Wang, Liang and Chen, Qingfeng and Lee, Vincent CS},
  journal={IEEE Transactions on Knowledge and Data Engineering},
  volume={35},
  number={12},
  pages={12081--12094},
  year={2021},
  publisher={IEEE}
}
@inproceedings{DBLP:conf/kdd/KumarZL19,
  author       = {Srijan Kumar and
                  Xikun Zhang and
                  Jure Leskovec},
  title        = {Predicting Dynamic Embedding Trajectory in Temporal Interaction Networks},
  booktitle    = {Proceedings of The {ACM} {SIGKDD} International Conference on Knowledge Discovery {\&} Data Mining},
  pages        = {1269--1278},
  publisher    = {{ACM}},
  year         = {2019}
}
@inproceedings{DBLP:conf/iclr/XuRKKA20,
  author       = {Da Xu and
                  Chuanwei Ruan and
                  Evren K{\"{o}}rpeoglu and
                  Sushant Kumar and
                  Kannan Achan},
  title        = {Inductive representation learning on temporal graphs},
  booktitle    = {Proceedings of The International Conference on Learning Representations (ICLR)},
  publisher    = {OpenReview.net},
  year         = {2020}
}
@inproceedings{DBLP:conf/sigmod/WangLLXYWWCYSG21,
  author       = {Xuhong Wang and
                  Ding Lyu and
                  Mengjian Li and
                  Yang Xia and
                  Qi Yang and
                  Xinwen Wang and
                  Xinguang Wang and
                  Ping Cui and
                  Yupu Yang and
                  Bowen Sun and
                  Zhenyu Guo},
  title        = {{APAN:} Asynchronous Propagation Attention Network for Real-time Temporal
                  Graph Embedding},
  booktitle    = {Proceedings of The International Conference on Management of Data (SIGMOD)},
  pages        = {2628--2638},
  publisher    = {{ACM}},
  year         = {2021}
}
@inproceedings{tgn_icml_grl2020,
    title={Temporal Graph Networks for Deep Learning on Dynamic Graphs},
    author={Emanuele Rossi and Ben Chamberlain and Fabrizio Frasca and Davide Eynard and Federico 
    Monti and Michael Bronstein},
    booktitle={ICML 2020 Workshop on Graph Representation Learning},
    year={2020}
}
@article{DBLP:journals/pvldb/LayneCSG23,
  author       = {Janet Layne and
                  Justin Carpenter and
                  Edoardo Serra and
                  Francesco Gullo},
  title        = {Temporal {SIR-GN:} Efficient and Effective Structural Representation Learning for Temporal Graphs},
  journal      = {Proceedings of The VLDB Endowment},
  volume       = {16},
  number       = {9},
  pages        = {2075--2089},
  year         = {2023}
}
@article{DBLP:journals/pvldb/ZhengWL23,
  author       = {Yanping Zheng and
                  Zhewei Wei and
                  Jiajun Liu},
  title        = {Decoupled Graph Neural Networks for Large Dynamic Graphs},
  journal      = {Proceedings of The VLDB Endowment},
  volume       = {16},
  number       = {9},
  pages        = {2239--2247},
  year         = {2023}
}
@inproceedings{li2017attributed,
  title={Attributed network embedding for learning in a dynamic environment},
  author={Li, Jundong and Dani, Harsh and Hu, Xia and Tang, Jiliang and Chang, Yi and Liu, Huan},
  booktitle={Proceedings of the ACM on Conference on Information and Knowledge Management},
  pages={387--396},
  year={2017}
}
@article{yang2020adaptive,
  title={Adaptive temporal-frequency network for time-series forecasting},
  author={Yang, Zhangjing and Yan, Weiwu and Huang, Xiaolin and Mei, Lin},
  journal={IEEE Transactions on Knowledge and Data Engineering},
  volume={34},
  number={4},
  pages={1576--1587},
  year={2020},
  publisher={IEEE}
}
@inproceedings{zhou2022fedformer,
  title={Fedformer: Frequency enhanced decomposed transformer for long-term series forecasting},
  author={Zhou, Tian and Ma, Ziqing and Wen, Qingsong and Wang, Xue and Sun, Liang and Jin, Rong},
  booktitle={Proceedings of International conference on machine learning},
  pages={27268--27286},
  year={2022},
  organization={PMLR}
}
@inproceedings{zhang2017stock,
  title={Stock price prediction via discovering multi-frequency trading patterns},
  author={Zhang, Liheng and Aggarwal, Charu and Qi, Guo-Jun},
  booktitle={Proceedings of the ACM SIGKDD international conference on knowledge discovery and data mining},
  pages={2141--2149},
  year={2017}
}
@inproceedings{kong2023efficient,
  title={Efficient frequency domain-based transformers for high-quality image deblurring},
  author={Kong, Lingshun and Dong, Jiangxin and Ge, Jianjun and Li, Mingqiang and Pan, Jinshan},
  booktitle={Proceedings of the IEEE/CVF Conference on Computer Vision and Pattern Recognition},
  pages={5886--5895},
  year={2023}
}
@article{gao2024simple,
  title={SIMPLE: Efficient Temporal Graph Neural Network Training at Scale with Dynamic Data Placement},
  author={Gao, Shihong and Li, Yiming and Zhang, Xin and Shen, Yanyan and Shao, Yingxia and Chen, Lei},
  journal={Proceedings of the ACM on Management of Data},
  volume={2},
  number={3},
  pages={1--25},
  year={2024},
  publisher={ACM New York, NY, USA}
}
@INPROCEEDINGS {TimeSGN,
author = {Y. Xu and W. Zhang and Y. Zhang and M. Orlowska and X. Lin},
booktitle = {Proceedings of IEEE International Conference on Data Engineering (ICDE)},
title = {TimeSGN: Scalable and Effective Temporal Graph Neural Network},
year = {2024},
pages = {3297-3310}
}
@inproceedings{DBLP:conf/icdm/SharanN08,
  author       = {Umang Sharan and
                  Jennifer Neville},
  title        = {Temporal-Relational Classifiers for Prediction in Evolving Domains},
  booktitle    = {Proceedings of The {IEEE} International Conference on Data Mining (ICDM)},
  pages        = {540--549},
  publisher    = {{IEEE} Computer Society},
  year         = {2008}
}
@inproceedings{DBLP:conf/icde/ZhuGYSG17,
  author       = {Linhong Zhu and
                  Dong Guo and
                  Junming Yin and
                  Greg Ver Steeg and
                  Aram Galstyan},
  title        = {Scalable Temporal Latent Space Inference for Link Prediction in Dynamic
                  Social Networks (Extended Abstract)},
  booktitle    = {Proceedings of The {IEEE} International Conference on Data Engineering ({ICDE)}},
  pages        = {57--58},
  publisher    = {{IEEE} Computer Society},
  year         = {2017}
}
@article{sun2022aligning,
  title={Aligning dynamic social networks: An optimization over dynamic graph autoencoder},
  author={Sun, Li and Zhang, Zhongbao and Wang, Feiyang and Ji, Pengxin and Wen, Jian and Su, Sen and Philip, S Yu},
  journal={IEEE Transactions on Knowledge and Data Engineering},
  volume={35},
  number={6},
  pages={5597--5611},
  year={2022},
  publisher={IEEE}
}
@article{xu2024bootstrapping,
  title={Bootstrapping on Continuous-Time Dynamic Graphs for Crowd Flow Modeling},
  author={Xu, Yi and Han, Liangzhe and Sun, Leilei and Du, Bowen and Liu, Chuanren and Xiong, Hui},
  journal={IEEE Transactions on Knowledge and Data Engineering},
  year={2024},
  publisher={IEEE}
}
@inproceedings{DBLP:conf/sigir/BianKDD19,
  author       = {Ranran Bian and
                  Yun Sing Koh and
                  Gillian Dobbie and
                  Anna Divoli},
  title        = {Network Embedding and Change Modeling in Dynamic Heterogeneous Networks},
  booktitle    = {Proceedings of The International {ACM} {SIGIR} Conference on
                  Research and Development in Information Retrieval},
  pages        = {861--864},
  publisher    = {{ACM}},
  year         = {2019}
}
@inproceedings{zhu2023wingnn,
  title={Wingnn: Dynamic graph neural networks with random gradient aggregation window},
  author={Zhu, Yifan and Cong, Fangpeng and Zhang, Dan and Gong, Wenwen and Lin, Qika and Feng, Wenzheng and Dong, Yuxiao and Tang, Jie},
  booktitle={Proceedings of the ACM SIGKDD Conference on Knowledge Discovery and Data Mining},
  pages={3650--3662},
  year={2023}
}
@inproceedings{DBLP:conf/iconip/SeoDVB18,
  author       = {Youngjoo Seo and
                  Micha{\"{e}}l Defferrard and
                  Pierre Vandergheynst and
                  Xavier Bresson},
  title        = {Structured Sequence Modeling with Graph Convolutional Recurrent Networks},
  booktitle    = { Proceedings of The International Conference on Neural Information Processing ({ICONIP)}},
  series       = {Lecture Notes in Computer Science},
  volume       = {11301},
  pages        = {362--373},
  publisher    = {Springer},
  year         = {2018}
}
@inproceedings{DBLP:conf/aaai/ParejaDCMSKKSL20,
  author       = {Aldo Pareja and
                  Giacomo Domeniconi and
                  Jie Chen and
                  Tengfei Ma and
                  Toyotaro Suzumura and
                  Hiroki Kanezashi and
                  Tim Kaler and
                  Tao B. Schardl and
                  Charles E. Leiserson},
  title        = {EvolveGCN: Evolving Graph Convolutional Networks for Dynamic Graphs},
  booktitle    = {Proceedings of The {AAAI} Conference on Artificial Intelligence},
  pages        = {5363--5370},
  publisher    = {{AAAI} Press},
  year         = {2020}
}
@inproceedings{DBLP:conf/kdd/0001ZKHK21,
  author       = {Menglin Yang and
                  Min Zhou and
                  Marcus Kalander and
                  Zengfeng Huang and
                  Irwin King},
  title        = {Discrete-time Temporal Network Embedding via Implicit Hierarchical
                  Learning in Hyperbolic Space},
  booktitle    = {Proceedings of The {ACM} {SIGKDD} Conference on Knowledge Discovery and Data Mining},
  pages        = {1975--1985},
  publisher    = {{ACM}},
  year         = {2021}
}
@inproceedings{DBLP:conf/www/BaiNZZY23,
  author       = {Qijie Bai and
                  Changli Nie and
                  Haiwei Zhang and
                  Dongming Zhao and
                  Xiaojie Yuan},
  title        = {HGWaveNet: {A} Hyperbolic Graph Neural Network for Temporal Link Prediction},
  booktitle    = {Proceedings of The {ACM} Web Conference},
  pages        = {523--532},
  publisher    = {{ACM}},
  year         = {2023}
}
@inproceedings{zuo2018embedding,
  title={Embedding temporal network via neighborhood formation},
  author={Zuo, Yuan and Liu, Guannan and Lin, Hao and Guo, Jia and Hu, Xiaoqian and Wu, Junjie},
  booktitle={Proceedings of the ACM SIGKDD international conference on knowledge discovery \& data mining},
  pages={2857--2866},
  year={2018}
}
@article{xu2024scalable,
  title={Scalable and Effective Temporal Graph Representation Learning With Hyperbolic Geometry},
  author={Xu, Yuanyuan and Zhang, Wenjie and Xu, Xiwei and Li, Binghao and Zhang, Ying},
  journal={IEEE Transactions on Neural Networks and Learning Systems},
  year={2024},
  publisher={IEEE}
}
@article{souza2022provably,
  title={Provably expressive temporal graph networks},
  author={Souza, Amauri and Mesquita, Diego and Kaski, Samuel and Garg, Vikas},
  journal={Advances in neural information processing systems},
  volume={35},
  pages={32257--32269},
  year={2022}
}
@article{zhao2024adversarial,
  title={Adversarial Attack and Defense on Discrete Time Dynamic Graphs},
  author={Zhao, Ziwei and Yang, Yu and Yin, Zikai and Xu, Tong and Zhu, Xi and Lin, Fake and Li, Xueying and Chen, Enhong},
  journal={IEEE Transactions on Knowledge and Data Engineering},
  year={2024},
  publisher={IEEE}
}
@article{hao2023dynamic,
  title={Dynamic Graph Embedding via Meta-Learning},
  author={Hao, Yu and Mao, Yuren and Cao, Xin and Fang, Yixiang and Lin, Xuemin and Mao, Hua},
  journal={IEEE Transactions on Knowledge and Data Engineering},
  year={2023},
  publisher={IEEE}
}
@article{li2024robust,
  title={Robust knowledge adaptation for dynamic graph neural networks},
  author={Li, Hanjie and Li, Changsheng and Feng, Kaituo and Yuan, Ye and Wang, Guoren and Zha, Hongyuan},
  journal={IEEE Transactions on Knowledge and Data Engineering},
  year={2024},
  publisher={IEEE}
}
@article{liu2020k,
  title={K-core based temporal graph convolutional network for dynamic graphs},
  author={Liu, Jingxin and Xu, Chang and Yin, Chang and Wu, Weiqiang and Song, You},
  journal={IEEE Transactions on Knowledge and Data Engineering},
  volume={34},
  number={8},
  pages={3841--3853},
  year={2020},
  publisher={IEEE}
}
@article{huang2024utg,
  title={UTG: Towards a Unified View of Snapshot and Event Based Models for Temporal Graphs},
  author={Huang, Shenyang and Poursafaei, Farimah and Rabbany, Reihaneh and Rabusseau, Guillaume and Rossi, Emanuele},
  journal={arXiv preprint arXiv:2407.12269},
  year={2024}
}
@inproceedings{cheng2024co,
  title={Co-Neighbor Encoding Schema: A Light-cost Structure Encoding Method for Dynamic Link Prediction},
  author={Cheng, Ke and Linzhi, Peng and Ye, Junchen and Sun, Leilei and Du, Bowen},
  booktitle={Proceedings of the ACM SIGKDD Conference on Knowledge Discovery and Data Mining},
  pages={421--432},
  year={2024}
}
@inproceedings{tian2023freedyg,
  title={FreeDyG: Frequency Enhanced Continuous-Time Dynamic Graph Model for Link Prediction},
  author={Tian, Yuxing and Qi, Yiyan and Guo, Fan},
  booktitle={Proceedings of The International Conference on Learning Representations},
  year={2023}
}
@article{yu2023towards,
  title={Towards better dynamic graph learning: New architecture and unified library},
  author={Yu, Le and Sun, Leilei and Du, Bowen and Lv, Weifeng},
  journal={Advances in Neural Information Processing Systems},
  volume={36},
  pages={67686--67700},
  year={2023}
}
@inproceedings{luo2022neighborhood,
  title={Neighborhood-aware scalable temporal network representation learning},
  author={Luo, Yuhong and Li, Pan},
  booktitle={Proceedings of the Learning on Graphs Conference},
  pages={1--1},
  year={2022},
  organization={PMLR}
}
@inproceedings{pareja2020evolvegcn,
  title={Evolvegcn: Evolving graph convolutional networks for dynamic graphs},
  author={Pareja, Aldo and Domeniconi, Giacomo and Chen, Jie and Ma, Tengfei and Suzumura, Toyotaro and Kanezashi, Hiroki and Kaler, Tim and Schardl, Tao and Leiserson, Charles},
  booktitle={Proceedings of the AAAI conference on artificial intelligence},
  volume={34},
  number={04},
  pages={5363--5370},
  year={2020}
}
@inproceedings{DBLP:conf/www/ZhangYJL23,
  author       = {Guozhen Zhang and
                  Tian Ye and
                  Depeng Jin and
                  Yong Li},
  title        = {An Attentional Multi-scale Co-evolving Model for Dynamic Link Prediction},
  booktitle    = {Proceedings of The {ACM} Web Conference},
  pages        = {429--437},
  publisher    = {{ACM}},
  year         = {2023}
}
@inproceedings{DBLP:conf/iclr/TrivediFBZ19,
  author       = {Rakshit Trivedi and
                  Mehrdad Farajtabar and
                  Prasenjeet Biswal and
                  Hongyuan Zha},
  title        = {DyRep: Learning Representations over Dynamic Graphs},
  booktitle    = {Proceedings of The International Conference on Learning Representations ({ICLR})},
  publisher    = {OpenReview.net},
  year         = {2019}
}
@inproceedings{DBLP:conf/grades/GuanIK22,
  author       = {Mingyu Guan and
                  Anand Padmanabha Iyer and
                  Taesoo Kim},
  editor       = {Vasiliki Kalavri and
                  Semih Salihoglu},
  title        = {DynaGraph: dynamic graph neural networks at scale},
  booktitle    = {Proceedings of The {ACM} {SIGMOD} Joint International Workshop on Graph Data Management Experiences {\&} Systems {(GRADES)} and Network Data Analytics (NDA)},
  pages        = {6:1--6:10},
  publisher    = {{ACM}},
  year         = {2022}
}
@inproceedings{paranjape2017motifs,
  title={Motifs in temporal networks},
  author={Paranjape, Ashwin and Benson, Austin R and Leskovec, Jure},
  booktitle={Proceedings of the tenth ACM international conference on web search and data mining},
  pages={601--610},
  year={2017}
}
@inproceedings{zhang2023dyted,
  title={Dyted: Disentangled representation learning for discrete-time dynamic graph},
  author={Zhang, Kaike and Cao, Qi and Fang, Gaolin and Xu, Bingbing and Zou, Hongjian and Shen, Huawei and Cheng, Xueqi},
  booktitle={Proceedings of the ACM SIGKDD Conference on Knowledge Discovery and Data Mining},
  pages={3309--3320},
  year={2023}
}
@inproceedings{DBLP:conf/kdd/YouDL22,
  author       = {Jiaxuan You and
                  Tianyu Du and
                  Jure Leskovec},
  editor       = {Aidong Zhang and
                  Huzefa Rangwala},
  title        = {{ROLAND:} Graph Learning Framework for Dynamic Graphs},
  booktitle    = {Proceedings of The {ACM} {SIGKDD} Conference on Knowledge Discovery and Data Mining},
  pages        = {2358--2366},
  publisher    = {{ACM}},
  year         = {2022}
}
@inproceedings{DBLP:conf/www/NguyenLRAKK18,
  author       = {Giang Hoang Nguyen and
                  John Boaz Lee and
                  Ryan A. Rossi and
                  Nesreen K. Ahmed and
                  Eunyee Koh and
                  Sungchul Kim},
  title        = {Continuous-Time Dynamic Network Embeddings},
  booktitle    = {Proceedings of The Web Conference},
  pages        = {969--976},
  publisher    = {{ACM}},
  year         = {2018}
}
@article{DBLP:journals/jmlr/KazemiGJKSFP20,
  author       = {Seyed Mehran Kazemi and
                  Rishab Goel and
                  Kshitij Jain and
                  Ivan Kobyzev and
                  Akshay Sethi and
                  Peter Forsyth and
                  Pascal Poupart},
  title        = {Representation Learning for Dynamic Graphs: {A} Survey},
  journal      = {J. Mach. Learn. Res.},
  volume       = {21},
  pages        = {70:1--70:73},
  year         = {2020}
}
@article{du2023efficient,
  title={Efficient Tree-SVD for Subset Node Embedding over Large Dynamic Graphs},
  author={Du, Xinyu and Zhang, Xingyi and Wang, Sibo and Huang, Zengfeng},
  journal={Proceedings of The ACM on Management of Data (SIGMOD)},
  volume={1},
  number={1},
  pages={1--26},
  year={2023},
  publisher={ACM New York, NY, USA}
}
@article{DBLP:journals/pacmmod/Li023,
  author       = {Haoyang Li and
                  Lei Chen},
  title        = {{EARLY:} Efficient and Reliable Graph Neural Network for Dynamic Graphs},
  journal      = {Proceedings of The ACM on Management of Data (SIGMOD)},
  volume       = {1},
  number       = {2},
  pages        = {163:1--163:28},
  year         = {2023}
}
@article{DBLP:journals/pvldb/FangFGFH23,
  author       = {Lanting Fang and
                  Kaiyu Feng and
                  Jie Gui and
                  Shanshan Feng and
                  Aiqun Hu},
  title        = {Anonymous Edge Representation for Inductive Anomaly Detection in Dynamic
                  Bipartite Graphs},
  journal      = {Proceedings of The VLDB Endowment},
  volume       = {16},
  number       = {5},
  pages        = {1154--1167},
  year         = {2023}
}
@inproceedings{DBLP:conf/iccv/Wang0CL21,
  author       = {Tao Wang and
                  Ning Xu and
                  Kean Chen and
                  Weiyao Lin},
  title        = {End-to-End Video Instance Segmentation via Spatial-Temporal Graph Neural Networks},
  booktitle    = {Proceedings of The {IEEE/CVF} International Conference on Computer Vision ({ICCV})},
  pages        = {10777--10786},
  publisher    = {{IEEE}},
  year         = {2021}
}
@article{kingma2014adam,
  title={Adam: A method for stochastic optimization},
  author={Kingma, Diederik P and Ba, Jimmy},
  journal={arXiv preprint arXiv:1412.6980},
  year={2014}
}
@inproceedings{DBLP:conf/icml/BertasiusWT21,
  author       = {Gedas Bertasius and
                  Heng Wang and
                  Lorenzo Torresani},
  editor       = {Marina Meila and
                  Tong Zhang},
  title        = {Is Space-Time Attention All You Need for Video Understanding?},
  booktitle    = {Proceedings of The International Conference on Machine Learning ({ICML})},
  series       = {Proceedings of Machine Learning Research},
  volume       = {139},
  pages        = {813--824},
  publisher    = {{PMLR}},
  year         = {2021}
}
@article{DBLP:journals/pvldb/ShaoZWWXCJ22,
  author       = {Zezhi Shao and
                  Zhao Zhang and
                  Wei Wei and
                  Fei Wang and
                  Yongjun Xu and
                  Xin Cao and
                  Christian S. Jensen},
  title        = {Decoupled Dynamic Spatial-Temporal Graph Neural Network for Traffic
                  Forecasting},
  journal      = {Proceedings of The VLDB Endowment},
  volume       = {15},
  number       = {11},
  pages        = {2733--2746},
  year         = {2022}
}
@inproceedings{DBLP:conf/sigmod/Yuan0BF20,
  author       = {Haitao Yuan and
                  Guoliang Li and
                  Zhifeng Bao and
                  Ling Feng},
  title        = {Effective Travel Time Estimation: When Historical Trajectories over Road Networks Matter},
  booktitle    = {Proceedings of The International Conference on Management of Data ({SIGMOD}) },
  pages        = {2135--2149},
  publisher    = {{ACM}},
  year         = {2020}
}
@inproceedings{DBLP:conf/icml/LanMHWYL22,
  author       = {Shiyong Lan and
                  Yitong Ma and
                  Weikang Huang and
                  Wenwu Wang and
                  Hongyu Yang and
                  Pyang Li},
  title        = {{DSTAGNN:} Dynamic Spatial-Temporal Aware Graph Neural Network for
                  Traffic Flow Forecasting},
  booktitle    = {Proceedings of The International Conference on Machine Learning ({ICML}) },
  series       = {Proceedings of Machine Learning Research},
  volume       = {162},
  pages        = {11906--11917},
  publisher    = {{PMLR}},
  year         = {2022}
}
@article{DBLP:journals/debu/HamiltonYL17,
  author       = {William L. Hamilton and
                  Rex Ying and
                  Jure Leskovec},
  title        = {Representation Learning on Graphs: Methods and Applications},
  journal      = {{IEEE} Data Eng. Bull.},
  volume       = {40},
  number       = {3},
  pages        = {52--74},
  year         = {2017}
}
@inproceedings{DBLP:conf/www/SureshSMN023,
  author       = {Susheel Suresh and
                  Mayank Shrivastava and
                  Arko Mukherjee and
                  Jennifer Neville and
                  Pan Li},
  title        = {Expressive and Efficient Representation Learning for Ranking Links
                  in Temporal Graphs},
  booktitle    = {Proceedings of The {ACM} Web Conference},
  pages        = {567--577},
  publisher    = {{ACM}},
  year         = {2023}
}
@inproceedings{DBLP:conf/cikm/LiC21,
  author       = {Haoyang Li and
                  Lei Chen},
  title        = {Cache-based {GNN} System for Dynamic Graphs},
  booktitle    = {Proceedings of The {ACM} International Conference on Information and Knowledge Management},
  pages        = {937--946},
  publisher    = {{ACM}},
  year         = {2021}
}
@inproceedings{DBLP:conf/eurosys/HanMLWYZPCC14,
  author       = {Wentao Han and
                  Youshan Miao and
                  Kaiwei Li and
                  Ming Wu and
                  Fan Yang and
                  Lidong Zhou and
                  Vijayan Prabhakaran and
                  Wenguang Chen and
                  Enhong Chen},
  title        = {Chronos: a graph engine for temporal graph analysis},
  booktitle    = {Proceedings of The Eurosys Conference},
  pages        = {1:1--1:14},
  publisher    = {{ACM}},
  year         = {2014}
}
@article{DBLP:journals/vldb/LouWGFCY23,
  author       = {Yunkai Lou and
                  Chaokun Wang and
                  Tiankai Gu and
                  Hao Feng and
                  Jun Chen and
                  Jeffrey Xu Yu},
  title        = {Time-topology analysis on temporal graphs},
  journal      = {{VLDB} J.},
  volume       = {32},
  number       = {4},
  pages        = {815--843},
  year         = {2023}
}
@article{DBLP:journals/pvldb/HoHP21,
  author       = {Van Long Ho and
                  Nguyen Ho and
                  Torben Bach Pedersen},
  title        = {Efficient Temporal Pattern Mining in Big Time Series Using Mutual
                  Information},
  journal      = {Proceedings of The VLDB Endowment},
  volume       = {15},
  number       = {3},
  pages        = {673--685},
  year         = {2021}
}
@article{DBLP:journals/pvldb/GuptaSGGZLL14,
  author       = {Pankaj Gupta and
                  Venu Satuluri and
                  Ajeet Grewal and
                  Siva Gurumurthy and
                  Volodymyr Zhabiuk and
                  Quannan Li and
                  Jimmy Lin},
  title        = {Real-Time Twitter Recommendation: Online Motif Detection in Large
                  Dynamic Graphs},
  journal      = {Proceedings of The VLDB Endowment},
  volume       = {7},
  number       = {13},
  pages        = {1379--1380},
  year         = {2014}
}
@article{DBLP:journals/pvldb/Fan22,
  author       = {Wenfei Fan},
  title        = {Big Graphs: Challenges and Opportunities},
  journal      = {Proceedings of The VLDB Endowment},
  volume       = {15},
  number       = {12},
  pages        = {3782--3797},
  year         = {2022}
}
@inproceedings{DBLP:conf/bigdataconf/FuH22,
  author       = {Dongqi Fu and
                  Jingrui He},
  title        = {{DPPIN:} {A} Biological Repository of Dynamic Protein-Protein Interaction Network Data},
  booktitle    = {Proceedings of The {IEEE} International Conference on Big Data},
  pages        = {5269--5277},
  publisher    = {{IEEE}},
  year         = {2022}
}
@inproceedings{DBLP:conf/nips/YunJKKK19,
  author       = {Seongjun Yun and
                  Minbyul Jeong and
                  Raehyun Kim and
                  Jaewoo Kang and
                  Hyunwoo J. Kim},
  title        = {Graph Transformer Networks},
  booktitle    = {Advances in Neural Information Processing Systems (NeurIPS)},
  pages        = {11960--11970},
  year         = {2019}
}
@inproceedings{DBLP:conf/iclr/XuHLJ19,
  author       = {Keyulu Xu and
                  Weihua Hu and
                  Jure Leskovec and
                  Stefanie Jegelka},
  title        = {How Powerful are Graph Neural Networks?},
  booktitle    = {Proceedings of The International Conference on Learning Representations ({ICLR})},
  publisher    = {OpenReview.net},
  year         = {2019}
}
@inproceedings{DBLP:conf/nips/SouzaMKG22,
  author       = {Amauri H. Souza and
                  Diego Mesquita and
                  Samuel Kaski and
                  Vikas Garg},
  title        = {Provably expressive temporal graph networks},
  booktitle    = {Advances in Neural Information Processing Systems (NeurIPS)},
  year         = {2022}
}
@misc{NCCL,
  title = {NVIDIA Collective Communication Library (NCCL)},
  howpublished = {\url{https://developer.nvidia.com/nccl}},
  year = {2020},
}
@article{babu2012interaction,
  title={Interaction landscape of membrane-protein complexes in Saccharomyces cerevisiae},
  author={Babu, Mohan and Vlasblom, James and Pu, Shuye and Guo, Xinghua and Graham, Chris and Bean, Bj{\"o}rn DM and Burston, Helen E and Vizeacoumar, Franco J and Snider, Jamie and Phanse, Sadhna and others},
  journal={Nature},
  volume={489},
  number={7417},
  pages={585--589},
  year={2012},
  publisher={Nature Publishing Group UK London}
}
@article{DBLP:journals/tkde/ZhuCZPZ18,
  author       = {Dingyuan Zhu and
                  Peng Cui and
                  Ziwei Zhang and
                  Jian Pei and
                  Wenwu Zhu},
  title        = {High-Order Proximity Preserved Embedding for Dynamic Networks},
  journal      = {{IEEE} Trans. Knowl. Data Eng.},
  volume       = {30},
  number       = {11},
  pages        = {2134--2144},
  year         = {2018}
}
@inproceedings{DBLP:conf/aaai/QiuH00DJ20,
  author       = {Zhenyu Qiu and
                  Wenbin Hu and
                  Jia Wu and
                  Weiwei Liu and
                  Bo Du and
                  Xiaohua Jia},
  title        = {Temporal Network Embedding with High-Order Nonlinear Information},
  booktitle    = {Proceedings of The {AAAI} Conference on Artificial Intelligence},
  pages        = {5436--5443},
  publisher    = {{AAAI} Press},
  year         = {2020}
}
@inproceedings{DBLP:conf/aaai/LiYZC0ZTWM23,
  author       = {Jintang Li and
                  Zhouxin Yu and
                  Zulun Zhu and
                  Liang Chen and
                  Qi Yu and
                  Zibin Zheng and
                  Sheng Tian and
                  Ruofan Wu and
                  Changhua Meng},
  title        = {Scaling Up Dynamic Graph Representation Learning via Spiking Neural
                  Networks},
  booktitle    = {Proceedings of The {AAAI} Conference on Artificial Intelligence},
  pages        = {8588--8596},
  publisher    = {{AAAI} Press},
  year         = {2023}
}
@article{chung2014empirical,
  title={Empirical evaluation of gated recurrent neural networks on sequence modeling},
  author={Chung, Junyoung and Gulcehre, Caglar and Cho, KyungHyun and Bengio, Yoshua},
  journal={arXiv preprint arXiv:1412.3555},
  year={2014}
}
@inproceedings{DBLP:conf/iclr/ChenMX18,
  author       = {Jie Chen and
                  Tengfei Ma and
                  Cao Xiao},
  title        = {FastGCN: Fast Learning with Graph Convolutional Networks via Importance
                  Sampling},
  booktitle    = {Proceedings of The International Conference on Learning Representations ({ICLR})},
  publisher    = {OpenReview.net},
  year         = {2018}
}
@article{ba2016layer,
  title={Layer normalization},
  author={Ba, Jimmy Lei and Kiros, Jamie Ryan and Hinton, Geoffrey E},
  journal={arXiv preprint arXiv:1607.06450},
  year={2016}
}
@article{rabiner1975theory,
  title={Theory and application of digital signal processing},
  author={Rabiner, Lawrence R and Gold, Bernard},
  journal={Englewood Cliffs: Prentice-Hall},
  year={1975}
}
@misc{netron,
  title = {Netron},
  howpublished = {\url{https://netron.app}},
  year = {2023},
}
@misc{cytoscape,
  title = {cytoscape},
  howpublished = {\url{https://cytoscape.org/}},
  year = {2008},
}
@inproceedings{DBLP:conf/kdd/BojchevskiKPKBR20,
  author       = {Aleksandar Bojchevski and
                  Johannes Klicpera and
                  Bryan Perozzi and
                  Amol Kapoor and
                  Martin Blais and
                  Benedek R{\'{o}}zemberczki and
                  Michal Lukasik and
                  Stephan G{\"{u}}nnemann},
  title        = {Scaling Graph Neural Networks with Approximate PageRank},
  booktitle    = {Proceedings of The {ACM} {SIGKDD} Conference on Knowledge Discovery
                  and Data Mining},
  pages        = {2464--2473},
  publisher    = {{ACM}},
  year         = {2020}
}
@inproceedings{DBLP:conf/icml/WuSZFYW19,
  author       = {Felix Wu and
                  Amauri H. Souza Jr. and
                  Tianyi Zhang and
                  Christopher Fifty and
                  Tao Yu and
                  Kilian Q. Weinberger},
  title        = {Simplifying Graph Convolutional Networks},
  booktitle    = {Proceedings of The International Conference on Machine Learning ({ICML})},
  series       = {Proceedings of Machine Learning Research},
  volume       = {97},
  pages        = {6861--6871},
  publisher    = {{PMLR}},
  year         = {2019}
}
@article{vaswani2017attention,
  title={Attention is all you need},
  author={Vaswani, Ashish and Shazeer, Noam and Parmar, Niki and Uszkoreit, Jakob and Jones, Llion and Gomez, Aidan N and Kaiser, {\L}ukasz and Polosukhin, Illia},
  journal={Advances in neural information processing systems},
  volume={30},
  year={2017}
}
@article{yang2021time,
  title={Time-capturing dynamic graph embedding for temporal linkage evolution},
  author={Yang, Yu and Cao, Jiannong and Stojmenovic, Milos and Wang, Senzhang and Cheng, Yiran and Lum, Chun and Li, Zhetao},
  journal={IEEE Transactions on Knowledge and Data Engineering},
  volume={35},
  number={1},
  pages={958--971},
  year={2021},
  publisher={IEEE}
}
@article{yang2023time,
  title={Time-aware dynamic graph embedding for asynchronous structural evolution},
  author={Yang, Yu and Yin, Hongzhi and Cao, Jiannong and Chen, Tong and Nguyen, Quoc Viet Hung and Zhou, Xiaofang and Chen, Lei},
  journal={IEEE Transactions on Knowledge and Data Engineering},
  volume={35},
  number={9},
  pages={9656--9670},
  year={2023},
  publisher={IEEE}
}
@article{gao2022novel,
  title={A novel representation learning for dynamic graphs based on graph convolutional networks},
  author={Gao, Chao and Zhu, Junyou and Zhang, Fan and Wang, Zhen and Li, Xuelong},
  journal={IEEE Transactions on Cybernetics},
  volume={53},
  number={6},
  pages={3599--3612},
  year={2022},
  publisher={IEEE}
}
@article{qin2023high,
  title={High-quality temporal link prediction for weighted dynamic graphs via inductive embedding aggregation},
  author={Qin, Meng and Zhang, Chaorui and Bai, Bo and Zhang, Gong and Yeung, Dit-Yan},
  journal={IEEE Transactions on Knowledge and Data Engineering},
  volume={35},
  number={9},
  pages={9378--9393},
  year={2023},
  publisher={IEEE}
}
@article{zou2023event,
  title={Event-based dynamic graph representation learning for patent application trend prediction},
  author={Zou, Tao and Yu, Le and Sun, Leilei and Du, Bowen and Wang, Deqing and Zhuang, Fuzhen},
  journal={IEEE Transactions on Knowledge and Data Engineering},
  year={2023},
  publisher={IEEE}
}
@misc{brigham1988fast,
  title={The fast Fourier transform and its applications},
  author={Brigham, EO},
  year={1988},
  publisher={Prentice Hall}
}
@article{stone1948generalized,
  title={The generalized Weierstrass approximation theorem},
  author={Stone, Marshall H},
  journal={Mathematics Magazine},
  volume={21},
  number={5},
  pages={237--254},
  year={1948},
  publisher={JSTOR}
}
@inproceedings{DBLP:conf/icml/Eldele0C0024,
  author       = {Emadeldeen Eldele and
                  Mohamed Ragab and
                  Zhenghua Chen and
                  Min Wu and
                  Xiaoli Li},
  title        = {TSLANet: Rethinking Transformers for Time Series Representation Learning},
  booktitle    = {Proceedings of the International Conference on Machine Learning},
  year         = {2024}
}

