@incollection{MAZZI2017259,
title = {10 - Wind power in electricity markets and the value of forecasting},
editor = {George Kariniotakis},
booktitle = {Renewable Energy Forecasting},
publisher = {Woodhead Publishing},
year = {2017},
author = {Nicoló Mazzi and Pierre Pinson},
keywords = {Decision-making under uncertainty, Electricity market, Forecast quality, Forecast value, Renewable energy generation}
}

@article{OCONNOR2024101436,
title = {Electricity Price Forecasting in the Irish Balancing Market},
journal = {Energy Strategy Reviews},
volume = {54},
year = {2024},
author={O'Connor, Ciaran and Collins, Joseph and Prestwich, Steven and Visentin, Andrea},
}

@article{angelopoulos2024conformal,
  title={Conformal pid control for time series prediction},
  author={Angelopoulos, Anastasios and Candes, Emmanuel and Tibshirani, Ryan J},
  journal={Advances in neural information processing systems},
  volume={36},
  year={2024}
}

@article{bhatnagar2025using,
  title={Using Crafted Features and Polar Bear Optimization Algorithm for Short-Term Electric Load Forecast System},
  author={Bhatnagar, Mansi and Rozinaj, Gregor and Vargic, Radoslav},
  journal={Energy and AI},
  pages={100470},
  year={2025},
  publisher={Elsevier}
}

@article{birkeland2024research,
  title={Research areas and methods of interest in European intraday electricity market research—A systematic literature review},
  author={Birkeland, Dane and AlSkaif, Tarek},
  journal={Sustainable Energy, Grids and Networks},
  pages={101368},
  year={2024},
  publisher={Elsevier}
}

@article{chen2019brim,
  title={BRIM: An accurate electricity spot price prediction scheme-based bidirectional recurrent neural network and integrated market},
  author={Chen, Yiyuan and Wang, Yufeng and Ma, Jianhua and Jin, Qun},
  journal={Energies},
  volume={12},
  number={12},
  pages={2241},
  year={2019},
  publisher={MDPI}
}

@article{cheng2019hybrid,
  title={A hybrid electricity price forecasting model with Bayesian optimization for German energy exchange},
  author={Cheng, Hangyang and Ding, Xiangwu and Zhou, Wuneng and Ding, Renqiang},
  journal={International Journal of Electrical Power \& Energy Systems},
  volume={110},
  pages={653--666},
  year={2019},
  publisher={Elsevier}
}

@inproceedings{cordier2023flexible,
  title={Flexible and Systematic Uncertainty Estimation with Conformal Prediction via the MAPIE library},
  author={Cordier, Thibault and Blot, Vincent and Lacombe, Louis and Morzadec, Thomas and Capitaine, Arnaud and Brunel, Nicolas},
  booktitle={Conformal and Probabilistic Prediction with Applications},
  year={2023},
  organization={PMLR}
}

@article{de2024electricity,
  title={Electricity price forecast in wholesale markets using conformal prediction: Case study in Mexico},
  author={De la Torre, Jorge and Rodriguez, Leticia R and Monteagudo, Francisco EL and Arredondo, Leonel R and Enriquez, Jos{\'e} B},
  journal={Energy Science \& Engineering},
  year={2024},
  publisher={Wiley Online Library}
}

@article{dewolf2023valid,
  title={Valid prediction intervals for regression problems},
  author={Dewolf, Nicolas and Baets, Bernard De and Waegeman, Willem},
  journal={Artificial Intelligence Review},
  volume={56},
  number={1},
  pages={577--613},
  year={2023},
  publisher={Springer}
}

@inproceedings{dumas2019probabilistic,
  title={Probabilistic forecasting of imbalance prices in the belgian context},
  author={Dumas, Jonathan and Boukas, Ioannis and de Villena, Miguel Manuel and Mathieu, S{\'e}bastien and Corn{\'e}lusse, Bertrand},
  booktitle={2019 16th International Conference on the European Energy Market (EEM)},
  pages={1--7},
  year={2019},
  organization={IEEE}
}

@article{elrobrini2024federated,
  title={Federated learning and non-federated learning based power forecasting of photovoltaic/wind power energy systems: A systematic review},
  author={ElRobrini, Ferial and Bukhari, Syed Muhammad Salman and Zafar, Muhammad Hamza and Al-Tawalbeh, Nedaa and Akhtar, Naureen and Sanfilippo, Filippo},
  journal={Energy and AI},
  pages={100438},
  year={2024},
  publisher={Elsevier}
}

@article{foygel2022conformal,
  title={Conformal prediction beyond exchangeability},
  author={Foygel Barber, Rina and Candes, Emmanuel J and Ramdas, Aaditya and Tibshirani, Ryan J},
  journal={arXiv e-prints},
  pages={arXiv--2202},
  year={2022}
}

@article{gammerman1998learning,
  title={Learning by Transduction},
  author={Gammerman, A and Vovk, V and Vapnik, V},
 journal = 	 {Proceedings of the 14th Conference on Uncertainty in Artificial Intelligence (UAI)},
  year={1998},
  publisher={Morgan Kaufmann Publishers Inc., San Francisco, CA}
}

@article{hagfors2016modeling,
  title={Modeling the UK electricity price distributions using quantile regression},
  author={Hagfors, Lars Ivar and Bunn, Derek and Kristoffersen, Eline and Staver, Tiril Toftdahl and Westgaard, Sjur},
  journal={Energy},
  volume={102},
  year={2016},
  publisher={Elsevier}
}

@article{hu2022conformalized,
  title={Conformalized temporal convolutional quantile regression networks for wind power interval forecasting},
  author={Hu, Jianming and Luo, Qingxi and Tang, Jingwei and Heng, Jiani and Deng, Yuwen},
  journal={Energy},
  volume={248},
  pages={123497},
  year={2022},
  publisher={Elsevier}
}

@article{ilea2018european,
  title={European day-ahead electricity market coupling: Discussion, modeling, and case study},
  author={Ilea, Valentin and Bovo, Cristian and others},
  journal={Electric Power Systems Research},
  volume={155},
  pages={80--92},
  year={2018},
  publisher={Elsevier}
}

@article{janczura2024expectile,
  title={Expectile regression averaging method for probabilistic forecasting of electricity prices},
  author={Janczura, Joanna},
  journal={arXiv preprint arXiv:2402.07559},
  year={2024}
}

@article{jensen2022ensemble,
  title={Ensemble conformalized quantile regression for probabilistic time series forecasting},
  author={Jensen, Vilde and Bianchi, Filippo Maria and Anfinsen, Stian Normann},
  journal={IEEE Transactions on Neural Networks and Learning Systems},
  year={2022},
  publisher={IEEE}
}

@article{kath2021conformal,
  title={Conformal prediction interval estimation and applications to day-ahead and intraday power markets},
  author={Kath, Christopher and Ziel, Florian},
  journal={International Journal of Forecasting},
  year={2021},
  publisher={Elsevier}
}

@article{khajeh2022applications,
  title={Applications of probabilistic forecasting in smart grids: A review},
  author={Khajeh, Hosna and Laaksonen, Hannu},
  journal={Applied Sciences},
  year={2022},
  publisher={MDPI}
}

@article{khosravi2013quantifying,
  title={Quantifying uncertainties of neural network-based electricity price forecasts},
  author={Khosravi, Abbas and Nahavandi, Saeid and Creighton, Doug},
  journal={Applied energy},
  volume={112},
  pages={120--129},
  year={2013},
  publisher={Elsevier}
}

@article{klein2023deep,
  title={Deep distributional time series models and the probabilistic forecasting of intraday electricity prices},
  author={Klein, Nadja and Smith, Michael Stanley and Nott, David J},
  journal={Journal of Applied Econometrics},
  volume={38},
  number={4},
  pages={493--511},
  year={2023},
  publisher={Wiley Online Library}
}

@article{koch2019short,
  title={Short-term electricity trading for system balancing: An empirical analysis of the role of intraday trading in balancing Germany's electricity system},
  author={Koch, Christopher and Hirth, Lion},
  journal={Renewable and Sustainable Energy Reviews},
  volume={113},
  pages={109275},
  year={2019},
  publisher={Elsevier}
}

@article{kostrzewski2019probabilistic,
  title={Probabilistic electricity price forecasting with Bayesian stochastic volatility models},
  author={Kostrzewski, Maciej and Kostrzewska, Jadwiga},
  journal={Energy Economics},
  volume={80},
  pages={610--620},
  year={2019},
  publisher={Elsevier}
}

@article{lago2018forecasting,
  title={Forecasting spot electricity prices: Deep learning approaches and empirical comparison of traditional algorithms},
  author={Lago, Jesus and De Ridder, Fjo and De Schutter, Bart},
  journal={Applied Energy},
  volume={221},
  pages={386--405},
  year={2018},
  publisher={Elsevier}
}

@article{lago2021forecasting,
  title={Forecasting day-ahead electricity prices: A review of state-of-the-art algorithms, best practices and an open-access benchmark},
  author={Lago, Jesus and Marcjasz, Grzegorz and De Schutter, Bart and Weron, Rafa{\l}},
  journal={Applied Energy},
  year={2021},
  publisher={Elsevier}
}

@article{lee2024transformer,
  title={Transformer Conformal Prediction for Time Series},
  author={Lee, Junghwan and Xu, Chen and Xie, Yao},
  journal={arXiv preprint arXiv:2406.05332},
  year={2024}
}

@article{li2021day,
  title={Day-ahead electricity price prediction applying hybrid models of LSTM-based deep learning methods and feature selection algorithms under consideration of market coupling},
  author={Li, Wei and Becker, Denis Mike},
  journal={Energy},
  volume={237},
  pages={121543},
  year={2021},
  publisher={Elsevier}
}

@article{liu2023day,
  title={Day-Ahead Electricity Price Probabilistic Forecasting Based on SHAP Feature Selection and LSTNet Quantile Regression},
  author={Liu, Huixin and Shen, Xiaodong and Tang, Xisheng and Liu, Junyong},
  journal={Energies},
  volume={16},
  number={13},
  pages={5152},
  year={2023},
  publisher={MDPI}
}

@article{liu2025probabilistic,
  title={Probabilistic forecasting of multiple plant day-ahead renewable power generation sequences with data privacy preserving},
  author={Liu, Hong and Zhang, Zijun},
  journal={Energy and AI},
  volume={19},
  pages={100463},
  year={2025},
  publisher={Elsevier}
}

@article{lucas2020price,
  title={Price forecasting for the balancing energy market using machine-learning regression},
  author={Lucas, Alexandre and Pegios, Konstantinos and Kotsakis, Evangelos and Clarke, Dan},
  journal={Energies},
  volume={13},
  number={20},
  pages={5420},
  year={2020},
  publisher={MDPI}
}

@article{maciejowska2016probabilistic,
  title={Probabilistic forecasting of electricity spot prices using Factor Quantile Regression Averaging},
  author={Maciejowska, Katarzyna and Nowotarski, Jakub and Weron, Rafa{\l}},
  journal={International Journal of Forecasting},
  volume={32},
  number={3},
  pages={957--965},
  year={2016},
  publisher={Elsevier}
}

@article{maciejowska2024multiple,
  title={Multiple split approach--multidimensional probabilistic forecasting of electricity markets},
  author={Maciejowska, Katarzyna and Nitka, Weronika},
  journal={arXiv preprint arXiv:2407.07795},
  year={2024}
}

@article{marcjasz2020probabilistic,
  title={Probabilistic electricity price forecasting with NARX networks: Combine point or probabilistic forecasts?},
  author={Marcjasz, Grzegorz and Uniejewski, Bartosz and Weron, Rafa{\l}},
  journal={International Journal of Forecasting},
  volume={36},
  number={2},
  year={2020},
  publisher={Elsevier}
}

@article{marcjasz2023distributional,
  title={Distributional neural networks for electricity price forecasting},
  author={Marcjasz, Grzegorz and Narajewski, Micha{\l} and Weron, Rafa{\l} and Ziel, Florian},
  journal={Energy Economics},
  volume={125},
  pages={106843},
  year={2023},
  publisher={Elsevier}
}

@article{miraki2025probabilistic,
  title={Probabilistic forecasting of renewable energy and electricity demand using Graph-based Denoising Diffusion Probabilistic Model},
  author={Miraki, Amir and Parviainen, Pekka and Arghandeh, Reza},
  journal={Energy and AI},
  volume={19},
  pages={100459},
  year={2025},
  publisher={Elsevier}
}

@article{monjazeb2024wholesale,
  title={Wholesale electricity price forecasting by Quantile Regression and Kalman Filter method},
  author={Monjazeb, Mohammad Reza and Amiri, Hossein and Movahedi, Akram},
  journal={Energy},
  volume={290},
  pages={129925},
  year={2024},
  publisher={Elsevier}
}

@article{monteiro2018new,
  title={New probabilistic price forecasting models: Application to the Iberian electricity market},
  author={Monteiro, Claudio and Ramirez-Rosado, Ignacio J and Fernandez-Jimenez, L Alfredo and Ribeiro, Miguel},
  journal={International Journal of Electrical Power \& Energy Systems},
  volume={103},
  pages={483--496},
  year={2018},
  publisher={Elsevier}
}

@article{narajewski2020econometric,
  title={Econometric modelling and forecasting of intraday electricity prices},
  author={Narajewski, Micha{\l} and Ziel, Florian},
  journal={Journal of Commodity Markets},
  volume={19},
  pages={100107},
  year={2020},
  publisher={Elsevier}
}

@article{narajewski2022probabilistic,
  title={Probabilistic forecasting of German electricity imbalance prices},
  author={Narajewski, Micha{\l}},
  journal={Energies},
  volume={15},
  year={2022},
  publisher={MDPI}
}

@article{newbery2016benefits,
  title={The benefits of integrating European electricity markets},
  author={Newbery, David and Strbac, Goran and Viehoff, Ivan},
  journal={Energy Policy},
  volume={94},
  pages={253--263},
  year={2016},
  publisher={Elsevier}
}

@article{nowotarski2015computing,
  title={Computing electricity spot price prediction intervals using quantile regression and forecast averaging},
  author={Nowotarski, Jakub and Weron, Rafa{\l}},
  journal={Computational Statistics},
  year={2015},
  publisher={Springer}
}

@article{nowotarski2018recent,
  title={Recent advances in electricity price forecasting: A review of probabilistic forecasting},
  author={Nowotarski, Jakub and Weron, Rafa{\l}},
  journal={Renewable and Sustainable Energy Reviews},
  year={2018},
  publisher={Elsevier}
}

@article{ortner2019future,
  title={The future relevance of electricity balancing markets in Europe},
  author={Ortner, Andr{\'e} and Totschnig, Gerhard},
  journal={Energy Strategy Reviews},
  volume={24},
  pages={111--120},
  year={2019},
  publisher={Elsevier}
}

@article{piantadosi2024photovoltaic,
  title={Photovoltaic power forecasting: A Transformer based framework},
  author={Piantadosi, Gabriele and Dutto, Sofia and Galli, Antonio and De Vito, Saverio and Sansone, Carlo and Di Francia, Girolamo},
  journal={Energy and AI},
  volume={18},
  pages={100444},
  year={2024},
  publisher={Elsevier}
}

@article{ryu2023quantile,
  title={Quantile-mixer: A novel deep learning approach for probabilistic short-term load forecasting},
  author={Ryu, Seunghyoung and Yu, Yonggyun},
  journal={IEEE Transactions on Smart Grid},
  year={2023},
  publisher={IEEE}
}

@article{samarajeewa2024artificial,
  title={An artificial intelligence framework for explainable drift detection in energy forecasting},
  author={Samarajeewa, Chamod and De Silva, Daswin and Manic, Milos and Mills, Nishan and Moraliyage, Harsha and Alahakoon, Damminda and Jennings, Andrew},
  journal={Energy and AI},
  volume={17},
  pages={100403},
  year={2024},
  publisher={Elsevier}
}

@article{serinaldi2011distributional,
  title={Distributional modeling and short-term forecasting of electricity prices by generalized additive models for location, scale and shape},
  author={Serinaldi, Francesco},
  journal={Energy Economics},
  volume={33},
  number={6},
  pages={1216--1226},
  year={2011},
  publisher={Elsevier}
}

@article{shinde2019literature,
  title={A literature review of intraday electricity markets and prices},
  author={Shinde, Priyanka and Amelin, Mikael},
  journal={2019 IEEE Milan PowerTech},
  pages={1--6},
  year={2019},
  publisher={IEEE}
}

@article{subhankar2023probabilistically,
  title = 	 {Probabilistically robust conformal prediction},
  author =       {Ghosh, Subhankar and Shi, Yuanjie and Belkhouja, Taha and Yan, Yan and Doppa, Jana and Jones, Brian},
  journal = 	 {Proceedings of the 39th Conference on Uncertainty in Artificial Intelligence (UAI)},
  pages = 	 {681--690},
  year = 	 {2023},
  editor = 	 {Evans, Robin J. and Shpitser, Ilya},
  volume = 	 {216},
  series = 	 {Proceedings of Machine Learning Research},
  publisher =    {PMLR}
}

@article{toubeau2020capturing,
  title={Capturing spatio-temporal dependencies in the probabilistic forecasting of distribution locational marginal prices},
  author={Toubeau, Jean-Fran{\c{c}}ois and Morstyn, Thomas and Bottieau, J{\'e}r{\'e}mie and Zheng, Kedi and Apostolopoulou, Dimitra and De Gr{\`e}ve, Zacharie and Wang, Yi and Vall{\'e}e, Fran{\c{c}}ois},
  journal={IEEE Transactions on Smart Grid},
  volume={12},
  year={2020},
  publisher={IEEE}
}

@inproceedings{trebbien2023probabilistic,
  title={Probabilistic forecasting of day-ahead electricity prices and their volatility with LSTMs},
  author={Trebbien, Julius and P{\"u}tz, Sebastian and Sch{\"a}fer, Benjamin and Nyg{\aa}rd, Heidi S and Gorj{\~a}o, Leonardo Rydin and Witthaut, Dirk},
  booktitle={2023 IEEE PES Innovative Smart Grid Technologies Europe (ISGT EUROPE)},
  pages={1--5},
  year={2023},
  organization={IEEE}
}

@article{ugurlu2018electricity,
  title={Electricity price forecasting using recurrent neural networks},
  author={Ugurlu, Umut and Oksuz, Ilkay and Tas, Oktay},
  journal={Energies},
  volume={11},
  number={5},
  pages={1255},
  year={2018},
  publisher={MDPI}
}

@article{uniejewski2019importance,
  title={On the importance of the long-term seasonal component in day-ahead electricity price forecasting: Part II—Probabilistic forecasting},
  author={Uniejewski, Bartosz and Marcjasz, Grzegorz and Weron, Rafa{\l}},
  journal={Energy Economics},
  volume={79},
  pages={171--182},
  year={2019},
  publisher={Elsevier}
}

@article{uniejewski2019understanding,
  title={Understanding intraday electricity markets: Variable selection and very short-term price forecasting using LASSO},
  author={Uniejewski, Bartosz and Marcjasz, Grzegorz and Weron, Rafa{\l}},
  journal={International Journal of Forecasting},
  volume={35},
  number={4},
  pages={1533--1547},
  year={2019},
  publisher={Elsevier}
}

@article{uniejewski2021regularized,
  title={Regularized quantile regression averaging for probabilistic electricity price forecasting},
  author={Uniejewski, Bartosz and Weron, Rafa{\l}},
  journal={Energy Economics},
  volume={95},
  year={2021},
  publisher={Elsevier}
}

@article{uniejewski2023smoothing,
  title={Smoothing Quantile Regression Averaging: A new approach to probabilistic forecasting of electricity prices},
  author={Uniejewski, Bartosz},
  journal={arXiv:2302.00411},
  year={2023}
}

@article{vahidinasab2010bayesian,
  title={Bayesian neural network model to predict day-ahead electricity prices},
  author={Vahidinasab, Vahid and Jadid, Shahram},
  journal={European Transactions on Electrical Power},
  volume={20},
  number={2},
  pages={231--246},
  year={2010},
  publisher={Wiley Online Library}
}

@book{vovk2005algorithmic, 
  title={Algorithmic learning in a random world},
  author={Vovk, Vladimir and Gammerman, Alexander and Shafer, Glenn},
  volume={29},
  year={2005},
  publisher={Springer}
}

@article{wang2023probabilistic,
  title={Probabilistic multi-energy load forecasting for integrated energy system based on Bayesian transformer network},
  author={Wang, Chen and Wang, Ying and Ding, Zhetong and Zhang, Kaifeng},
  journal={IEEE Transactions on Smart Grid},
  year={2023},
  publisher={IEEE}
}

@article{wen2021probabilistic,
  title={Probabilistic load forecasting via neural basis expansion model based prediction intervals},
  author={Wen, Honglin and Gu, Jie and Ma, Jinghuan and Yuan, Lyuzerui and Jin, Zhijian},
  journal={IEEE Transactions on Smart Grid},
  volume={12},
  number={4},
  pages={3648--3660},
  year={2021},
  publisher={IEEE}
}

@inproceedings{xu2021conformal,
  title={Conformal prediction interval for dynamic time-series},
  author={Xu, Chen and Xie, Yao},
  booktitle={International Conference on Machine Learning},
  pages={11559--11569},
  year={2021},
  organization={PMLR}
}

@inproceedings{xu2023sequential,
  title={Sequential predictive conformal inference for time series},
  author={Xu, Chen and Xie, Yao},
  booktitle={International Conference on Machine Learning},
  pages={38707--38727},
  year={2023},
  organization={PMLR}
}

@article{xu2024conformal,
  title={Conformal prediction for multi-dimensional time series by ellipsoidal sets},
  author={Xu, Chen and Jiang, Hanyang and Xie, Yao},
  journal={arXiv preprint arXiv:2403.03850},
  year={2024}
}

@article{xu2024novel,
  title={A novel probabilistic forecasting system based on quantile combination in electricity price},
  author={Xu, Yan and Li, Jing and Wang, Honglu and Du, Pei},
  journal={Computers \& Industrial Engineering},
  volume={187},
  pages={109834},
  year={2024},
  publisher={Elsevier}
}

@inproceedings{yuanchen2023electricity,
  title={Electricity Price Forecasting Based on Bayesian Network and Monte Carlo Simulation},
  author={Yuanchen, Wang and Yizhi, Huang and Tong, Guo and Lei, Dai and Ying, Wang and Wenbin, Xie},
  booktitle={2023 IEEE 6th International Conference on Automation, Electronics and Electrical Engineering (AUTEEE)},
  pages={542--546},
  year={2023},
  organization={IEEE}
}

@article{zachmann2023design,
  title={The design of the European electricity market--Current proposals and ways ahead},
  author={Zachmann, G and Hirth, L and Heussaff, C and Schlecht, I and M{\"u}hlenpfordt, J and Eicke, A},
  journal={European Parliament: Luxembourg},
  year={2023}
}

@inproceedings{zaffran2022adaptive,
  title={Adaptive conformal predictions for time series},
  author={Zaffran, Margaux and F{\'e}ron, Olivier and Goude, Yannig and Josse, Julie and Dieuleveut, Aymeric},
  booktitle={International Conference on Machine Learning},
  pages={25834--25866},
  year={2022},
  organization={PMLR}
}

