@article{lago2021forecasting,
  title={Forecasting day-ahead electricity prices: A review of state-of-the-art algorithms, best practices and an open-access benchmark},
  author={Lago, Jesus and Marcjasz, Grzegorz and De Schutter, Bart and Weron, Rafa{\l}},
  journal={Applied Energy},
  year={2021},
  publisher={Elsevier}
}
@article{zhang2023contextual,
  title={A contextual bandit approach for value-oriented prediction interval forecasting},
  author={Zhang, Yufan and Wen, Honglin and Wu, Qiuwei},
  journal={IEEE Transactions on Smart Grid},
  year={2023},
  publisher={IEEE}
}
@article{kim2022short,
  title={Short-term electrical load forecasting with multidimensional feature extraction},
  author={Kim, Nakyoung and Park, Hyunseo and Lee, Joohyung and Choi, Jun Kyun},
  journal={IEEE Transactions on Smart Grid},
  volume={13},
  number={4},
  year={2022},
  publisher={IEEE}
}
@article{zhang2022optimal,
  title={Optimal adaptive prediction intervals for electricity load forecasting in distribution systems via reinforcement learning},
  author={Zhang, Yufan and Wen, Honglin and Wu, Qiuwei and Ai, Qian},
  journal={IEEE Transactions on Smart Grid},
  volume={14},
  number={4},
  pages={3259--3270},
  year={2022},
  publisher={IEEE}
}
@article{zhong2024reliable,
  title={A Reliable Evaluation Metric for Electrical Load Forecasts in V2G Scheduling Considering Statistical Features of EV Charging},
  author={Zhong, Jiahao and Lei, Xiang and Shao, Ziyun and Jian, Linni},
  journal={IEEE Transactions on Smart Grid},
  year={2024},
  publisher={IEEE}
}
@article{yang2022temporal,
  title={Temporal data pooling with meta-initialization for individual short-term load forecasting},
  author={Yang, Eunju and Youn, Chan-Hyun},
  journal={IEEE Transactions on Smart Grid},
  volume={14},
  pages={3246--3258},
  year={2022},
  publisher={IEEE}
}
@article{xiao2024short,
  title={Short-Term Residential Load Forecasting via Pooling-Ensemble Model with Smoothing Clustering},
  author={Xiao, Jiang-Wen and Fang, Hongliang and Wang, Yan-Wu},
  journal={IEEE Transactions on Artificial Intelligence},
  year={2024},
  publisher={IEEE}
}
@article{su2024towards,
  title={Towards Improved Load Forecasting in Smart Grids: A Robust Deep Ensemble Learning Framework},
  author={Su, Heng-Yi and Lai, Chia-Ching},
  journal={IEEE Transactions on Smart Grid},
  year={2024},
  publisher={IEEE}
}
@article{khosravi2014closure,
  title={Closure to the discussion of “prediction intervals for short-term wind farm generation forecasts” and “combined nonparametric prediction intervals for wind power generation” and the discussion of “combined nonparametric prediction intervals for wind power generation”},
  author={Khosravi, Abbas and Nahavandi, Saeid},
  journal={IEEE Transactions on Sustainable Energy},
  year={2014},
  publisher={IEEE}
}
@article{OCONNOR2024101436,
title = {Electricity Price Forecasting in the Irish Balancing Market},
journal = {Energy Strategy Reviews},
volume = {54},
year = {2024},
author={O'Connor, Ciaran and Collins, Joseph and Prestwich, Steven and Visentin, Andrea},
}
@inproceedings{paesschesoone2024improving,
  title={Improving Energy Flexibility in Photovoltaic-Battery Systems through Switching Reinforcement Learning Control},
  author={Paesschesoone, Siebe and Kayedpour, Nezmin and Manna, Carlo and Crevecoeur, Guillaume},
  booktitle={2024 IEEE Conference on Technologies for Sustainability (SusTech)},
  pages={57--62},
  year={2024},
  organization={IEEE}
}
@book{vovk2005algorithmic, 
  title={Algorithmic learning in a random world},
  author={Vovk, Vladimir and Gammerman, Alexander and Shafer, Glenn},
  volume={29},
  year={2005},
  publisher={Springer}
}
@article{shafer2008tutorial,
  title={A Tutorial on Conformal Prediction.},
  author={Shafer, Glenn and Vovk, Vladimir},
  journal={Journal of Machine Learning Research},
  year={2008}
}
@article{wankmuller2017impact,
  title={Impact of battery degradation on energy arbitrage revenue of grid-level energy storage},
  author={Wankm{\"u}ller, Florian and Thimmapuram, Prakash R and Gallagher, Kevin G and Botterud, Audun},
  journal={Journal of Energy Storage},
  volume={10},
  pages={56--66},
  year={2017},
  publisher={Elsevier}
}

@article{xie2016gefcom2014,
  title={GEFCom2014 probabilistic electric load forecasting: An integrated solution with forecast combination and residual simulation},
  author={Xie, Jingrui and Hong, Tao},
  journal={International Journal of Forecasting},
  volume={32},
  number={3},
  pages={1012--1016},
  year={2016},
  publisher={Elsevier}
}

@article{wu2022interpretable,
  title={Interpretable wind speed prediction with multivariate time series and temporal fusion transformers},
  author={Wu, Binrong and Wang, Lin and Zeng, Yu-Rong},
  journal={Energy},
  volume={252},
  pages={123990},
  year={2022},
  publisher={Elsevier}
}
@article{marcjasz2022distributional,
  title={Distributional neural networks for electricity price forecasting},
  author={Marcjasz, Grzegorz and Narajewski, Micha{\l} and Weron, Rafa{\l} and Ziel, Florian},
  journal={arXiv preprint arXiv:2207.02832},
  year={2022}
}
@article{narajewski2022probabilistic,
  title={Probabilistic forecasting of German electricity imbalance prices},
  author={Narajewski, Micha{\l}},
  journal={Energies},
  volume={15},
  year={2022},
  publisher={MDPI}
}
@article{li2023probabilistic,
  title={Probabilistic forecasting method for mid-term hourly load time series based on an improved temporal fusion transformer model},
  author={Li, Dan and Tan, Ya and Zhang, Yuanhang and Miao, Shuwei and He, Shuai},
  journal={International Journal of Electrical Power \& Energy Systems},
  volume={146},
  pages={108743},
  year={2023},
  publisher={Elsevier}
}
@article{serafin2019averaging,
  title={Averaging predictive distributions across calibration windows for day-ahead electricity price forecasting},
  author={Serafin, Tomasz and Uniejewski, Bartosz and Weron, Rafa{\l}},
  journal={Energies},
  volume={12},
  number={13},
  pages={2561},
  year={2019},
  publisher={MDPI}
}
@article{foygel2022conformal,
  title={Conformal prediction beyond exchangeability},
  author={Foygel Barber, Rina and Candes, Emmanuel J and Ramdas, Aaditya and Tibshirani, Ryan J},
  journal={arXiv e-prints},
  pages={arXiv--2202},
  year={2022}
}
@article{kath2021conformal,
  title={Conformal prediction interval estimation and applications to day-ahead and intraday power markets},
  author={Kath, Christopher and Ziel, Florian},
  journal={International Journal of Forecasting},
  year={2021},
  publisher={Elsevier}
}
@article{hu2022conformalized,
  title={Conformalized temporal convolutional quantile regression networks for wind power interval forecasting},
  author={Hu, Jianming and Luo, Qingxi and Tang, Jingwei and Heng, Jiani and Deng, Yuwen},
  journal={Energy},
  volume={248},
  pages={123497},
  year={2022},
  publisher={Elsevier}
}
@article{jensen2022ensemble,
  title={Ensemble conformalized quantile regression for probabilistic time series forecasting},
  author={Jensen, Vilde and Bianchi, Filippo Maria and Anfinsen, Stian Normann},
  journal={IEEE Transactions on Neural Networks and Learning Systems},
  year={2022},
  publisher={IEEE}
}

@article{dewolf2023valid,
  title={Valid prediction intervals for regression problems},
  author={Dewolf, Nicolas and Baets, Bernard De and Waegeman, Willem},
  journal={Artificial Intelligence Review},
  volume={56},
  number={1},
  pages={577--613},
  year={2023},
  publisher={Springer}
}
@article{nazir2023forecasting,
  title={Forecasting Energy Consumption Demand of Customers in Smart Grid Using Temporal Fusion Transformer (TFT)},
  author={Nazir, Amril and Shaikh, Abdul Khalique and Shah, Abdul Salam and Khalil, Ashraf},
  journal={Results in Engineering},
  pages={100888},
  year={2023},
  publisher={Elsevier}
}
@article{jiang2024electricity,
  title={Electricity price forecasting using quantile regression averaging with nonconvex regularization},
  author={Jiang, He and Dong, Yao and Wang, Jianzhou},
  journal={Journal of Forecasting},
  publisher={Wiley Online Library}
}
@article{nowotarski2015computing,
  title={Computing electricity spot price prediction intervals using quantile regression and forecast averaging},
  author={Nowotarski, Jakub and Weron, Rafa{\l}},
  journal={Computational Statistics},
  year={2015},
  publisher={Springer}
}
@article{uniejewski2023smoothing,
  title={Smoothing Quantile Regression Averaging: A new approach to probabilistic forecasting of electricity prices},
  author={Uniejewski, Bartosz},
  journal={arXiv:2302.00411},
  year={2023}
}
@inproceedings{tzallas2022probabilistic,
  title={Probabilistic Quantile Multi-step Forecasting of Energy Market Prices: A UK Case Study},
  author={Tzallas, Petros and Bezas, Napoleon and Moschos, Ioannis and Ioannidis, Dimosthenis and Tzovaras, Dimitrios},
  booktitle={Artificial Intelligence Applications and Innovations.},
  pages={301--313},
  year={2022},
  organization={Springer}
}



@inproceedings{dumas2019probabilistic,
  title={Probabilistic forecasting of imbalance prices in the belgian context},
  author={Dumas, Jonathan and Boukas, Ioannis and de Villena, Miguel Manuel and Mathieu, S{\'e}bastien and Corn{\'e}lusse, Bertrand},
  booktitle={2019 16th International Conference on the European Energy Market (EEM)},
  pages={1--7},
  year={2019},
  organization={IEEE}
}

@article{gaillard2016additive,
  title={Additive models and robust aggregation for GEFCom2014 probabilistic electric load and electricity price forecasting},
  author={Gaillard, Pierre and Goude, Yannig and Nedellec, Rapha{\"e}l},
  journal={International Journal of forecasting},
  volume={32},
  number={3},
  pages={1038--1050},
  year={2016},
  publisher={Elsevier}
}

@article{ziel2016lasso,
  title={Lasso estimation for GEFCom2014 probabilistic electric load forecasting},
  author={Ziel, Florian and Liu, Bidong},
  journal={International Journal of Forecasting},
  volume={32},
  number={3},
  pages={1029--1037},
  year={2016},
  publisher={Elsevier}
}
@article{tohidi2019stochastic,
  title={Stochastic optimisation for investment analysis of flow battery storage systems},
  author={Tohidi, Yaser and Gibescu, Madeleine},
  journal={IET Renewable Power Generation},
  volume={13},
  number={4},
  pages={555--562},
  year={2019},
  publisher={Wiley Online Library}
}

@article{khajeh2022applications,
  title={Applications of probabilistic forecasting in smart grids: A review},
  author={Khajeh, Hosna and Laaksonen, Hannu},
  journal={Applied Sciences},
  year={2022},
  publisher={MDPI}
}

@article{ortner2019future,
  title={The future relevance of electricity balancing markets in Europe},
  author={Ortner, Andr{\'e} and Totschnig, Gerhard},
  journal={Energy Strategy Reviews},
  volume={24},
  pages={111--120},
  year={2019},
  publisher={Elsevier}
}
@article{roumkos2022integration,
  title={Integration of European electricity balancing markets},
  author={Roumkos, Christos and Biskas, Pandelis N and Marneris, Ilias G},
  journal={Energies},
  volume={15},
  number={6},
  pages={2240},
  year={2022},
  publisher={MDPI}
}
@article{zachmann2023design,
  title={The design of the European electricity market--Current proposals and ways ahead},
  author={Zachmann, G and Hirth, L and Heussaff, C and Schlecht, I and M{\"u}hlenpfordt, J and Eicke, A},
  journal={European Parliament: Luxembourg},
  year={2023}
}
@article{poplavskaya2020effect,
  title={Effect of market design on strategic bidding behavior: Model-based analysis of European electricity balancing markets},
  author={Poplavskaya, Ksenia and Lago, Jesus and De Vries, Laurens},
  journal={Applied Energy},
  volume={270},
  pages={115130},
  year={2020},
  publisher={Elsevier}
}
@article{van2012agent,
  title={Agent-based analysis of the impact of the imbalance pricing mechanism on market behavior in electricity balancing markets},
  author={Van Der Veen, Reinier AC and Abbasy, Alireza and Hakvoort, Rudi A},
  journal={Energy Economics},
  volume={34},
  number={4},
  pages={874--881},
  year={2012},
  publisher={Elsevier}
}
@article{eicke2021electricity,
  title={Electricity balancing as a market equilibrium},
  author={Eicke, Anselm and Ruhnau, Oliver and Hirth, Lion},
  year={2021},
  publisher={Kiel, Hamburg: ZBW-Leibniz Information Centre for Economics}
}
@article{rosales2024electricity,
  title={Electricity balancing challenges for markets with high variable renewable generation},
  author={Rosales-Asensio, Enrique and Diez, David Borge and Sarmento, Paula},
  journal={Renewable and Sustainable Energy Reviews},
  volume={189},
  pages={113918},
  year={2024},
  publisher={Elsevier}
}
@article{klaeboe2015benchmarking,
  title={Benchmarking time series based forecasting models for electricity balancing market prices},
  author={Kl{\ae}boe, Gro and Eriksrud, Anders Lund and Fleten, Stein-Erik},
  journal={Energy Systems},
  volume={6},
  pages={43--61},
  year={2015},
  publisher={Springer}
}
@article{van2016electricity,
  title={The electricity balancing market: Exploring the design challenge},
  author={Van der Veen, Reinier AC and Hakvoort, Rudi A},
  journal={Utilities Policy},
  volume={43},
  pages={186--194},
  year={2016},
  publisher={Elsevier}
}
@article{o2024electricity,
  title={Electricity Price Forecasting in the Irish Balancing Market},
  author={O'Connor, Ciaran and Collins, Joseph and Prestwich, Steven and Visentin, Andrea},
  journal={arXiv preprint arXiv:2402.06714},
  year={2024}
}
@article{bunn2020analysis,
  title={Analysis of the fundamental predictability of prices in the British balancing market},
  author={Bunn, Derek W and Inekwe, John N and MacGeehan, David},
  journal={IEEE Transactions on Power Systems},
  volume={36},
  number={2},
  pages={1309--1316},
  year={2020},
  publisher={IEEE}
}
@incollection{MAZZI2017259,
title = {10 - Wind power in electricity markets and the value of forecasting},
editor = {George Kariniotakis},
booktitle = {Renewable Energy Forecasting},
publisher = {Woodhead Publishing},
year = {2017},
author = {Nicoló Mazzi and Pierre Pinson},
keywords = {Decision-making under uncertainty, Electricity market, Forecast quality, Forecast value, Renewable energy generation}
}
@article{ziel2018probabilistic,
  title={Probabilistic mid-and long-term electricity price forecasting},
  author={Ziel, Florian and Steinert, Rick},
  journal={Renewable and Sustainable Energy Reviews},
  volume={94},
  pages={251--266},
  year={2018},
  publisher={Elsevier}
}
@article{nowotarski2018recent,
  title={Recent advances in electricity price forecasting: A review of probabilistic forecasting},
  author={Nowotarski, Jakub and Weron, Rafa{\l}},
  journal={Renewable and Sustainable Energy Reviews},
  year={2018},
  publisher={Elsevier}
}
@book{meeus2020evolution,
  title={The evolution of electricity markets in Europe},
  author={Meeus, Leonardo},
  year={2020},
  publisher={Edward Elgar Publishing}
}
@article{yasuda2022curtailment,
  title={CE (curtailment--Energy share) map: An objective and quantitative measure to evaluate wind and solar curtailment},
  author={Yasuda, Yoh and Bird, Lori and Carlini, Enrico Maria and Eriksen, Peter B{\o}rre and Estanqueiro, Ana and Flynn, Damian and Fraile, Daniel and L{\'a}zaro, Emilio G{\'o}mez and Mart{\'\i}n-Mart{\'\i}nez, Sergio and Hayashi, Daisuke and others},
  journal={Renewable and Sustainable Energy Reviews},
  year={2022},
  publisher={Elsevier}
}
@article{ji2016probabilistic,
  title={Probabilistic forecasting of real-time LMP and network congestion},
  author={Ji, Yuting and Thomas, Robert J and Tong, Lang},
  journal={IEEE Transactions on Power Systems},
  volume={32},
  number={2},
  pages={831--841},
  year={2016},
  publisher={IEEE}
}
@article{bunn2018trading,
  title={A trading-based evaluation of density forecasts in a real-time electricity market},
  author={Bunn, Derek W and Gianfreda, Angelica and Kermer, Stefan},
  journal={Energies},
  volume={11},
  number={10},
  pages={2658},
  year={2018},
  publisher={MDPI}
}
@inproceedings{xu2021conformal,
  title={Conformal prediction interval for dynamic time-series},
  author={Xu, Chen and Xie, Yao},
  booktitle={International Conference on Machine Learning},
  pages={11559--11569},
  year={2021},
  organization={PMLR}
}
@article{granger1969prediction,
  title={Prediction with a generalized cost of error function},
  author={Granger, Clive WJ},
  journal={Journal of the Operational Research Society},
  volume={20},
  pages={199--207},
  year={1969},
  publisher={Springer}
}
@inproceedings{xu2023sequential,
  title={Sequential predictive conformal inference for time series},
  author={Xu, Chen and Xie, Yao},
  booktitle={International Conference on Machine Learning},
  pages={38707--38727},
  year={2023},
  organization={PMLR}
}
@article{barber2023conformal,
  title={Conformal prediction beyond exchangeability},
  author={Barber, Rina Foygel and Candes, Emmanuel J and Ramdas, Aaditya and Tibshirani, Ryan J},
  journal={The Annals of Statistics},
  volume={51},
  number={2},
  pages={816--845},
  year={2023},
  publisher={Institute of Mathematical Statistics}
}
@article{maciejowska2016probabilistic,
  title={Probabilistic forecasting of electricity spot prices using Factor Quantile Regression Averaging},
  author={Maciejowska, Katarzyna and Nowotarski, Jakub and Weron, Rafa{\l}},
  journal={International Journal of Forecasting},
  volume={32},
  number={3},
  pages={957--965},
  year={2016},
  publisher={Elsevier}
}


@InProceedings{Oesterheld2023performative,
  title = 	 {Incentivizing honest performative predictions with proper scoring rules},
  author =       {Oesterheld, Caspar and Treutlein, Johannes and Cooper, Emery and Hudson, Rubi},
  booktitle = 	 {Proceedings of the 39th Conference on Uncertainty in Artificial Intelligence},
  year = 	 {2023},
  pdf = 	 {https://proceedings.mlr.press/v216/oesterheld23a/oesterheld23a.pdf}
}



@InProceedings{Salem2020Intervals,
  title = 	 {Prediction Intervals: Split Normal Mixture from Quality-Driven Deep Ensembles},
  author =       {S. Salem, T\'arik and Langseth, Helge and Ramampiaro, Heri},
  booktitle = 	 {Proceedings of the 36th Conference on Uncertainty in Artificial Intelligence (UAI)},
  pages = 	 {1179--1187},
  year = 	 {2020},
  pdf = 	 {http://proceedings.mlr.press/v124/saleh-salem20a/saleh-salem20a.pdf}
}


@article{bayer2018combining,
  title={Combining value-at-risk forecasts using penalized quantile regressions},
  author={Bayer, Sebastian},
  journal={Econometrics and statistics},
  volume={8},
  pages={56--77},
  year={2018},
  publisher={Elsevier}
}
@article{gneiting2011quantiles,
  title={Quantiles as optimal point forecasts},
  author={Gneiting, Tilmann},
  journal={International Journal of forecasting},
  volume={27},
  year={2011},
  publisher={Elsevier}
}
@misc{oconnor2024optimizing,
      title={Optimizing Quantile-based Trading Strategies in Electricity Arbitrage}, 
  author={O'Connor, Ciaran and Collins, Joseph and Prestwich, Steven and Visentin, Andrea},
      year={2024},
      eprint={2406.13851},
      archivePrefix={arXiv}
}
@article{giacomini2006tests,
  title={Tests of conditional predictive ability},
  author={Giacomini, Raffaella and White, Halbert},
  journal={Econometrica},
  volume={74},
  number={6},
  pages={1545--1578},
  year={2006},
  publisher={Wiley Online Library}
}

@inproceedings{trebbien2023probabilistic,
  title={Probabilistic forecasting of day-ahead electricity prices and their volatility with LSTMs},
  author={Trebbien, Julius and P{\"u}tz, Sebastian and Sch{\"a}fer, Benjamin and Nyg{\aa}rd, Heidi S and Gorj{\~a}o, Leonardo Rydin and Witthaut, Dirk},
  booktitle={2023 IEEE PES Innovative Smart Grid Technologies Europe (ISGT EUROPE)},
  pages={1--5},
  year={2023},
  organization={IEEE}
}
@article{hornik1989multilayer,
  title={Multilayer feedforward networks are universal approximators},
  author={Hornik, Kurt and Stinchcombe, Maxwell and White, Halbert},
  journal={Neural networks},
  volume={2},
  number={5},
  pages={359--366},
  year={1989},
  publisher={Elsevier}
}
@article{wen2021probabilistic,
  title={Probabilistic load forecasting via neural basis expansion model based prediction intervals},
  author={Wen, Honglin and Gu, Jie and Ma, Jinghuan and Yuan, Lyuzerui and Jin, Zhijian},
  journal={IEEE Transactions on Smart Grid},
  volume={12},
  number={4},
  pages={3648--3660},
  year={2021},
  publisher={IEEE}
}
@article{ryu2023quantile,
  title={Quantile-mixer: A novel deep learning approach for probabilistic short-term load forecasting},
  author={Ryu, Seunghyoung and Yu, Yonggyun},
  journal={IEEE Transactions on Smart Grid},
  year={2023},
  publisher={IEEE}
}
@article{wang2023probabilistic,
  title={Probabilistic multi-energy load forecasting for integrated energy system based on Bayesian transformer network},
  author={Wang, Chen and Wang, Ying and Ding, Zhetong and Zhang, Kaifeng},
  journal={IEEE Transactions on Smart Grid},
  year={2023},
  publisher={IEEE}
}
@inproceedings{dorffner1996neural,
  title={Neural networks for time series processing},
  author={Dorffner, Georg},
  booktitle={Neural network world},
  year={1996},
  organization={Citeseer}
}
@inproceedings{hwang2020sampling,
  title={Sampling-free uncertainty estimation in gated recurrent units with applications to normative modeling in neuroimaging},
  author={Hwang, Seong Jae and Mehta, Ronak R and Kim, Hyunwoo J and Johnson, Sterling C and Singh, Vikas},
  booktitle={Uncertainty in Artificial Intelligence},
  pages={809--819},
  year={2020},
  organization={PMLR}
}
@article{iwata2017improving,
  title={Improving output uncertainty estimation and generalization in deep learning via neural network Gaussian processes},
  author={Iwata, Tomoharu and Ghahramani, Zoubin},
  journal={arXiv preprint arXiv:1707.05922},
  year={2017}
}
@article{hochreiter1997long,
  title={Long short-term memory},
  author={Hochreiter, Sepp and Schmidhuber, J{\"u}rgen},
  journal={Neural computation},
  volume={9},
  number={8},
  pages={1735--1780},
  year={1997},
  publisher={MIT Press}
}

@article{li2021day,
  title={Day-ahead electricity price prediction applying hybrid models of LSTM-based deep learning methods and feature selection algorithms under consideration of market coupling},
  author={Li, Wei and Becker, Denis Mike},
  journal={Energy},
  volume={237},
  pages={121543},
  year={2021},
  publisher={Elsevier}
}


@article{ugurlu2018electricity,
  title={Electricity price forecasting using recurrent neural networks},
  author={Ugurlu, Umut and Oksuz, Ilkay and Tas, Oktay},
  journal={Energies},
  volume={11},
  number={5},
  pages={1255},
  year={2018},
  publisher={MDPI}
}







@article{lim2021temporal,
  title={Temporal fusion transformers for interpretable multi-horizon time series forecasting},
  author={Lim, Bryan and Ar{\i}k, Sercan {\"O} and Loeff, Nicolas and Pfister, Tomas},
  journal={International Journal of Forecasting},
  volume={37},
  number={4},
  pages={1748--1764},
  year={2021},
  publisher={Elsevier}
}

@article{meng2022electricity,
  title={Electricity price forecasting with high penetration of renewable energy using attention-based LSTM network trained by crisscross optimization},
  author={Meng, Anbo and Wang, Peng and Zhai, Guangsong and Zeng, Cong and Chen, Shun and Yang, Xiaoyi and Yin, Hao},
  journal={Energy},
  volume={254},
  pages={124212},
  year={2022},
  publisher={Elsevier}
}

@inproceedings{bharatwaj2018real,
  title={Real-Time Imbalance Pricing in I-SEM-Ireland's Balancing Market},
  author={Bharatwaj, V Naren and Downey, Aodhagan},
  booktitle={2018 20th National Power Systems Conference (NPSC)},
  pages={1--6},
  year={2018},
  organization={IEEE}
}

@article{tibshirani1996regression,
  title={Regression shrinkage and selection via the lasso},
  author={Tibshirani, Robert},
  journal={Journal of the Royal Statistical Society: Series B (Methodological)},
  volume={58},
  number={1},
  pages={267--288},
  year={1996},
  publisher={Wiley Online Library}
}

@article{zou2005regularization,
  title={Regularization and variable selection via the elastic net},
  author={Zou, Hui and Hastie, Trevor},
  journal={Journal of the royal statistical society: series B (statistical methodology)},
  volume={67},
  number={2},
  pages={301--320},
  year={2005},
  publisher={Wiley Online Library}
}






@misc{WOS,
title = {Web of Science search under keywords 'DAM' 'EPF' 'ML'},
author={WOS, Web of Science},
url={https://www.webofscience.com/wos/woscc/summary/175b1742-77b3-4cb0-aa0c-7e265b492014-4aa07dbe/relevance/1},
journal={Web of science}} 


@misc{SEMO,
title={Markets and timelines}, 
author={SEMO},
url={https://www.sem-o.com/markets/}, 
journal={SEMO}} 


@misc{NIV,
title={INVESTIGATIONS INTO NET IMBALANCE VOLUME CHASING (‘NIV CHASING’) IN GB ELECTRICITY MARKET}, 
author={Shadrack Nyarko},
url={https://www.elexon.co.uk/documents/groups/panel/2019-meetings/294-september/294-09-investigations-into-niv-chasing-in-gb-electricity-market-shadrack-nyarko/}, 
journal={Elexon BSC}, year={2019}, month={Sep}} 


@misc{EMEU, 
title={Electricity markets in the EU},
url={https://fsr.eui.eu/electricity-markets-in-the-eu/}, 
journal={Florence School of Regulation},
author={Carella, Claudia}, 
year={2021},
month={Feb}} 




@article{conejo2005day,
  title={Day-ahead electricity price forecasting using the wavelet transform and ARIMA models},
  author={Conejo, Antonio J and Plazas, Miguel A and Espinola, Rosa and Molina, Ana B},
  journal={IEEE transactions on power systems},
  volume={20},
  number={2},
  pages={1035--1042},
  year={2005},
  publisher={IEEE}
}

@article{janczura2010empirical,
  title={An empirical comparison of alternate regime-switching models for electricity spot prices},
  author={Janczura, Joanna and Weron, Rafal},
  journal={Energy economics},
  volume={32},
  number={5},
  pages={1059--1073},
  year={2010},
  publisher={Elsevier}
}

@article{conejo2005forecasting,
  title={Forecasting electricity prices for a day-ahead pool-based electric energy market},
  author={Conejo, Antonio J and Contreras, Javier and Esp{\'\i}nola, Rosa and Plazas, Miguel A},
  journal={International journal of forecasting},
  volume={21},
  number={3},
  pages={435--462},
  year={2005},
  publisher={Elsevier}
}

@article{cuaresma2004forecasting,
  title={Forecasting electricity spot-prices using linear univariate time-series models},
  author={Cuaresma, Jes{\'u}s Crespo and Hlouskova, Jaroslava and Kossmeier, Stephan and Obersteiner, Michael},
  journal={Applied Energy},
  volume={77},
  number={1},
  pages={87--106},
  year={2004},
  publisher={Elsevier}
}

@article{tan2010day,
  title={Day-ahead electricity price forecasting using wavelet transform combined with ARIMA and GARCH models},
  author={Tan, Zhongfu and Zhang, Jinliang and Wang, Jianhui and Xu, Jun},
  journal={Applied energy},
  volume={87},
  number={11},
  pages={3606--3610},
  year={2010},
  publisher={Elsevier}
}
@article{garcia2005garch,
  title={A GARCH forecasting model to predict day-ahead electricity prices},
  author={Garcia, Reinaldo C and Contreras, Javier and Van Akkeren, Marco and Garcia, Jo{\~a}o Batista C},
  journal={IEEE transactions on power systems},
  volume={20},
  number={2},
  pages={867--874},
  year={2005},
  publisher={IEEE}
}

@article{weron2008forecasting,
  title={Forecasting spot electricity prices: A comparison of parametric and semiparametric time series models},
  author={Weron, Rafa{\l} and Misiorek, Adam},
  journal={International journal of forecasting},
  volume={24},
  number={4},
  pages={744--763},
  year={2008},
  publisher={Elsevier}
}

@article{keles2016extended,
  title={Extended forecast methods for day-ahead electricity spot prices applying artificial neural networks},
  author={Keles, Dogan and Scelle, Jonathan and Paraschiv, Florentina and Fichtner, Wolf},
  journal={Applied energy},
  volume={162},
  pages={218--230},
  year={2016},
  publisher={Elsevier}
}
@article{pindoriya2008adaptive,
  title={An adaptive wavelet neural network-based energy price forecasting in electricity markets},
  author={Pindoriya, NM and Singh, SN and Singh, SK},
  journal={IEEE Transactions On power systems},
  volume={23},
  number={3},
  pages={1423--1432},
  year={2008},
  publisher={IEEE}
}
@article{kolmek2015forecasting,
  title={Forecasting the day-ahead price in electricity balancing and settlement market of Turkey by using artificial neural networks},
  author={K{\"O}LMEK, MEHMET AL{\.I} and Navruz, {\.I}sa},
  journal={Turkish Journal of Electrical Engineering and Computer Sciences},
  volume={23},
  number={3},
  pages={841--852},
  year={2015}
}
@article{zheng2017short,
  title={Short-term load forecasting using EMD-LSTM neural networks with a Xgboost algorithm for feature importance evaluation},
  author={Zheng, Huiting and Yuan, Jiabin and Chen, Long},
  journal={Energies},
  volume={10},
  number={8},
  pages={1168},
  year={2017},
  publisher={MDPI}
}
@article{panagiotelis2008bayesian,
  title={Bayesian density forecasting of intraday electricity prices using multivariate skew t distributions},
  author={Panagiotelis, Anastasios and Smith, Michael},
  journal={International Journal of Forecasting},
  volume={24},
  number={4},
  pages={710--727},
  year={2008},
  publisher={Elsevier}
}
@article{yang2017electricity,
  title={Electricity price forecasting by a hybrid model, combining wavelet transform, ARMA and kernel-based extreme learning machine methods},
  author={Yang, Zhang and Ce, Li and Lian, Li},
  journal={Applied Energy},
  volume={190},
  pages={291--305},
  year={2017},
  publisher={Elsevier}
}
@article{lago2018forecasting,
  title={Forecasting spot electricity prices: Deep learning approaches and empirical comparison of traditional algorithms},
  author={Lago, Jesus and De Ridder, Fjo and De Schutter, Bart},
  journal={Applied Energy},
  volume={221},
  pages={386--405},
  year={2018},
  publisher={Elsevier}
}
@inproceedings{cordier2023flexible,
  title={Flexible and Systematic Uncertainty Estimation with Conformal Prediction via the MAPIE library},
  author={Cordier, Thibault and Blot, Vincent and Lacombe, Louis and Morzadec, Thomas and Capitaine, Arnaud and Brunel, Nicolas},
  booktitle={Conformal and Probabilistic Prediction with Applications},
  year={2023},
  organization={PMLR}
}
@article{xu2024conformal,
  title={Conformal prediction for multi-dimensional time series by ellipsoidal sets},
  author={Xu, Chen and Jiang, Hanyang and Xie, Yao},
  journal={arXiv preprint arXiv:2403.03850},
  year={2024}
}
@article{angelopoulos2024conformal,
  title={Conformal pid control for time series prediction},
  author={Angelopoulos, Anastasios and Candes, Emmanuel and Tibshirani, Ryan J},
  journal={Advances in neural information processing systems},
  volume={36},
  year={2024}
}
@article{lee2024transformer,
  title={Transformer Conformal Prediction for Time Series},
  author={Lee, Junghwan and Xu, Chen and Xie, Yao},
  journal={arXiv preprint arXiv:2406.05332},
  year={2024}
}
@article{de2024electricity,
  title={Electricity price forecast in wholesale markets using conformal prediction: Case study in Mexico},
  author={De la Torre, Jorge and Rodriguez, Leticia R and Monteagudo, Francisco EL and Arredondo, Leonel R and Enriquez, Jos{\'e} B},
  journal={Energy Science \& Engineering},
  year={2024},
  publisher={Wiley Online Library}
}
@article{monjazeb2024wholesale,
  title={Wholesale electricity price forecasting by Quantile Regression and Kalman Filter method},
  author={Monjazeb, Mohammad Reza and Amiri, Hossein and Movahedi, Akram},
  journal={Energy},
  volume={290},
  pages={129925},
  year={2024},
  publisher={Elsevier}
}
@article{marcjasz2023distributional,
  title={Distributional neural networks for electricity price forecasting},
  author={Marcjasz, Grzegorz and Narajewski, Micha{\l} and Weron, Rafa{\l} and Ziel, Florian},
  journal={Energy Economics},
  volume={125},
  pages={106843},
  year={2023},
  publisher={Elsevier}
}
@inproceedings{zaffran2022adaptive,
  title={Adaptive conformal predictions for time series},
  author={Zaffran, Margaux and F{\'e}ron, Olivier and Goude, Yannig and Josse, Julie and Dieuleveut, Aymeric},
  booktitle={International Conference on Machine Learning},
  pages={25834--25866},
  year={2022},
  organization={PMLR}
}
@article{lucas2020price,
  title={Price forecasting for the balancing energy market using machine-learning regression},
  author={Lucas, Alexandre and Pegios, Konstantinos and Kotsakis, Evangelos and Clarke, Dan},
  journal={Energies},
  volume={13},
  number={20},
  pages={5420},
  year={2020},
  publisher={MDPI}
}
@article{cheng2019hybrid,
  title={A hybrid electricity price forecasting model with Bayesian optimization for German energy exchange},
  author={Cheng, Hangyang and Ding, Xiangwu and Zhou, Wuneng and Ding, Renqiang},
  journal={International Journal of Electrical Power \& Energy Systems},
  volume={110},
  pages={653--666},
  year={2019},
  publisher={Elsevier}
}
@article{kostrzewski2019probabilistic,
  title={Probabilistic electricity price forecasting with Bayesian stochastic volatility models},
  author={Kostrzewski, Maciej and Kostrzewska, Jadwiga},
  journal={Energy Economics},
  volume={80},
  pages={610--620},
  year={2019},
  publisher={Elsevier}
}
@article{tat2018electricity,
  title={Electricity price forecasting using Monte Carlo simulation: the case of Lithuania},
  author={Tat, Andrejus Ngujen},
  journal={Ekonomika},
  volume={97},
  number={1},
  pages={76--86},
  year={2018},
  publisher={Vilniaus Universitetas}
}
@article{hagfors2016modeling,
  title={Modeling the UK electricity price distributions using quantile regression},
  author={Hagfors, Lars Ivar and Bunn, Derek and Kristoffersen, Eline and Staver, Tiril Toftdahl and Westgaard, Sjur},
  journal={Energy},
  volume={102},
  year={2016},
  publisher={Elsevier}
}
@article{jonsson2014predictive,
  title={Predictive densities for day-ahead electricity prices using time-adaptive quantile regression},
  author={J{\'o}nsson, Tryggvi and Pinson, Pierre and Madsen, Henrik and Nielsen, Henrik Aalborg},
  journal={Energies},
  volume={7},
  number={9},
  pages={5523--5547},
  year={2014},
  publisher={MDPI}
}
@article{motamedi2012electricity,
  title={Electricity price and demand forecasting in smart grids},
  author={Motamedi, Amir and Zareipour, Hamidreza and Rosehart, William D},
  journal={IEEE Transactions on Smart Grid},
  volume={3},
  number={2},
  pages={664--674},
  year={2012},
  publisher={IEEE}
}

@article{wan2013hybrid,
  title={A hybrid approach for probabilistic forecasting of electricity price},
  author={Wan, Can and Xu, Zhao and Wang, Yelei and Dong, Zhao Yang and Wong, Kit Po},
  journal={IEEE Transactions on Smart Grid},
  volume={5},
  number={1},
  pages={463--470},
  year={2013},
  publisher={IEEE}
}
@article{wang2017multi,
  title={Multi-step ahead electricity price forecasting using a hybrid model based on two-layer decomposition technique and BP neural network optimized by firefly algorithm},
  author={Wang, Deyun and Luo, Hongyuan and Grunder, Olivier and Lin, Yanbing and Guo, Haixiang},
  journal={Applied Energy},
  volume={190},
  pages={390--407},
  year={2017},
  publisher={Elsevier}
}
@article{shinde2019literature,
  title={A literature review of intraday electricity markets and prices},
  author={Shinde, Priyanka and Amelin, Mikael},
  journal={2019 IEEE Milan PowerTech},
  pages={1--6},
  year={2019},
  publisher={IEEE}
}
@article{birkeland2024research,
  title={Research areas and methods of interest in European intraday electricity market research—A systematic literature review},
  author={Birkeland, Dane and AlSkaif, Tarek},
  journal={Sustainable Energy, Grids and Networks},
  pages={101368},
  year={2024},
  publisher={Elsevier}
}
@article{koch2019short,
  title={Short-term electricity trading for system balancing: An empirical analysis of the role of intraday trading in balancing Germany's electricity system},
  author={Koch, Christopher and Hirth, Lion},
  journal={Renewable and Sustainable Energy Reviews},
  volume={113},
  pages={109275},
  year={2019},
  publisher={Elsevier}
}
@article{narajewski2020econometric,
  title={Econometric modelling and forecasting of intraday electricity prices},
  author={Narajewski, Micha{\l} and Ziel, Florian},
  journal={Journal of Commodity Markets},
  volume={19},
  pages={100107},
  year={2020},
  publisher={Elsevier}
}
@article{bento2018bat,
  title={A bat optimized neural network and wavelet transform approach for short-term price forecasting},
  author={Bento, PMR and Pombo, JAN and Calado, MRA and Mariano, SJPS},
  journal={Applied energy},
  volume={210},
  pages={88--97},
  year={2018},
  publisher={Elsevier}
}

@article{chang2019electricity,
  title={Electricity price prediction based on hybrid model of adam optimized LSTM neural network and wavelet transform},
  author={Chang, Zihan and Zhang, Yang and Chen, Wenbo},
  journal={Energy},
  volume={187},
  pages={115804},
  year={2019},
  publisher={Elsevier}
}
@article{lin2010enhanced,
  title={An enhanced radial basis function network for short-term electricity price forecasting},
  author={Lin, Whei-Min and Gow, Hong-Jey and Tsai, Ming-Tang},
  journal={Applied Energy},
  volume={87},
  number={10},
  pages={3226--3234},
  year={2010},
  publisher={Elsevier}
}
@article{monteiro2016short,
  title={Short-term price forecasting models based on artificial neural networks for intraday sessions in the Iberian electricity market},
  author={Monteiro, Claudio and Ramirez-Rosado, Ignacio J and Fernandez-Jimenez, L Alfredo and Conde, Pedro},
  journal={Energies},
  volume={9},
  number={9},
  pages={721},
  year={2016},
  publisher={MDPI}
}
@article{uniejewski2019understanding,
  title={Understanding intraday electricity markets: Variable selection and very short-term price forecasting using LASSO},
  author={Uniejewski, Bartosz and Marcjasz, Grzegorz and Weron, Rafa{\l}},
  journal={International Journal of Forecasting},
  volume={35},
  number={4},
  pages={1533--1547},
  year={2019},
  publisher={Elsevier}
}
@article{andrade2017probabilistic,
  title={Probabilistic price forecasting for day-ahead and intraday markets: Beyond the statistical model},
  author={Andrade, Jos{\'e} R and Filipe, Jorge and Reis, Marisa and Bessa, Ricardo J},
  journal={Sustainability},
  volume={9},
  number={11},
  pages={1990},
  year={2017},
  publisher={MDPI}
}

@article{uniejewski2018efficient,
  title={Efficient forecasting of electricity spot prices with expert and LASSO models},
  author={Uniejewski, Bartosz and Weron, Rafa{\l}},
  journal={Energies},
  volume={11},
  number={8},
  pages={2039},
  year={2018},
  publisher={MDPI}
}
@article{chen2019brim,
  title={BRIM: An accurate electricity spot price prediction scheme-based bidirectional recurrent neural network and integrated market},
  author={Chen, Yiyuan and Wang, Yufeng and Ma, Jianhua and Jin, Qun},
  journal={Energies},
  volume={12},
  number={12},
  pages={2241},
  year={2019},
  publisher={MDPI}
}
@article{panapakidis2016day,
  title={Day-ahead electricity price forecasting via the application of artificial neural network based models},
  author={Panapakidis, Ioannis P and Dagoumas, Athanasios S},
  journal={Applied Energy},
  volume={172},
  pages={132--151},
  year={2016},
  publisher={Elsevier}
}

@article{xiao2017research,
  title={Research and application of a hybrid wavelet neural network model with the improved cuckoo search algorithm for electrical power system forecasting},
  author={Xiao, Liye and Shao, Wei and Yu, Mengxia and Ma, Jing and Jin, Congjun},
  journal={Applied energy},
  volume={198},
  pages={203--222},
  year={2017},
  publisher={Elsevier}
}
@inproceedings{xu2019day,
  title={Day-ahead price forecasting in ERCOT market using neural network approaches},
  author={Xu, Jian and Baldick, Ross},
  booktitle={Proceedings of the Tenth ACM International Conference on Future Energy Systems},
  pages={486--491},
  year={2019}
}
@article{catalao2007short,
  title={Short-term electricity prices forecasting in a competitive market: A neural network approach},
  author={Catal{\~a}o, Jo{\~a}o Paulo da Silva and Mariano, S{\'\i}lvio Jos{\'e} Pinto Sim{\~o}es and Mendes, VMF and Ferreira, LAFM},
  journal={electric power systems research},
  volume={77},
  number={10},
  pages={1297--1304},
  year={2007},
  publisher={Elsevier}
}

@article{kuo2018electricity,
  title={An electricity price forecasting model by hybrid structured deep neural networks},
  author={Kuo, Ping-Huan and Huang, Chiou-Jye},
  journal={Sustainability},
  volume={10},
  number={4},
  pages={1280},
  year={2018},
  publisher={MDPI}
}
@inproceedings{xie2018day,
  title={The day-ahead electricity price forecasting based on stacked CNN and LSTM},
  author={Xie, Xiaolong and Xu, Wei and Tan, Hongzhi},
  booktitle={International Conference on Intelligent Science and Big Data Engineering},
  pages={216--230},
  year={2018},
  organization={Springer}
}
@article{anbazhagan2012day,
  title={Day-ahead deregulated electricity market price forecasting using recurrent neural network},
  author={Anbazhagan, S and Kumarappan, Narayanan},
  journal={IEEE Systems Journal},
  volume={7},
  number={4},
  pages={866--872},
  year={2012},
  publisher={IEEE}
}
@article{uniejewski2016automated,
  title={Automated variable selection and shrinkage for day-ahead electricity price forecasting},
  author={Uniejewski, Bartosz and Nowotarski, Jakub and Weron, Rafa{\l}},
  journal={Energies},
  volume={9},
  number={8},
  pages={621},
  year={2016},
  publisher={MDPI}
}

@inproceedings{nascimento2019day,
  title={Day-ahead electricity market price forecasting using artificial neural network with spearman data correlation},
  author={Nascimento, Jo{\~a}o and Pinto, Tiago and Vale, Zita},
  booktitle={2019 IEEE Milan PowerTech},
  pages={1--6},
  year={2019},
  organization={IEEE}
}
@article{bordignon2013combining,
  title={Combining day-ahead forecasts for British electricity prices},
  author={Bordignon, Silvano and Bunn, Derek W and Lisi, Francesco and Nan, Fany},
  journal={Energy Economics},
  volume={35},
  pages={88--103},
  year={2013},
  publisher={Elsevier}
}
@article{ziel2016electricity,
  title={Electricity price forecasting using sale and purchase curves: The X-Model},
  author={Ziel, Florian and Steinert, Rick},
  journal={Energy Economics},
  volume={59},
  pages={435--454},
  year={2016},
  publisher={Elsevier}
}
@article{ziel2018day,
  title={Day-ahead electricity price forecasting with high-dimensional structures: Univariate vs. multivariate modeling frameworks},
  author={Ziel, Florian and Weron, Rafa{\l}},
  journal={Energy Economics},
  volume={70},
  pages={396--420},
  year={2018},
  publisher={Elsevier}
}
@article{yang2020hyperparameter,
  title={On hyperparameter optimization of machine learning algorithms: Theory and practice},
  author={Yang, Li and Shami, Abdallah},
  journal={Neurocomputing},
  volume={415},
  pages={295--316},
  year={2020},
  publisher={Elsevier}
}
@book{chollet2021deep,
  title={Deep learning with Python},
  author={Chollet, Francois},
  year={2021},
  publisher={Simon and Schuster}
}
@article{pedregosa2011scikit,
  title={Scikit-learn: Machine learning in Python},
  author={Pedregosa, Fabian and Varoquaux, Ga{\"e}l and Gramfort, Alexandre and Michel, Vincent and Thirion, Bertrand and Grisel, Olivier and Blondel, Mathieu and Prettenhofer, Peter and Weiss, Ron and Dubourg, Vincent and others},
  journal={the Journal of machine Learning research},
  volume={12},
  pages={2825--2830},
  year={2011},
  publisher={JMLR. org}
}
@misc{jasperroebroek, 
title={sklearn-quantile}, 
url={https://github.com/jasperroebroek/sklearn-quantile},
author={jasperroebroek},
title={sklearn-quantile}, 
journal={GITHUB}
} 
@article{sharda2020rsam,
  title={RSAM: Robust self-attention based multi-horizon model for solar irradiance forecasting},
  author={Sharda, Swati and Singh, Mukhtiar and Sharma, Kapil},
  journal={IEEE Transactions on Sustainable Energy},
  volume={12},
  number={2},
  pages={1394--1405},
  year={2020},
  publisher={IEEE}
}

@article{maciejowska2022forecasting,
  title={Forecasting Electricity Prices},
  author={Maciejowska, Katarzyna and Uniejewski, Bartosz and Weron, Rafa{\l}},
  journal={arXiv preprint arXiv:2204.11735},
  year={2022}
}
@article{maciejowska2023probabilistic,
  title={Probabilistic forecasting with Factor Quantile Regression: Application to electricity trading},
  author={Maciejowska, Katarzyna and Serafin, Tomasz and Uniejewski, Bartosz},
  journal={arXiv preprint arXiv:2303.08565},
  year={2023}
}

@inproceedings{chen2016xgboost,
  title={Xgboost: A scalable tree boosting system},
  author={Chen, Tianqi and Guestrin, Carlos},
  booktitle={Proceedings of the 22nd acm sigkdd international conference on knowledge discovery and data mining},
  pages={785--794},
  year={2016}
}
@book{goodfellow2016deep,
  title={Deep learning},
  author={Goodfellow, Ian and Bengio, Yoshua and Courville, Aaron},
  year={2016},
  publisher={MIT press}
}

@article{ozguner2017probabilistic,
  title={Probabilistic day-ahead system marginal price forecasting with ANN for the Turkish electricity market},
  author={{\"O}zg{\"u}ner, Erdem and T{\"o}r, Osman B{\"u}lent and G{\"u}ven, Ali Nezih},
  journal={Turkish Journal of Electrical Engineering and Computer Sciences},
  volume={25},
  number={6},
  pages={4923--4935},
  year={2017}
}
@article{drucker1996support,
  title={Support vector regression machines},
  author={Drucker, Harris and Burges, Christopher J and Kaufman, Linda and Smola, Alex and Vapnik, Vladimir},
  journal={Advances in neural information processing systems},
  volume={9},
  year={1996}
}
@article{harvey1997testing,
  title={Testing the equality of prediction mean squared errors},
  author={Harvey, David and Leybourne, Stephen and Newbold, Paul},
  journal={International Journal of forecasting},
  volume={13},
  number={2},
  pages={281--291},
  year={1997},
  publisher={Elsevier}
}
@article{diebold2002comparing,
  title={Comparing predictive accuracy},
  author={Diebold, Francis X and Mariano, Robert S},
  journal={Journal of Business \& economic statistics},
  volume={20},
  number={1},
  pages={134--144},
  year={2002},
  publisher={Taylor \& Francis}
}
@misc{statisticsexplained, 
title={Statistics explained}, 
url={https://ec.europa.eu/eurostat/statistics-explained/index.php?title=Renewable_energy_statistics},
author={Eurostat},
year={2023},
title={Renewable_energy_statistics#Share_of_renewable_energy_more_than_doubled_between_2004_and_2020}, 
journal={Statistics Explained}
} 

@article{newbery2016benefits,
  title={The benefits of integrating European electricity markets},
  author={Newbery, David and Strbac, Goran and Viehoff, Ivan},
  journal={Energy Policy},
  volume={94},
  pages={253--263},
  year={2016},
  publisher={Elsevier}
}

@article{wang2016deep,
  title={Deep belief network based deterministic and probabilistic wind speed forecasting approach},
  author={Wang, HZ and Wang, GB and Li, GQ and Peng, JC and Liu, YT},
  journal={Applied Energy},
  volume={182},
  pages={80--93},
  year={2016},
  publisher={Elsevier}
}
@article{wang2017deep,
  title={Deep learning based ensemble approach for probabilistic wind power forecasting},
  author={Wang, Huai-zhi and Li, Gang-qiang and Wang, Gui-bin and Peng, Jian-chun and Jiang, Hui and Liu, Yi-tao},
  journal={Applied energy},
  volume={188},
  pages={56--70},
  year={2017},
  publisher={Elsevier}
}

@article{nowotarski2014empirical,
  title={An empirical comparison of alternative schemes for combining electricity spot price forecasts},
  author={Nowotarski, Jakub and Raviv, Eran and Tr{\"u}ck, Stefan and Weron, Rafa{\l}},
  journal={Energy Economics},
  volume={46},
  pages={395--412},
  year={2014},
  publisher={Elsevier}
}
@article{naz2019short,
  title={Short-term electric load and price forecasting using enhanced extreme learning machine optimization in smart grids},
  author={Naz, Aqdas and Javed, Muhammad Umar and Javaid, Nadeem and Saba, Tanzila and Alhussein, Musaed and Aurangzeb, Khursheed},
  journal={Energies},
  volume={12},
  number={5},
  pages={866},
  year={2019},
  publisher={MDPI}
}
@article{luo2019two,
  title={A two-stage supervised learning approach for electricity price forecasting by leveraging different data sources},
  author={Luo, Shuman and Weng, Yang},
  journal={Applied energy},
  volume={242},
  pages={1497--1512},
  year={2019},
  publisher={Elsevier}
}
@article{ugurlu2018performance,
  title={Performance of electricity price forecasting models: Evidence from turkey},
  author={Ugurlu, Umut and Tas, Oktay and Gunduz, Umut},
  journal={Emerging Markets Finance and Trade},
  volume={54},
  number={8},
  pages={1720--1739},
  year={2018},
  publisher={Taylor \& Francis}
}

@article{aineto2019influence,
  title={On the influence of renewable energy sources in electricity price forecasting in the Iberian market},
  author={Aineto, Diego and Iranzo-S{\'a}nchez, Javier and Lemus-Z{\'u}{\~n}iga, Lenin G and Onaindia, Eva and Urchuegu{\'\i}a, Javier F},
  journal={Energies},
  volume={12},
  number={11},
  pages={2082},
  year={2019},
  publisher={MDPI}
}
@article{green2010market,
  title={Market behaviour with large amounts of intermittent generation},
  author={Green, Richard and Vasilakos, Nicholas},
  journal={Energy Policy},
  volume={38},
  number={7},
  pages={3211--3220},
  year={2010},
  publisher={Elsevier}
}
@article{zhao2019adaptive,
  title={An adaptive bilevel programming model for nonparametric prediction intervals of wind power generation},
  author={Zhao, Changfei and Wan, Can and Song, Yonghua},
  journal={IEEE Transactions on Power Systems},
  volume={35},
  number={1},
  pages={424--439},
  year={2019},
  publisher={IEEE}
}
@article{toubeau2020capturing,
  title={Capturing spatio-temporal dependencies in the probabilistic forecasting of distribution locational marginal prices},
  author={Toubeau, Jean-Fran{\c{c}}ois and Morstyn, Thomas and Bottieau, J{\'e}r{\'e}mie and Zheng, Kedi and Apostolopoulou, Dimitra and De Gr{\`e}ve, Zacharie and Wang, Yi and Vall{\'e}e, Fran{\c{c}}ois},
  journal={IEEE Transactions on Smart Grid},
  volume={12},
  year={2020},
  publisher={IEEE}
}
@article{milstein2015can,
  title={Can price volatility enhance market power? The case of renewable technologies in competitive electricity markets},
  author={Milstein, Irena and Tishler, Asher},
  journal={Resource and Energy Economics},
  volume={41},
  pages={70--90},
  year={2015},
  publisher={Elsevier}
}
@article{lago2019forecasting,
  title={Forecasting day-ahead electricity prices in Europe: The importance of considering market integration},
  author={Lago, Jesus and De Ridder, Fjo and Vrancx, Peter and De Schutter, Bart},
  journal={Applied energy},
  volume={211},
  pages={890--903},
  year={2018},
  publisher={Elsevier}
}
@article{martinez2016impact,
  title={The impact of wind power on electricity prices},
  author={Martinez-Anido, Carlo Brancucci and Brinkman, Greg and Hodge, Bri-Mathias},
  journal={Renewable Energy},
  volume={94},
  pages={474--487},
  year={2016},
  publisher={Elsevier}
}
@INPROCEEDINGS{8472762,
  author={Beigaite, Rita and Krilavičius, Tomas and Man, Ka Lok},
  booktitle={2018 International Conference on Platform Technology and Service (PlatCon)}, 
  title={Electricity Price Forecasting for Nord Pool Data}, 
  year={2018},
  volume={},
  number={},
  pages={1-6},
  doi={10.1109/PlatCon.2018.8472762}}
@article{ugurlu2018financial,
  title={The financial effect of the electricity price forecasts’ inaccuracy on a hydro-based generation company},
  author={Ugurlu, Umut and Tas, Oktay and Kaya, Aycan and Oksuz, Ilkay},
  journal={Energies},
  volume={11},
  number={8},
  pages={2093},
  year={2018}
}
@article{ziel2015forecasting,
  title={Forecasting day ahead electricity spot prices: The impact of the EXAA to other European electricity markets},
  author={Ziel, Florian and Steinert, Rick and Husmann, Sven},
  journal={Energy Economics},
  volume={51},
  pages={430--444},
  year={2015},
  publisher={Elsevier}
}
@article{zhang2019forecasting,
  title={Forecasting day-ahead electricity prices using a new integrated model},
  author={Zhang, Jin-Liang and Zhang, Yue-Jun and Li, De-Zhi and Tan, Zhong-Fu and Ji, Jian-Fei},
  journal={International journal of electrical power \& energy systems},
  volume={105},
  pages={541--548},
  year={2019},
  publisher={Elsevier}
}
@article{neupane2017ensemble,
  title={Ensemble prediction model with expert selection for electricity price forecasting},
  author={Neupane, Bijay and Woon, Wei Lee and Aung, Zeyar},
  journal={Energies},
  volume={10},
  number={1},
  pages={77},
  year={2017},
  publisher={MDPI}
}
@article{zareipour2009economic,
  title={Economic impact of electricity market price forecasting errors: A demand-side analysis},
  author={Zareipour, Hamidreza and Canizares, Claudio A and Bhattacharya, Kankar},
  journal={IEEE Transactions on Power Systems},
  volume={25},
  number={1},
  pages={254--262},
  year={2009},
  publisher={IEEE}
}
@article{weron2014electricity,
  title={Electricity price forecasting: A review of the state-of-the-art with a look into the future},
  author={Weron, Rafa{\l}},
  journal={International journal of forecasting},
  volume={30},
  number={4},
  pages={1030--1081},
  year={2014},
  publisher={Elsevier}
}
@article{nowotarski2016importance,
  title={On the importance of the long-term seasonal component in day-ahead electricity price forecasting},
  author={Nowotarski, Jakub and Weron, Rafa{\l}},
  journal={Energy Economics},
  volume={57},
  pages={228--235},
  year={2016},
  publisher={Elsevier}
}
@article{fanone2013case,
  title={The case of negative day-ahead electricity prices},
  author={Fanone, Enzo and Gamba, Andrea and Prokopczuk, Marcel},
  journal={Energy Economics},
  volume={35},
  pages={22--34},
  year={2013},
  publisher={Elsevier}
}
@article{staffell2016maximising,
  title={Maximising the value of electricity storage},
  author={Staffell, Iain and Rustomji, Mazda},
  journal={Journal of Energy Storage},
  volume={8},
  pages={212--225},
  year={2016},
  publisher={Elsevier}
}
@article{abramova2021optimal,
  title={Optimal Daily Trading of Battery Operations Using Arbitrage Spreads},
  author={Abramova, Ekaterina and Bunn, Derek},
  journal={Energies},
  volume={14},
  number={16},
  pages={4931},
  year={2021},
  publisher={MDPI}
}
@article{makridakis1993accuracy,
  title={Accuracy measures: theoretical and practical concerns},
  author={Makridakis, Spyros},
  journal={International journal of forecasting},
  volume={9},
  number={4},
  pages={527--529},
  year={1993},
  publisher={Elsevier}
}
@article{krishnamurthy2017energy,
  title={Energy storage arbitrage under day-ahead and real-time price uncertainty},
  author={Krishnamurthy, Dheepak and Uckun, Canan and Zhou, Zhi and Thimmapuram, Prakash R and Botterud, Audun},
  journal={IEEE Transactions on Power Systems},
  volume={33},
  number={1},
  pages={84--93},
  year={2017},
  publisher={IEEE}
}
@article{uniejewski2021regularized,
  title={Regularized quantile regression averaging for probabilistic electricity price forecasting},
  author={Uniejewski, Bartosz and Weron, Rafa{\l}},
  journal={Energy Economics},
  volume={95},
  year={2021},
  publisher={Elsevier}
}
@article{l2021optimal,
  title={Optimal bidding on hourly and quarter-hourly day-ahead electricity price auctions: trading large volumes of power with market impact and transaction costs},
  author={Narajewski, Michal and Ziel, Florian},
  journal={arXiv},
  year={2021}
}
%All above included
@article{marcjasz2020probabilistic,
  title={Probabilistic electricity price forecasting with NARX networks: Combine point or probabilistic forecasts?},
  author={Marcjasz, Grzegorz and Uniejewski, Bartosz and Weron, Rafa{\l}},
  journal={International Journal of Forecasting},
  volume={36},
  number={2},
  year={2020},
  publisher={Elsevier}
}


@misc{Baxter_Byrne, title={Doe ESHB Chapter 25: Energy Storage System Pricing}, url={https://www.sandia.gov/app/uploads/sites/163/2021/09/ESHB_Ch25_Pricing_Baxter.pdf}, journal={Sandia}, publisher={Mustang Prairie Energy &amp; Sandia National Laboratories}, author={Baxter, Richard and Byrne, Ray}}

@misc{invinityWhatDoes,
author = {Bruce Herzer},
title = {{W}hat {D}oes {B}attery {S}torage {C}ost? - {I}nvinity},
howpublished = {\url{https://invinity.com/what-does-battery-storage-cost/}},
year = {2018},
}

@misc{sandiaUSEnergy,
author = {Richard Baxter, Ray Byrne},
title = {{U}.{S}. {D}{O}{E} {E}nergy {S}torage {H}andbook --- sandia.gov},
howpublished = {\url{https://www.sandia.gov/ess/publications/doe-oe-resources/eshb}},
year = {2018},
}


@article{graf2022drives,
title={What drives capacity degradation in utility-scale battery energy storage systems? The impact of operating strategy and temperature in different grid applications},
author={Gr{\"a}f, David and Marschewski, Julian and Ibing, Lukas and Huckebrink, David and Fiebrandt, Marc and Hanau, G{\"o}tz and Bertsch, Valentin},
journal={Journal of Energy Storage},
volume={47},
pages={103533},
year={2022},
publisher={Elsevier}
}


@misc{semopxSEMOpxFees,
author = {SEMO},
title = {{S}{E}{M}{O}px {F}ees --- semopx.com},
howpublished = {\url{https://www.semopx.com/joining-the-market/fees/}},
year = {2023},
}


@misc{semoJoiningBalancing,
author = {SEMO},
title = {{J}oining the {B}alancing {M}arket --- sem-o.com},
howpublished = {\url{https://www.sem-o.com/markets/balancing-market-overview/joining-the-balancing-market/}},
year = {2023},
}

@misc{SEMC2021,
url={https://www.semcommittee.com/publications/sem-21-086-sem-plexos-model-validation-2021-2029-and-backcast-report},
journal={SEM Committee},
year={2021},
month={Dec}}
@article{gammerman1998learning,
  title={Learning by Transduction},
  author={Gammerman, A and Vovk, V and Vapnik, V},
 journal = 	 {Proceedings of the 14th Conference on Uncertainty in Artificial Intelligence (UAI)},
  year={1998},
  publisher={Morgan Kaufmann Publishers Inc., San Francisco, CA}
}

@article{subhankar2023probabilistically,
  title = 	 {Probabilistically robust conformal prediction},
  author =       {Ghosh, Subhankar and Shi, Yuanjie and Belkhouja, Taha and Yan, Yan and Doppa, Jana and Jones, Brian},
  journal = 	 {Proceedings of the 39th Conference on Uncertainty in Artificial Intelligence (UAI)},
  pages = 	 {681--690},
  year = 	 {2023},
  editor = 	 {Evans, Robin J. and Shpitser, Ilya},
  volume = 	 {216},
  series = 	 {Proceedings of Machine Learning Research},
  publisher =    {PMLR}
}

@misc{Eirgrid2022Renewables, 
title={Renewable energy}, 
url={https://www.eirgridgroup.com/how-the-grid-works/renewables/}, 
journal={EirGrid Group}, 
author={EirGrid},
year={2022}} 
%All above included

@article{baggu2018coordinated,
  title={Coordinated optimization of multiservice dispatch for energy storage systems with degradation model for utility applications},
  author={Baggu, Murali Mohan and Nagarajan, Adarsh and Cutler, Dylan and Olis, Dan and Bialek, Thomas Owen and Symko-Davies, Martha},
  journal={IEEE Transactions on Sustainable Energy},
  volume={10},
  number={2},
  pages={886--894},
  year={2018},
  publisher={IEEE}
}
@article{khani2018joint,
  title={Joint arbitrage and operating reserve scheduling of energy storage through optimal adaptive allocation of the state of charge},
  author={Khani, Hadi and Farag, Hany EZ},
  journal={IEEE Transactions on Sustainable Energy},
  volume={10},
  number={4},
  pages={1705--1717},
  year={2018},
  publisher={IEEE}
}
@article{koenker1978regression,
  title={Regression quantiles},
  author={Koenker, Roger and Bassett Jr, Gilbert},
  journal={Econometrica: journal of the Econometric Society},
  year={1978},
  publisher={JSTOR}
}
@article{heistrene2023explainability,
  title={Explainability-based Trust Algorithm for electricity price forecasting models},
  author={Heistrene, Leena and Machlev, Ram and Perl, Michael and Belikov, Juri and Baimel, Dmitry and Levy, Kfir and Mannor, Shie and Levron, Yoash},
  journal={Energy and AI},
  volume={14},
  pages={100259},
  year={2023},
  publisher={Elsevier}
}
@article{khosravi2013quantifying,
  title={Quantifying uncertainties of neural network-based electricity price forecasts},
  author={Khosravi, Abbas and Nahavandi, Saeid and Creighton, Doug},
  journal={Applied energy},
  volume={112},
  pages={120--129},
  year={2013},
  publisher={Elsevier}
}
@article{ilea2018european,
  title={European day-ahead electricity market coupling: Discussion, modeling, and case study},
  author={Ilea, Valentin and Bovo, Cristian and others},
  journal={Electric Power Systems Research},
  volume={155},
  pages={80--92},
  year={2018},
  publisher={Elsevier}
}
@article{gur2018review,
  title={Review of electrical energy storage technologies, materials and systems: challenges and prospects for large-scale grid storage},
  author={G{\"u}r, Turgut M},
  journal={Energy \& Environmental Science},
  volume={11},
  number={10},
  pages={2696--2767},
  year={2018},
  publisher={Royal Society of Chemistry}
}
@article{eyer2010energy,
  title={Energy storage for the electricity grid: Benefits and market potential assessment guide},
  author={Eyer, Jim and Corey, Garth},
  journal={Sandia National Laboratories},
  volume={20},
  number={10},
  pages={5},
  year={2010}
}
@article{xu2024novel,
  title={A novel probabilistic forecasting system based on quantile combination in electricity price},
  author={Xu, Yan and Li, Jing and Wang, Honglu and Du, Pei},
  journal={Computers \& Industrial Engineering},
  volume={187},
  pages={109834},
  year={2024},
  publisher={Elsevier}
}
@article{zhang2023probabilistic,
  title={Probabilistic electricity price forecast with optimal prediction interval},
  author={Zhang, Chenxu and Fu, Yong},
  journal={IEEE Transactions on Power Systems},
  volume={39},
  number={1},
  pages={442--452},
  year={2023},
  publisher={IEEE}
}
@article{liu2023day,
  title={Day-Ahead Electricity Price Probabilistic Forecasting Based on SHAP Feature Selection and LSTNet Quantile Regression},
  author={Liu, Huixin and Shen, Xiaodong and Tang, Xisheng and Liu, Junyong},
  journal={Energies},
  volume={16},
  number={13},
  pages={5152},
  year={2023},
  publisher={MDPI}
}
@article{uniejewski2019importance,
  title={On the importance of the long-term seasonal component in day-ahead electricity price forecasting: Part II—Probabilistic forecasting},
  author={Uniejewski, Bartosz and Marcjasz, Grzegorz and Weron, Rafa{\l}},
  journal={Energy Economics},
  volume={79},
  pages={171--182},
  year={2019},
  publisher={Elsevier}
}
@book{sullivan2015introduction,
  title={Introduction to uncertainty quantification},
  author={Sullivan, Timothy John},
  volume={63},
  year={2015},
  publisher={Springer}
}
@article{serinaldi2011distributional,
  title={Distributional modeling and short-term forecasting of electricity prices by generalized additive models for location, scale and shape},
  author={Serinaldi, Francesco},
  journal={Energy Economics},
  volume={33},
  number={6},
  pages={1216--1226},
  year={2011},
  publisher={Elsevier}
}
@article{monteiro2018new,
  title={New probabilistic price forecasting models: Application to the Iberian electricity market},
  author={Monteiro, Claudio and Ramirez-Rosado, Ignacio J and Fernandez-Jimenez, L Alfredo and Ribeiro, Miguel},
  journal={International Journal of Electrical Power \& Energy Systems},
  volume={103},
  pages={483--496},
  year={2018},
  publisher={Elsevier}
}
@article{klein2023deep,
  title={Deep distributional time series models and the probabilistic forecasting of intraday electricity prices},
  author={Klein, Nadja and Smith, Michael Stanley and Nott, David J},
  journal={Journal of Applied Econometrics},
  volume={38},
  number={4},
  pages={493--511},
  year={2023},
  publisher={Wiley Online Library}
}
@article{vahidinasab2010bayesian,
  title={Bayesian neural network model to predict day-ahead electricity prices},
  author={Vahidinasab, Vahid and Jadid, Shahram},
  journal={European Transactions on Electrical Power},
  volume={20},
  number={2},
  pages={231--246},
  year={2010},
  publisher={Wiley Online Library}
}
@article{hullermeier2021aleatoric,
  title={Aleatoric and epistemic uncertainty in machine learning: An introduction to concepts and methods},
  author={H{\"u}llermeier, Eyke and Waegeman, Willem},
  journal={Machine Learning},
  volume={110},
  pages={457--506},
  year={2021},
  publisher={Springer}
}
@article{der2009aleatory,
  title={Aleatory or epistemic? Does it matter?},
  author={Der Kiureghian, Armen and Ditlevsen, Ove},
  journal={Structural safety},
  volume={31},
  number={2},
  pages={105--112},
  year={2009},
  publisher={Elsevier}
}
@book{hacking2006emergence,
  title={The emergence of probability: A philosophical study of early ideas about probability, induction and statistical inference},
  author={Hacking, Ian},
  year={2006},
  publisher={Cambridge University Press}
}

@article{kendall2017uncertainties,
  title={What uncertainties do we need in bayesian deep learning for computer vision?},
  author={Kendall, Alex and Gal, Yarin},
  journal={Advances in neural information processing systems},
  volume={30},
  year={2017}
}

@article{hora1996aleatory,
  title={Aleatory and epistemic uncertainty in probability elicitation with an example from hazardous waste management},
  author={Hora, Stephen C},
  journal={Reliability Engineering \& System Safety},
  volume={54},
  number={2-3},
  pages={217--223},
  year={1996},
  publisher={Elsevier}
}
@article{yildirim2022supply,
  title={Supply curves in electricity markets: a framework for dynamic modeling and monte carlo forecasting},
  author={Y{\i}ld{\i}r{\i}m, Sinan and Khalafi, Mohammad and G{\"u}zel, Tayyar and Sat{\i}k, Halil and Y{\i}lmaz, Murat},
  journal={IEEE Transactions on Power Systems},
  volume={38},
  number={4},
  pages={3056--3069},
  year={2022},
  publisher={IEEE}
}
@inproceedings{yuanchen2023electricity,
  title={Electricity Price Forecasting Based on Bayesian Network and Monte Carlo Simulation},
  author={Yuanchen, Wang and Yizhi, Huang and Tong, Guo and Lei, Dai and Ying, Wang and Wenbin, Xie},
  booktitle={2023 IEEE 6th International Conference on Automation, Electronics and Electrical Engineering (AUTEEE)},
  pages={542--546},
  year={2023},
  organization={IEEE}
}
@article{janczura2024expectile,
  title={Expectile regression averaging method for probabilistic forecasting of electricity prices},
  author={Janczura, Joanna},
  journal={arXiv preprint arXiv:2402.07559},
  year={2024}
}
@article{maciejowska2024multiple,
  title={Multiple split approach--multidimensional probabilistic forecasting of electricity markets},
  author={Maciejowska, Katarzyna and Nitka, Weronika},
  journal={arXiv preprint arXiv:2407.07795},
  year={2024}
}
@article{bhatnagar2025using,
  title={Using Crafted Features and Polar Bear Optimization Algorithm for Short-Term Electric Load Forecast System},
  author={Bhatnagar, Mansi and Rozinaj, Gregor and Vargic, Radoslav},
  journal={Energy and AI},
  pages={100470},
  year={2025},
  publisher={Elsevier}
}
@article{liu2025probabilistic,
  title={Probabilistic forecasting of multiple plant day-ahead renewable power generation sequences with data privacy preserving},
  author={Liu, Hong and Zhang, Zijun},
  journal={Energy and AI},
  volume={19},
  pages={100463},
  year={2025},
  publisher={Elsevier}
}
@article{miraki2025probabilistic,
  title={Probabilistic forecasting of renewable energy and electricity demand using Graph-based Denoising Diffusion Probabilistic Model},
  author={Miraki, Amir and Parviainen, Pekka and Arghandeh, Reza},
  journal={Energy and AI},
  volume={19},
  pages={100459},
  year={2025},
  publisher={Elsevier}
}
@article{elrobrini2024federated,
  title={Federated learning and non-federated learning based power forecasting of photovoltaic/wind power energy systems: A systematic review},
  author={ElRobrini, Ferial and Bukhari, Syed Muhammad Salman and Zafar, Muhammad Hamza and Al-Tawalbeh, Nedaa and Akhtar, Naureen and Sanfilippo, Filippo},
  journal={Energy and AI},
  pages={100438},
  year={2024},
  publisher={Elsevier}
}
@article{piantadosi2024photovoltaic,
  title={Photovoltaic power forecasting: A Transformer based framework},
  author={Piantadosi, Gabriele and Dutto, Sofia and Galli, Antonio and De Vito, Saverio and Sansone, Carlo and Di Francia, Girolamo},
  journal={Energy and AI},
  volume={18},
  pages={100444},
  year={2024},
  publisher={Elsevier}
}
@article{samarajeewa2024artificial,
  title={An artificial intelligence framework for explainable drift detection in energy forecasting},
  author={Samarajeewa, Chamod and De Silva, Daswin and Manic, Milos and Mills, Nishan and Moraliyage, Harsha and Alahakoon, Damminda and Jennings, Andrew},
  journal={Energy and AI},
  volume={17},
  pages={100403},
  year={2024},
  publisher={Elsevier}
}
@article{bahloul2024optimal,
  title={Optimal dispatch of battery energy storage for multi-service provision in a collocated PV power plant considering battery ageing},
  author={Bahloul, Mohamed and Daoud, Mohamed and Khadem, Shafi K},
  journal={Energy},
  volume={293},
  pages={130744},
  year={2024},
  publisher={Elsevier}
}
@article{cardo2024data,
  title={Data-driven approach for day-ahead System Non-Synchronous Penetration forecasting: A comprehensive framework, model development and analysis},
  author={Cardo-Miota, Javier and Trivedi, Rohit and Patra, Sandipan and Khadem, Shafi and Bahloul, Mohamed},
  journal={Applied Energy},
  volume={362},
  pages={123006},
  year={2024},
  publisher={Elsevier}
}
@article{sorourifar2018integrated,
  title={Integrated multiscale design, market participation, and replacement strategies for battery energy storage systems},
  author={Sorourifar, Farshud and Zavala, Victor M and Dowling, Alexander W},
  journal={IEEE Transactions on Sustainable Energy},
  volume={11},
  number={1},
  pages={84--92},
  year={2018},
  publisher={IEEE}
}
@inproceedings{paesschesoone2024improving,
  title={Improving Energy Flexibility in Photovoltaic-Battery Systems through Switching Reinforcement Learning Control},
  author={Paesschesoone, Siebe and Kayedpour, Nezmin and Manna, Carlo and Crevecoeur, Guillaume},
  booktitle={2024 IEEE Conference on Technologies for Sustainability (SusTech)},
  pages={57--62},
  year={2024},
  organization={IEEE}
}










