@article{citron2014,
  title={The scored society: Due process for automated predictions},
  author={Citron, Danielle Keats and Pasquale, Frank},
  journal={Wash. L. Rev.},
  volume={89},
  pages={1},
  year={2014},
  publisher={HeinOnline}
}

@inproceedings{milli2019,
  title={The social cost of strategic classification},
  author={Milli, Smitha and Miller, John and Dragan, Anca D and Hardt, Moritz},
  booktitle={Proceedings of the Conference on Fairness, Accountability, and Transparency},
  pages={230--239},
  year={2019}
}

@inproceedings{ghalme2021,
  title={Strategic classification in the dark},
  author={Ghalme, Ganesh and Nair, Vineet and Eilat, Itay and Talgam-Cohen, Inbal and Rosenfeld, Nir},
  booktitle={International Conference on Machine Learning},
  pages={3672--3681},
  year={2021},
  organization={PMLR}
}

@inproceedings{ng2001convergence,
  title = {Convergence Rates of the {{Voting Gibbs}} Classifier, with Application to {{Bayesian}} Feature Selection},
  booktitle = {Proceedings of the {{Eighteenth International Conference}} on {{Machine Learning}}},
  author = {Ng, Andrew Y. and Jordan, Michael I.},
  year = {2001},
}

@article{bartlett2002rademacher,
  title = {Rademacher and {{Gaussian Complexities}}: {{Risk Bounds}} and {{Structural Results}}},
  shorttitle = {Rademacher and {{Gaussian Complexities}}},
  author = {Bartlett, Peter L. and Mendelson, Shahar},
  year = {2002},
  journal = {Journal of Machine Learning Research},
  volume = {3},
  number = {Nov},
  pages = {463--482}
}


@article{gehrlein1983,
  title={Condorcet's paradox},
  author={Gehrlein, William V},
  journal={Theory and decision},
  volume={15},
  number={2},
  pages={161--197},
  year={1983},
  publisher={Springer}
}

@inproceedings{hardt2016,
  title={Strategic classification},
  author={Hardt, Moritz and Megiddo, Nimrod and Papadimitriou, Christos and Wootters, Mary},
  booktitle={Proceedings of the 2016 ACM conference on innovations in theoretical computer science},
  pages={111--122},
  year={2016}
}

@inproceedings{lechner2022,
  title={Learning losses for strategic classification},
  author={Lechner, Tosca and Urner, Ruth},
  booktitle={Proceedings of the AAAI Conference on Artificial Intelligence},
  volume={36},
  pages={7337--7344},
  year={2022}
}

@inproceedings{dalvi2004,
  title={Adversarial classification},
  author={Dalvi, Nilesh and Domingos, Pedro and Mausam and Sanghai, Sumit and Verma, Deepak},
  booktitle={Proceedings of the tenth ACM SIGKDD international conference on Knowledge discovery and data mining},
  pages={99--108},
  year={2004}
}

@inproceedings{bruckner2011,
  title={Stackelberg games for adversarial prediction problems},
  author={Br{\"u}ckner, Michael and Scheffer, Tobias},
  booktitle={Proceedings of the 17th ACM SIGKDD international conference on Knowledge discovery and data mining},
  pages={547--555},
  year={2011}
}

@inproceedings{zhang2021,
  title={Incentive-aware PAC learning},
  author={Zhang, Hanrui and Conitzer, Vincent},
  booktitle={Proceedings of the AAAI Conference on Artificial Intelligence},
  volume={35},
  pages={5797--5804},
  year={2021}
}

@article{sundaram2023,
  title={Pac-learning for strategic classification},
  author={Sundaram, Ravi and Vullikanti, Anil and Xu, Haifeng and Yao, Fan},
  journal={Journal of Machine Learning Research},
  volume={24},
  number={192},
  pages={1--38},
  year={2023}
}

@article{braverman2020,
  title={The role of randomness and noise in strategic classification},
  author={Braverman, Mark and Garg, Sumegha},
  journal={arXiv preprint arXiv:2005.08377},
  year={2020}
}

@inproceedings{miller2020,
  title={Strategic classification is causal modeling in disguise},
  author={Miller, John and Milli, Smitha and Hardt, Moritz},
  booktitle={International Conference on Machine Learning},
  pages={6917--6926},
  year={2020},
  organization={PMLR}
}

@article{eilat2022,
  title={Strategic classification with graph neural networks},
  author={Eilat, Itay and Finkelshtein, Ben and Baskin, Chaim and Rosenfeld, Nir},
  journal={arXiv preprint arXiv:2205.15765},
  year={2022}
}

@article{cullina2018,
  title={Pac-learning in the presence of adversaries},
  author={Cullina, Daniel and Bhagoji, Arjun Nitin and Mittal, Prateek},
  journal={Advances in Neural Information Processing Systems},
  volume={31},
  year={2018}
}

@article{valiant1984,
  title={A theory of the learnable},
  author={Valiant, Leslie G},
  journal={Communications of the ACM},
  volume={27},
  number={11},
  pages={1134--1142},
  year={1984},
  publisher={ACM New York, NY, USA}
}

@article{alquier2024,
  title={User-friendly introduction to PAC-Bayes bounds},
  author={Alquier, Pierre and others},
  journal={Foundations and Trends{\textregistered} in Machine Learning},
  volume={17},
  number={2},
  pages={174--303},
  year={2024},
  publisher={Now Publishers, Inc.}
}

@article{cohen2024,
  title={Bayesian Strategic Classification},
  author={Cohen, Lee and Sharifi-Malvajerdi, Saeed and Stangl, Kevin and Vakilian, Ali and Ziani, Juba},
  journal={arXiv preprint arXiv:2402.08758},
  year={2024}
}

@inproceedings{lechner2023,
  title={Strategic classification with unknown user manipulations},
  author={Lechner, Tosca and Urner, Ruth and Ben-David, Shai},
  booktitle={International Conference on Machine Learning},
  pages={18714--18732},
  year={2023},
  organization={PMLR}
}

@article{guedj2019,
  title={A primer on PAC-Bayesian learning},
  author={Guedj, Benjamin},
  journal={arXiv preprint arXiv:1901.05353},
  year={2019}
}

@article{stackelberg1934,
  title={Marktform und gleichgewicht},
  author={Stackelberg, Heinrich von},
  journal={(No Title)},
  year={1934}
}

@article{conitzer2016,
  title={On Stackelberg mixed strategies},
  author={Conitzer, Vincent},
  journal={Synthese},
  volume={193},
  number={3},
  pages={689--703},
  year={2016},
  publisher={Springer}
}

@article{stengel2010,
  title={Leadership games with convex strategy sets},
  author={Von Stengel, Bernhard and Zamir, Shmuel},
  journal={Games and Economic Behavior},
  volume={69},
  number={2},
  pages={446--457},
  year={2010},
  publisher={Elsevier}
}

@article{letchford2014,
  title={On the value of commitment},
  author={Letchford, Joshua and Korzhyk, Dmytro and Conitzer, Vincent},
  journal={Autonomous Agents and Multi-Agent Systems},
  volume={28},
  pages={986--1016},
  year={2014},
  publisher={Springer}
}

@article{osborne2004,
  title={An Introduction to Game Theory},
  author={Osborne, Martin J},
  journal={Oxford University Press google schola},
  volume={2},
  pages={672--713},
  year={2004}
}

@article{imai2006,
  title={POL 571: Expectation and functions of random variables},
  author={Imai, Kosuke},
  journal={Princeton University},
  year={2006}
}

@article{rodriguez2024,
  title={More PAC-Bayes bounds: From bounded losses, to losses with general tail behaviors, to anytime validity},
  author={Rodr{\'\i}guez-G{\'a}lvez, Borja and Thobaben, Ragnar and Skoglund, Mikael},
  journal={Journal of Machine Learning Research},
  volume={25},
  number={110},
  pages={1--43},
  year={2024}
}

@inproceedings{mcallester1999,
  title={PAC-Bayesian model averaging},
  author={McAllester, David A},
  booktitle={Proceedings of the twelfth annual conference on Computational learning theory},
  pages={164--170},
  year={1999}
}

@article{bracale2024,
  title={Microfoundation Inference for Strategic Prediction},
  author={Bracale, Daniele and Maity, Subha and Polo, Felipe Maia and Somerstep, Seamus and Banerjee, Moulinath and Sun, Yuekai},
  journal={arXiv preprint arXiv:2411.08998},
  year={2024}
}

@article{khajehnejad2019,
  title={Optimal decision making under strategic behavior},
  author={Khajehnejad, Moein and Tabibian, Behzad and Sch{\"o}lkopf, Bernhard and Singla, Adish and Gomez-Rodriguez, Manuel},
  journal={arXiv preprint arXiv:1905.09239},
  year={2019}
}

@inproceedings{heredia2023,
  title={On the role of randomization in adversarially robust classification},
  author={Heredia, Lucas Gnecco and Chevaleyre, Yann and Negrevergne, Benjamin and Meunier, Laurent and Pydi, Muni Sreenivas},
  booktitle={Thirty-seventh Conference on Neural Information Processing Systems},
  year={2023}
}

@inproceedings{pinot2020,
  title={Randomization matters how to defend against strong adversarial attacks},
  author={Pinot, Rafael and Ettedgui, Raphael and Rizk, Geovani and Chevaleyre, Yann and Atif, Jamal},
  booktitle={International Conference on Machine Learning},
  pages={7717--7727},
  year={2020},
  organization={PMLR}
}

@inproceedings{levanon2021,
  title={Strategic classification made practical},
  author={Levanon, Sagi and Rosenfeld, Nir},
  booktitle={International Conference on Machine Learning},
  pages={6243--6253},
  year={2021},
  organization={PMLR}
}

@inproceedings{levanon2022,
  title={Generalized strategic classification and the case of aligned incentives},
  author={Levanon, Sagi and Rosenfeld, Nir},
  booktitle={International Conference on Machine Learning},
  pages={12593--12618},
  year={2022},
  organization={PMLR}
}

@book{maschler2020,
  title={Game theory},
  author={Maschler, Michael and Zamir, Shmuel and Solan, Eilon},
  year={2020},
  publisher={Cambridge University Press}
}

@book{berger2013,
  title={Statistical decision theory and Bayesian analysis},
  author={Berger, James O},
  year={2013},
  publisher={Springer Science \& Business Media}
}

@misc{exp_and_sup_proof,
    title={Interchange expectation and sup},
    author={Michael},
    year={2024},
    howpublished={Mathematics Stack Exchange},
    note={URL:https://math.stackexchange.com/q/4952691 (version: 2024-07-31)},
    eprint={https://math.stackexchange.com/q/4952691},
    url={https://math.stackexchange.com/q/4952691}
}

@book{shalev-shwartz2014, 
    author={Shalev-Shwartz, Shai and Ben-David, Shai}, 
    title={Understanding Machine Learning: From Theory to Algorithms}, year={2014},
    isbn={1107057132},
    publisher = {Cambridge University Press},
    address = {USA}
}

@inproceedings{hu2019,
  title={The disparate effects of strategic manipulation},
  author={Hu, Lily and Immorlica, Nicole and Vaughan, Jennifer Wortman},
  booktitle={Proceedings of the Conference on Fairness, Accountability, and Transparency},
  pages={259--268},
  year={2019}
}

@article{rosenfeld2023,
  title={One-shot strategic classification under unknown costs},
  author={Rosenfeld, Elan and Rosenfeld, Nir},
  journal={arXiv preprint arXiv:2311.02761},
  year={2023}
}

@misc{mohri2018foundations,
  title={Foundations of machine learning},
  author={Mohri, Mehryar},
  year={2018},
  publisher={MIT press}
}