@article{braverman2020,
  title={The role of randomness and noise in strategic classification},
  author={Braverman, Mark and Garg, Sumegha},
  journal={arXiv preprint arXiv:2005.08377},
  year={2020}
}

@inproceedings{bruckner2011,
  title={Stackelberg games for adversarial prediction problems},
  author={Br{\"u}ckner, Michael and Scheffer, Tobias},
  booktitle={Proceedings of the 17th ACM SIGKDD international conference on Knowledge discovery and data mining},
  pages={547--555},
  year={2011}
}

@article{cohen2024,
  title={Bayesian Strategic Classification},
  author={Cohen, Lee and Sharifi-Malvajerdi, Saeed and Stangl, Kevin and Vakilian, Ali and Ziani, Juba},
  journal={arXiv preprint arXiv:2402.08758},
  year={2024}
}

@article{cullina2018,
  title={Pac-learning in the presence of adversaries},
  author={Cullina, Daniel and Bhagoji, Arjun Nitin and Mittal, Prateek},
  journal={Advances in Neural Information Processing Systems},
  volume={31},
  year={2018}
}

@inproceedings{dalvi2004,
  title={Adversarial classification},
  author={Dalvi, Nilesh and Domingos, Pedro and Mausam and Sanghai, Sumit and Verma, Deepak},
  booktitle={Proceedings of the tenth ACM SIGKDD international conference on Knowledge discovery and data mining},
  pages={99--108},
  year={2004}
}

@article{eilat2022,
  title={Strategic classification with graph neural networks},
  author={Eilat, Itay and Finkelshtein, Ben and Baskin, Chaim and Rosenfeld, Nir},
  journal={arXiv preprint arXiv:2205.15765},
  year={2022}
}

@inproceedings{ghalme2021,
  title={Strategic classification in the dark},
  author={Ghalme, Ganesh and Nair, Vineet and Eilat, Itay and Talgam-Cohen, Inbal and Rosenfeld, Nir},
  booktitle={International Conference on Machine Learning},
  pages={3672--3681},
  year={2021},
  organization={PMLR}
}

@inproceedings{hardt2016,
  title={Strategic classification},
  author={Hardt, Moritz and Megiddo, Nimrod and Papadimitriou, Christos and Wootters, Mary},
  booktitle={Proceedings of the 2016 ACM conference on innovations in theoretical computer science},
  pages={111--122},
  year={2016}
}

@inproceedings{lechner2022,
  title={Learning losses for strategic classification},
  author={Lechner, Tosca and Urner, Ruth},
  booktitle={Proceedings of the AAAI Conference on Artificial Intelligence},
  volume={36},
  pages={7337--7344},
  year={2022}
}

@inproceedings{lechner2023,
  title={Strategic classification with unknown user manipulations},
  author={Lechner, Tosca and Urner, Ruth and Ben-David, Shai},
  booktitle={International Conference on Machine Learning},
  pages={18714--18732},
  year={2023},
  organization={PMLR}
}

@inproceedings{miller2020,
  title={Strategic classification is causal modeling in disguise},
  author={Miller, John and Milli, Smitha and Hardt, Moritz},
  booktitle={International Conference on Machine Learning},
  pages={6917--6926},
  year={2020},
  organization={PMLR}
}

@article{sundaram2023,
  title={Pac-learning for strategic classification},
  author={Sundaram, Ravi and Vullikanti, Anil and Xu, Haifeng and Yao, Fan},
  journal={Journal of Machine Learning Research},
  volume={24},
  number={192},
  pages={1--38},
  year={2023}
}

@article{valiant1984,
  title={A theory of the learnable},
  author={Valiant, Leslie G},
  journal={Communications of the ACM},
  volume={27},
  number={11},
  pages={1134--1142},
  year={1984},
  publisher={ACM New York, NY, USA}
}

@inproceedings{zhang2021,
  title={Incentive-aware PAC learning},
  author={Zhang, Hanrui and Conitzer, Vincent},
  booktitle={Proceedings of the AAAI Conference on Artificial Intelligence},
  volume={35},
  pages={5797--5804},
  year={2021}
}

