@article{casado2023depression,
	title={Depression recognition using remote photoplethysmography from facial videos},
	author={Casado, Constantino {\'A}lvarez and Ca{\~n}ellas, Manuel Lage and L{\'o}pez, Miguel Bordallo},
	journal={IEEE Transactions on Affective Computing},
	volume={14},
	number={4},
	pages={3305--3316},
	year={2023},
	publisher={IEEE}
}

@article{chen2023memristive,
	title={Memristive Circuit Design for Personalized Emotion Generation With Memory and Retrieval Functions},
	author={Chen, Zhanfei and Wang, Xiaoping and Yang, Chao and Wang, Zilu and Zeng, Zhigang},
	journal={IEEE Transactions on Cognitive and Developmental Systems},
	year={2023},
	publisher={IEEE}
}

@article{erol2019toward,
	title={Toward artificial emotional intelligence for cooperative social human--machine interaction},
	author={Erol, Berat A and Majumdar, Abhijit and Benavidez, Patrick and Rad, Paul and Choo, Kim-Kwang Raymond and Jamshidi, Mo},
	journal={IEEE Transactions on Computational Social Systems},
	volume={7},
	number={1},
	pages={234--246},
	year={2019},
	publisher={IEEE}
}

@inproceedings{lotfi2012supervised,
	title={Supervised brain emotional learning},
	author={Lotfi, Ehsan and Akbarzadeh-T, M-R},
	booktitle={The 2012 International Joint Conference on Neural Networks (IJCNN)},
	pages={1--6},
	year={2012},
	organization={IEEE}
}

@article{moren2001emotional,
	title={Emotional learning: A computational model of the amygdala},
	author={Mor{\'E}n, Christian Balkenius, Jan},
	journal={Cybernetics \& Systems},
	volume={32},
	number={6},
	pages={611--636},
	year={2001},
	publisher={Taylor \& Francis}
}

@article{moren2004emotion,
	title={Emotion and learning: A computational model of the amygdala.},
	author={Moren, JJ},
	year={2004}
}

@article{sun2023memristor,
	title={Memristor-based circuit design of PAD emotional space and its application in mood congruity},
	author={Sun, Junwei and Wang, Yangyang and Liu, Peng and Wen, Shiping and Wang, Yanfeng},
	journal={IEEE Internet of Things Journal},
	volume={10},
	number={18},
	pages={16332--16342},
	year={2023},
	publisher={IEEE}
}

@article{wang2020learning,
	title={Learning how to smile: Expression video generation with conditional adversarial recurrent nets},
	author={Wang, Wei and Alameda-Pineda, Xavier and Xu, Dan and Ricci, Elisa and Sebe, Nicu},
	journal={IEEE Transactions on Multimedia},
	volume={22},
	number={11},
	pages={2808--2819},
	year={2020},
	publisher={IEEE}
}

@article{wang2021memristive,
	title={Memristive circuit design of brain-like emotional learning and generation},
	author={Wang, Zilu and Wang, Xiaoping and Zeng, Zhigang},
	journal={IEEE Transactions on Cybernetics},
	volume={53},
	number={1},
	pages={222--235},
	year={2021},
	publisher={IEEE}
}

@article{zhang2024memristive,
	title={Memristive PAD three-dimensional emotion generation system based on D--S evidence theory},
	author={Zhang, Mengxian and Wang, Chunhua and Sun, Yichuang and Li, Tao},
	journal={Nonlinear Dynamics},
	pages={1--21},
	year={2024},
	publisher={Springer}
}

@inproceedings{zhou2018emotional,
	title={Emotional chatting machine: Emotional conversation generation with internal and external memory},
	author={Zhou, Hao and Huang, Minlie and Zhang, Tianyang and Zhu, Xiaoyan and Liu, Bing},
	booktitle={Proceedings of the AAAI Conference on Artificial Intelligence},
	volume={32},
	number={1},
	year={2018}
}

