@article{panksepp1998foundations,
	title={The Foundations of Human and Animal E motions},
	author={Panksepp, Jaak},
	year={1998},
	publisher={Cambridge University Press}
}

@article{james1948emotion,
	title={What is emotion? 1884.},
	author={James, William},
	year={1948},
	publisher={Appleton-Century-Crofts}
}
@article{papez1937proposed,
	title={A proposed mechanism of emotion},
	author={Papez, James W},
	journal={Archives of Neurology \& Psychiatry},
	volume={38},
	number={4},
	pages={725--743},
	year={1937},
	publisher={American Medical Association}
}
@article{maclean1952some,
	title={Some psychiatric implications of physiological studies on frontotemporal portion of limbic system (visceral brain)},
	author={MacLean, Paul D},
	journal={Electroencephalography and clinical neurophysiology},
	volume={4},
	number={4},
	pages={407--418},
	year={1952},
	publisher={Elsevier}
}
@article{sievers2021visual,
	title={Visual and auditory brain areas share a representational structure that supports emotion perception},
	author={Sievers, Beau and Parkinson, Carolyn and Kohler, Peter J and Hughes, James M and Fogelson, Sergey V and Wheatley, Thalia},
	journal={Current Biology},
	volume={31},
	number={23},
	pages={5192--5203},
	year={2021},
	publisher={Elsevier}
}
@article{sievers2021visual,
	title={Visual and auditory brain areas share a representational structure that supports emotion perception},
	author={Sievers, Beau and Parkinson, Carolyn and Kohler, Peter J and Hughes, James M and Fogelson, Sergey V and Wheatley, Thalia},
	journal={Current Biology},
	volume={31},
	number={23},
	pages={5192--5203},
	year={2021},
	publisher={Elsevier}
}
@article{moren2001emotional,
	title={Emotional learning: A computational model of the amygdala},
	author={Mor{\'E}n, Christian Balkenius, Jan},
	journal={Cybernetics \& Systems},
	volume={32},
	number={6},
	pages={611--636},
	year={2001},
	publisher={Taylor \& Francis}
}
@article{moren2004emotion,
	title={Emotion and learning: A computational model of the amygdala.},
	author={Moren, JJ},
	year={2004}
}
@article{babaie2008learning,
	title={Learning based brain emotional intelligence as a new aspect for development of an alarm system},
	author={Babaie, T and Karimizandi, R and Lucas, Caro},
	journal={Soft Computing},
	volume={12},
	pages={857--873},
	year={2008},
	publisher={Springer}
}
@article{ghanbari2012brain,
	title={Brain emotional learning based brain computer interface},
	author={Ghanbari, Abdolreza Asadi and Heidari, Ehsan and Setayeshi, Saeed and Doroud, Iran},
	journal={IJCSI International Journal of Computer Science Issues},
	volume={9},
	number={5},
	pages={146--154},
	year={2012}
}
@article{farooq2020online,
	title={Online identification of nonlinear systems using neo-fuzzy supported brain emotional learning network},
	author={Farooq, Umar and Gu, Jason and Asad, Muhammad Usman and Abbas, Ghulam and Hanif, Athar and Balas, Marius},
	journal={Journal of Intelligent \& Fuzzy Systems},
	volume={38},
	number={5},
	pages={6045--6051},
	year={2020},
	publisher={IOS Press}
}
@inproceedings{lotfi2012supervised,
	title={Supervised brain emotional learning},
	author={Lotfi, Ehsan and Akbarzadeh-T, M-R},
	booktitle={The 2012 International Joint Conference on Neural Networks (IJCNN)},
	pages={1--6},
	year={2012},
	organization={IEEE}
}
@article{wang2021memristive,
	title={Memristive circuit design of brain-like emotional learning and generation},
	author={Wang, Zilu and Wang, Xiaoping and Zeng, Zhigang},
	journal={IEEE Transactions on Cybernetics},
	volume={53},
	number={1},
	pages={222--235},
	year={2021},
	publisher={IEEE}
}
@inproceedings{zhou2018emotional,
	title={Emotional chatting machine: Emotional conversation generation with internal and external memory},
	author={Zhou, Hao and Huang, Minlie and Zhang, Tianyang and Zhu, Xiaoyan and Liu, Bing},
	booktitle={Proceedings of the AAAI Conference on Artificial Intelligence},
	volume={32},
	number={1},
	year={2018}
}
@inproceedings{huang2020emotion,
	title={Emotion-based AI music generation system with CVAE-GAN},
	author={Huang, Chih-Fang and Huang, Cheng-Yuan},
	booktitle={2020 IEEE Eurasia Conference on IOT, Communication and Engineering (ECICE)},
	pages={220--222},
	year={2020},
	organization={IEEE}
}
@article{wang2020learning,
	title={Learning how to smile: Expression video generation with conditional adversarial recurrent nets},
	author={Wang, Wei and Alameda-Pineda, Xavier and Xu, Dan and Ricci, Elisa and Sebe, Nicu},
	journal={IEEE Transactions on Multimedia},
	volume={22},
	number={11},
	pages={2808--2819},
	year={2020},
	publisher={IEEE}
}
@article{park2020circuit,
	title={A circuit model of auditory cortex},
	author={Park, Youngmin and Geffen, Maria N},
	journal={PLoS Computational Biology},
	volume={16},
	number={7},
	pages={e1008016},
	year={2020},
	publisher={Public Library of Science San Francisco, CA USA}
}
@article{kubilius2019brain,
	title={Brain-like object recognition with high-performing shallow recurrent ANNs},
	author={Kubilius, Jonas and Schrimpf, Martin and Kar, Kohitij and Rajalingham, Rishi and Hong, Ha and Majaj, Najib and Issa, Elias and Bashivan, Pouya and Prescott-Roy, Jonathan and Schmidt, Kailyn and others},
	journal={Advances in neural information processing systems},
	volume={32},
	year={2019}
}
@article{kubilius2018cornet,
	title={Cornet: Modeling the neural mechanisms of core object recognition},
	author={Kubilius, Jonas and Schrimpf, Martin and Nayebi, Aran and Bear, Daniel and Yamins, Daniel LK and DiCarlo, James J},
	journal={BioRxiv},
	pages={408385},
	year={2018},
	publisher={Cold Spring Harbor Laboratory}
}
@article{chen2023memristive,
	title={Memristive Circuit Design for Personalized Emotion Generation With Memory and Retrieval Functions},
	author={Chen, Zhanfei and Wang, Xiaoping and Yang, Chao and Wang, Zilu and Zeng, Zhigang},
	journal={IEEE Transactions on Cognitive and Developmental Systems},
	year={2023},
	publisher={IEEE}
}
@article{zhang2024memristive,
	title={Memristive PAD three-dimensional emotion generation system based on D--S evidence theory},
	author={Zhang, Mengxian and Wang, Chunhua and Sun, Yichuang and Li, Tao},
	journal={Nonlinear Dynamics},
	pages={1--21},
	year={2024},
	publisher={Springer}
}
@article{massey2002brief,
	title={A brief history of human society: The origin and role of emotion in social life},
	author={Massey, Douglas S},
	journal={American sociological review},
	volume={67},
	number={1},
	pages={1--29},
	year={2002},
	publisher={SAGE Publications Sage CA: Los Angeles, CA}
}

@article{cannon1927james,
	title={The James-Lange theory of emotions: A critical examination and an alternative theory},
	author={Cannon, Walter B},
	journal={The American journal of psychology},
	volume={39},
	number={1/4},
	pages={106--124},
	year={1927},
	publisher={JSTOR}
}
@article{papez1937proposed,
	title={A proposed mechanism of emotion},
	author={Papez, James W},
	journal={Archives of Neurology \& Psychiatry},
	volume={38},
	number={4},
	pages={725--743},
	year={1937},
	publisher={American Medical Association}
}
@article{sun2023memristor,
	title={Memristor-based circuit design of PAD emotional space and its application in mood congruity},
	author={Sun, Junwei and Wang, Yangyang and Liu, Peng and Wen, Shiping and Wang, Yanfeng},
	journal={IEEE Internet of Things Journal},
	volume={10},
	number={18},
	pages={16332--16342},
	year={2023},
	publisher={IEEE}
}
@article{grill2004human,
	title={The human visual cortex},
	author={Grill-Spector, Kalanit and Malach, Rafael},
	journal={Annu. Rev. Neurosci.},
	volume={27},
	pages={649--677},
	year={2004},
	publisher={Annual Reviews}
}
@article{siu2018development,
	title={The development of human visual cortex and clinical implications},
	author={Siu, Caitlin R and Murphy, Kathryn M},
	journal={Eye and brain},
	pages={25--36},
	year={2018},
	publisher={Taylor \& Francis}
}
@article{furlan2016global,
	title={Global motion processing in human visual cortical areas V2 and V3},
	author={Furlan, Michele and Smith, Andrew T},
	journal={Journal of Neuroscience},
	volume={36},
	number={27},
	pages={7314--7324},
	year={2016},
	publisher={Soc Neuroscience}
}
@article{huff2018neuroanatomy,
	title={Neuroanatomy, visual cortex},
	author={Huff, Trevor and Mahabadi, Navid and Tadi, Prasanna},
	year={2018}
}
@article{da2011human,
	title={Human primary auditory cortex follows the shape of Heschl's gyrus},
	author={Da Costa, Sandra and van der Zwaag, Wietske and Marques, Jose P and Frackowiak, Richard SJ and Clarke, Stephanie and Saenz, Melissa},
	journal={Journal of Neuroscience},
	volume={31},
	number={40},
	pages={14067--14075},
	year={2011},
	publisher={Soc Neuroscience}
}
@article{pachitariu2015state,
	title={State-dependent population coding in primary auditory cortex},
	author={Pachitariu, Marius and Lyamzin, Dmitry R and Sahani, Maneesh and Lesica, Nicholas A},
	journal={Journal of Neuroscience},
	volume={35},
	number={5},
	pages={2058--2073},
	year={2015},
	publisher={Soc Neuroscience}
}
@article{hein2008superior,
	title={Superior temporal sulcus—it's my area: or is it?},
	author={Hein, Grit and Knight, Robert T},
	journal={Journal of cognitive neuroscience},
	volume={20},
	number={12},
	pages={2125--2136},
	year={2008},
	publisher={MIT Press One Rogers Street, Cambridge, MA 02142-1209, USA journals-info~…}
}
@article{ozker2017double,
	title={A double dissociation between anterior and posterior superior temporal gyrus for processing audiovisual speech demonstrated by electrocorticography},
	author={Ozker, Muge and Schepers, Inga M and Magnotti, John F and Yoshor, Daniel and Beauchamp, Michael S},
	journal={Journal of cognitive neuroscience},
	volume={29},
	number={6},
	pages={1044--1060},
	year={2017},
	publisher={MIT Press One Rogers Street, Cambridge, MA 02142-1209, USA journals-info~…}
}
@article{rolls2015limbic,
	title={Limbic systems for emotion and for memory, but no single limbic system},
	author={Rolls, Edmund T},
	journal={cortex},
	volume={62},
	pages={119--157},
	year={2015},
	publisher={Elsevier}
}
@article{rolls2019cingulate,
	title={The cingulate cortex and limbic systems for action, emotion, and memory},
	author={Rolls, Edmund T},
	journal={Handbook of clinical neurology},
	volume={166},
	pages={23--37},
	year={2019},
	publisher={Elsevier}
}
@article{gao2020fmri,
	title={An fMRI study of affective congruence across visual and auditory modalities},
	author={Gao, Chuanji and Weber, Christine E and Wedell, Douglas H and Shinkareva, Svetlana V},
	journal={Journal of cognitive neuroscience},
	volume={32},
	number={7},
	pages={1251--1262},
	year={2020},
	publisher={MIT Press}
}
@article{birnie2022principles,
	title={Principles of emotional brain circuit maturation},
	author={Birnie, Matthew T and Baram, Tallie Z},
	journal={Science},
	volume={376},
	number={6597},
	pages={1055--1056},
	year={2022},
	publisher={American Association for the Advancement of Science}
}
@article{park2020circuit,
	title={A circuit model of auditory cortex},
	author={Park, Youngmin and Geffen, Maria N},
	journal={PLoS Computational Biology},
	volume={16},
	number={7},
	pages={e1008016},
	year={2020},
	publisher={Public Library of Science San Francisco, CA USA}
}
@article{chang2021development,
	title={Development of auditory cortex circuits},
	author={Chang, Minzi and Kanold, Patrick O},
	journal={Journal of the Association for Research in Otolaryngology},
	volume={22},
	number={3},
	pages={237--259},
	year={2021},
	publisher={Springer}
}
@inproceedings{qian2021multi,
	title={Multi-target DoA estimation with an audio-visual fusion mechanism},
	author={Qian, Xinyuan and Madhavi, Maulik and Pan, Zexu and Wang, Jiadong and Li, Haizhou},
	booktitle={ICASSP 2021-2021 IEEE International Conference on Acoustics, Speech and Signal Processing (ICASSP)},
	pages={4280--4284},
	year={2021},
	organization={IEEE}
}
@article{lotfi2013brain,
	title={Brain emotional learning-based pattern recognizer},
	author={Lotfi, Ehsan and Akbarzadeh-T, M-R},
	journal={Cybernetics and Systems},
	volume={44},
	number={5},
	pages={402--421},
	year={2013},
	publisher={Taylor \& Francis}
}
@article{lotfi2018competitive,
	title={Competitive brain emotional learning},
	author={Lotfi, Ehsan and Khazaei, Omonabi and Khazaei, Fatemeh},
	journal={Neural Processing Letters},
	volume={47},
	number={2},
	pages={745--764},
	year={2018},
	publisher={Springer}
}
@article{moren2004emotion,
	title={Emotion and learning: A computational model of the amygdala.},
	author={Moren, JJ},
	year={2004}
}
@article{sadagopan2023quantitative,
	title={Quantitative models of auditory cortical processing},
	author={Sadagopan, Srivatsun and Kar, Manaswini and Parida, Satyabrata},
	journal={Hearing Research},
	volume={429},
	pages={108697},
	year={2023},
	publisher={Elsevier}
}
@article{pandya1995anatomy,
	title={Anatomy of the auditory cortex.},
	author={Pandya, Deepak N},
	journal={Revue neurologique},
	volume={151},
	number={8-9},
	pages={486--494},
	year={1995}
}
@article{pekkola2005primary,
	title={Primary auditory cortex activation by visual speech: an fMRI study at 3 T},
	author={Pekkola, Johanna and Ojanen, Ville and Autti, Taina and J{\"a}{\"a}skel{\"a}inen, Iiro P and M{\"o}tt{\"o}nen, Riikka and Tarkiainen, Antti and Sams, Mikko},
	journal={Neuroreport},
	volume={16},
	number={2},
	pages={125--128},
	year={2005},
	publisher={LWW}
}
@article{kragel2016decoding,
	title={Decoding spontaneous emotional states in the human brain},
	author={Kragel, Philip A and Knodt, Annchen R and Hariri, Ahmad R and LaBar, Kevin S},
	journal={PLoS biology},
	volume={14},
	number={9},
	pages={e2000106},
	year={2016},
	publisher={Public Library of Science San Francisco, CA USA}
}
@article{chua2022predicting,
	title={Predicting emotion from music videos: exploring the relative contribution of visual and auditory information to affective responses},
	author={Chua, Phoebe and Makris, Dimos and Herremans, Dorien and Roig, Gemma and Agres, Kat},
	journal={arXiv preprint arXiv:2202.10453},
	year={2022}
}
@article{surakka1998modulation,
	title={Modulation of human auditory information processing by emotional visual stimuli},
	author={Surakka, Veikko and Tenhunen-Eskelinen, Mirja and Hietanen, Jari K and Sams, Mikko},
	journal={Cognitive Brain Research},
	volume={7},
	number={2},
	pages={159--163},
	year={1998},
	publisher={Elsevier}
}
@article{wieser2020understanding,
	title={Understanding auditory representations of emotional expressions with neural networks},
	author={Wieser, Iris and Barros, Pablo and Heinrich, Stefan and Wermter, Stefan},
	journal={Neural Computing and Applications},
	volume={32},
	number={4},
	pages={1007--1022},
	year={2020},
	publisher={Springer}
}
@article{gu2019modality,
	title={Modality-general representations of valences perceived from visual and auditory modalities},
	author={Gu, Jin and Cao, Linjing and Liu, Baolin},
	journal={Neuroimage},
	volume={203},
	pages={116199},
	year={2019},
	publisher={Elsevier}
}
@article{koelsch2018auditory,
	title={The auditory cortex hosts network nodes influential for emotion processing: An fMRI study on music-evoked fear and joy},
	author={Koelsch, Stefan and Skouras, Stavros and Lohmann, Gabriele},
	journal={PloS one},
	volume={13},
	number={1},
	pages={e0190057},
	year={2018},
	publisher={Public Library of Science San Francisco, CA USA}
}

@article{campana2006visual,
	title={Visual area V5/MT remembers “what” but not “where”},
	author={Campana, Gianluca and Cowey, Alan and Walsh, Vincent},
	journal={Cerebral Cortex},
	volume={16},
	number={12},
	pages={1766--1770},
	year={2006},
	publisher={Oxford University Press}
}
@article{wang2022systematic,
	title={A systematic review on affective computing: Emotion models, databases, and recent advances},
	author={Wang, Yan and Song, Wei and Tao, Wei and Liotta, Antonio and Yang, Dawei and Li, Xinlei and Gao, Shuyong and Sun, Yixuan and Ge, Weifeng and Zhang, Wei and others},
	journal={Information Fusion},
	volume={83},
	pages={19--52},
	year={2022},
	publisher={Elsevier}
}
@article{gandhi2023multimodal,
	title={Multimodal sentiment analysis: A systematic review of history, datasets, multimodal fusion methods, applications, challenges and future directions},
	author={Gandhi, Ankita and Adhvaryu, Kinjal and Poria, Soujanya and Cambria, Erik and Hussain, Amir},
	journal={Information Fusion},
	volume={91},
	pages={424--444},
	year={2023},
	publisher={Elsevier}
}
@article{he2024novel,
	title={A novel Multi-Criteria Decision Making framework based on Evidential Reasoning dealing with missing information from online reviews},
	author={He, Shi-Fan and Pan, Xiao-Hong and Wang, Ying-Ming and Zamora, Diego Garc{\'\i}a and Mart{\'\i}nez, Luis},
	journal={Information Fusion},
	volume={106},
	pages={102264},
	year={2024},
	publisher={Elsevier}
}
@article{yoon2023multimedia,
	title={Multimedia analysis of robustly optimized multimodal transformer based on vision and language co-learning},
	author={Yoon, JunHo and Choi, GyuHo and Choi, Chang},
	journal={Information Fusion},
	volume={100},
	pages={101922},
	year={2023},
	publisher={Elsevier}
}
@article{zhu2023multimodal,
	title={Multimodal sentiment analysis based on fusion methods: A survey},
	author={Zhu, Linan and Zhu, Zhechao and Zhang, Chenwei and Xu, Yifei and Kong, Xiangjie},
	journal={Information Fusion},
	volume={95},
	pages={306--325},
	year={2023},
	publisher={Elsevier}
}
@article{passos2023multimodal,
	title={Multimodal audio-visual information fusion using canonical-correlated graph neural network for energy-efficient speech enhancement},
	author={Passos, Leandro A and Papa, Jo{\~a}o Paulo and Del Ser, Javier and Hussain, Amir and Adeel, Ahsan},
	journal={Information Fusion},
	volume={90},
	pages={1--11},
	year={2023},
	publisher={Elsevier}
}
@article{casado2023depression,
	title={Depression recognition using remote photoplethysmography from facial videos},
	author={Casado, Constantino {\'A}lvarez and Ca{\~n}ellas, Manuel Lage and L{\'o}pez, Miguel Bordallo},
	journal={IEEE Transactions on Affective Computing},
	volume={14},
	number={4},
	pages={3305--3316},
	year={2023},
	publisher={IEEE}
}
@article{erol2019toward,
	title={Toward artificial emotional intelligence for cooperative social human--machine interaction},
	author={Erol, Berat A and Majumdar, Abhijit and Benavidez, Patrick and Rad, Paul and Choo, Kim-Kwang Raymond and Jamshidi, Mo},
	journal={IEEE Transactions on Computational Social Systems},
	volume={7},
	number={1},
	pages={234--246},
	year={2019},
	publisher={IEEE}
}
@article{casado2023depression,
	title={Depression recognition using remote photoplethysmography from facial videos},
	author={Casado, Constantino {\'A}lvarez and Ca{\~n}ellas, Manuel Lage and L{\'o}pez, Miguel Bordallo},
	journal={IEEE Transactions on Affective Computing},
	volume={14},
	number={4},
	pages={3305--3316},
	year={2023},
	publisher={IEEE}
}
@article{he2024text,
	title={Text Sentiment Analysis of Douban Film Short Comments Based on BERT-CNN-BiLSTM-Att Model},
	author={He, Aixiang and Abisado, Mideth},
	journal={IEEE Access},
	year={2024},
	publisher={IEEE}
}
