@article{Cheng:96:Genetic,
  title={A tutorial survey of job-shop scheduling problems using genetic algorithms—I. Representation},
  author={Cheng, Runwei and Gen, Mitsuo and Tsujimura, Yasuhiro},
  journal={Computers \& industrial engineering},
  volume={30},
  number={4},
  pages={983--997},
  year={1996},
  publisher={Elsevier}
}

@article{Chudak:99,
  title = {Approximation Algorithms for Precedence-Constrained Scheduling Problems on Parallel Machines that Run at Different Speeds},
  volume = {30},
  ISSN = {0196-6774},
  url = {http://dx.doi.org/10.1006/jagm.1998.0987},
  DOI = {10.1006/jagm.1998.0987},
  number = {2},
  journal = {Journal of Algorithms},
  publisher = {Elsevier BV},
  author = {Chudak,  Fabián A and Shmoys,  David B},
  year = {1999},
  month = Feb,
  pages = {323–343}
}

@misc{Davies:20,
      title={Scheduling with Communication Delays via LP Hierarchies and Clustering}, 
      author={Sami Davies and Janardhan Kulkarni and Thomas Rothvoss and Jakub Tarnawski and Yihao Zhang},
      year={2020},
      eprint={2004.09682},
      archivePrefix={arXiv},
      primaryClass={cs.DS},
      url={https://arxiv.org/abs/2004.09682}, 
}

@inbook{Davies:21,
  title = {Scheduling with Communication Delays via LP Hierarchies and Clustering II: Weighted Completion Times on Related Machines},
  ISBN = {9781611976465},
  url = {http://dx.doi.org/10.1137/1.9781611976465.176},
  DOI = {10.1137/1.9781611976465.176},
  booktitle = {Proceedings of the 2021 ACM-SIAM Symposium on Discrete Algorithms (SODA)},
  publisher = {Society for Industrial and Applied Mathematics},
  author = {Davies,  Sami and Kulkarni,  Janardhan and Rothvoss,  Thomas and Tarnawski,  Jakub and Zhang,  Yihao},
  year = {2021},
  month = jan,
  pages = {2958–2977}
}

@inproceedings{Davis:14:Genetic,
  title={Job shop scheduling with genetic algorithms},
  author={Davis, Lawrence},
  booktitle={Proceedings of the first International Conference on Genetic Algorithms and their Applications},
  pages={136--140},
  year={2014},
  organization={Psychology Press}
}

@article{Graham:66,
  title        = {{Bounds for certain multiprocessing anomalies}},
  author       = {Graham, R. L.},
  year         = 1966,
  journal      = {The Bell System Technical Journal},
  volume       = 45,
  number       = 9,
  pages        = {1563--1581},
  doi          = {10.1002/j.1538-7305.1966.tb01709.x},
  keywords     = {}
}

@inproceedings{Grinsztajn:20,
  title = {Geometric deep reinforcement learning for dynamic DAG scheduling},
  url = {http://dx.doi.org/10.1109/SSCI47803.2020.9308278},
  DOI = {10.1109/ssci47803.2020.9308278},
  booktitle = {2020 IEEE Symposium Series on Computational Intelligence (SSCI)},
  publisher = {IEEE},
  author = {Grinsztajn,  Nathan and Beaumont,  Olivier and Jeannot,  Emmanuel and Preux,  Philippe},
  year = {2020},
  month = dec,
  pages = {258–265}
}

@inproceedings{Hongzi:2019:Decima,
  title        = {{Learning {S}cheduling {A}lgorithms for {D}ata {P}rocessing {C}lusters}},
  author       = {Mao, Hongzi and Schwarzkopf, Malte and Venkatakrishnan, Shaileshh Bojja and Meng, Zili and Alizadeh, Mohammad},
  year         = 2019,
  booktitle    = {Proceedings of the ACM Special Interest Group on Data Communication},
  location     = {Beijing, China},
  publisher    = {Association for Computing Machinery},
  address      = {New York, NY, USA},
  series       = {SIGCOMM '19},
  pages        = {270–288},
  doi          = {10.1145/3341302.3342080},
  isbn         = 9781450359566,
  url          = {https://doi.org/10.1145/3341302.3342080},
  numpages     = 19,
  keywords     = {resource management, reinforcement learning, job scheduling}
}

@article{Islam:21,
  title={Performance and cost-efficient spark job scheduling based on deep reinforcement learning in cloud computing environments},
  author={Islam, Muhammed Tawfiqul and Karunasekera, Shanika and Buyya, Rajkumar},
  journal={IEEE Transactions on Parallel and Distributed Systems},
  volume={33},
  number={7},
  pages={1695--1710},
  year={2021},
  publisher={IEEE}
}

@InProceedings{Lassota:23,
  title = 	 {Minimalistic Predictions to Schedule Jobs with Online Precedence Constraints},
  author =       {Lassota, Alexandra Anna and Lindermayr, Alexander and Megow, Nicole and Schl\"{o}ter, Jens},
  booktitle = 	 {Proceedings of the 40th International Conference on Machine Learning},
  pages = 	 {18563--18583},
  year = 	 {2023},
  editor = 	 {Krause, Andreas and Brunskill, Emma and Cho, Kyunghyun and Engelhardt, Barbara and Sabato, Sivan and Scarlett, Jonathan},
  volume = 	 {202},
  series = 	 {Proceedings of Machine Learning Research},
  month = 	 {23--29 Jul},
  publisher =    {PMLR},
  pdf = 	 {https://proceedings.mlr.press/v202/lassota23a/lassota23a.pdf},
  url = 	 {https://proceedings.mlr.press/v202/lassota23a.html}
}

@article{Lenstra:78,
    ISSN = {0030364X, 15265463},
    URL = {http://www.jstor.org/stable/169889},
    author = {J. K. Lenstra and A. H. G. Rinnooy Kan},
    journal = {Operations Research},
    number = {1},
    pages = {22--35},
    publisher = {INFORMS},
    title = {Complexity of Scheduling under Precedence Constraints},
    urldate = {2024-12-03},
    volume = {26},
    year = {1978}
}

@inproceedings{Li:17,
  title = {Scheduling to Minimize Total Weighted Completion Time via Time-Indexed Linear Programming Relaxations},
  url = {http://dx.doi.org/10.1109/FOCS.2017.34},
  DOI = {10.1109/focs.2017.34},
  booktitle = {2017 IEEE 58th Annual Symposium on Foundations of Computer Science (FOCS)},
  publisher = {IEEE},
  author = {Li,  Shi},
  year = {2017},
  month = oct,
  pages = {283–294}
}

@article{Li:23,
  title = {Energy-aware scheduling for spark job based on deep reinforcement learning in cloud},
  volume = {105},
  ISSN = {1436-5057},
  url = {http://dx.doi.org/10.1007/s00607-023-01171-z},
  DOI = {10.1007/s00607-023-01171-z},
  number = {8},
  journal = {Computing},
  publisher = {Springer Science and Business Media LLC},
  author = {Li,  Hongjian and Lu,  Liang and Shi,  Wenhu and Tan,  Gangfan and Luo,  Hao},
  year = {2023},
  month = mar,
  pages = {1717–1743}
}

@misc{Maiti:20,
      title={Scheduling Precedence-Constrained Jobs on Related Machines with Communication Delay}, 
      author={Biswaroop Maiti and Rajmohan Rajaraman and David Stalfa and Zoya Svitkina and Aravindan Vijayaraghavan},
      year={2020},
      eprint={2004.10776},
      archivePrefix={arXiv},
      primaryClass={cs.DS},
      url={https://arxiv.org/abs/2004.10776}, 
}

@article{Pezzella:08:Genetic,
  title={A genetic algorithm for the flexible job-shop scheduling problem},
  author={Pezzella, Ferdinando and Morganti, Gianluca and Ciaschetti, Giampiero},
  journal={Computers \& operations research},
  volume={35},
  number={10},
  pages={3202--3212},
  year={2008},
  publisher={Elsevier}
}

@article{Sels:12:Priority,
  title={A comparison of priority rules for the job shop scheduling problem under different flow time-and tardiness-related objective functions},
  author={Sels, Veronique and Gheysen, Nele and Vanhoucke, Mario},
  journal={International Journal of Production Research},
  volume={50},
  number={15},
  pages={4255--4270},
  year={2012},
  publisher={Taylor \& Francis}
}

@misc{SparkScheduling,
	author = {The Apache Software Foundation},
	title = {{J}ob {S}cheduling -- {S}park {D}ocumentation},
	howpublished = {\url{https://spark.apache.org/docs/3.5.3/job-scheduling.html}},
	year = {2024},
	note = {[Accessed 12-12-2024]},
}

@article{Su:23,
    title = {Communication-aware scheduling of precedence-constrained tasks on related machines},
    journal = {Operations Research Letters},
    volume = {51},
    number = {6},
    pages = {709-716},
    year = {2023},
    issn = {0167-6377},
    doi = {https://doi.org/10.1016/j.orl.2023.11.001},
    url = {https://www.sciencedirect.com/science/article/pii/S0167637723001815},
    author = {Yu Su and Shai Vardi and Xiaoqi Ren and Adam Wierman},
    keywords = {Scheduling on related machines, Scheduling with communication, Precedence-constrained scheduling},
}

@article{Su:24:Tompecs,
author = {Su, Yu and Anand, Vivek and Yu, Jannie and Tan, Jian and Wierman, Adam},
title = {Learning-Augmented Energy-Aware List Scheduling for Precedence-Constrained Tasks},
year = {2024},
issue_date = {December 2024},
publisher = {Association for Computing Machinery},
address = {New York, NY, USA},
url = {https://doi.org/10.1145/3680278},
doi = {10.1145/3680278},
journal = {ACM Trans. Model. Perform. Eval. Comput. Syst.},
}

@inbook{Wu:18,
  title = {Adaptive DAG Tasks Scheduling with Deep Reinforcement Learning},
  ISBN = {9783030050542},
  ISSN = {1611-3349},
  url = {http://dx.doi.org/10.1007/978-3-030-05054-2_37},
  DOI = {10.1007/978-3-030-05054-2_37},
  booktitle = {Algorithms and Architectures for Parallel Processing},
  publisher = {Springer International Publishing},
  author = {Wu,  Qing and Wu,  Zhiwei and Zhuang,  Yuehui and Cheng,  Yuxia},
  year = {2018},
  pages = {477–490}
}

@INPROCEEDINGS{Zhou:22,
  author={Zhou, Yunfan and Li, Xijun and Luo, Jinhong and Yuan, Mingxuan and Zeng, Jia and Yao, Jianguo},
  booktitle={2022 23rd IEEE International Conference on Mobile Data Management (MDM)}, 
  title={Learning to Optimize DAG Scheduling in Heterogeneous Environment}, 
  year={2022},
  volume={},
  number={},
  pages={137-146},
  keywords={Data centers;Job shop scheduling;Scheduling algorithms;Heuristic algorithms;Reinforcement learning;Servers;Resource management;DAG Scheduling;Task duplication;Deep Rein-forcement Learning},
  doi={10.1109/MDM55031.2022.00040}
}

