@article{baby2019online,
  title={Online forecasting of total-variation-bounded sequences},
  author={Baby, Dheeraj and Wang, Yu-Xiang},
  journal={Advances in Neural Information Processing Systems},
  volume={32},
  year={2019}
}

@inproceedings{bernasconi2023constrained,
  title={Constrained phi-equilibria},
  author={Bernasconi, Martino and Castiglioni, Matteo and Marchesi, Alberto and Trovo, Francesco and Gatti, Nicola},
  booktitle={International Conference on Machine Learning},
  pages={2184--2205},
  year={2023},
  organization={PMLR}
}

@article{blackwell1956analog,
  title={An analog of the minimax theorem for vector payoffs},
  author={Blackwell, David},
  journal={Pacific Journal of Mathematics},
  volume={6},
  number={1},
  pages={1--8},
  year={1956},
  publisher={Mathematical Sciences Publishers}
}

@article{blum2007external,
  title={From external to internal regret.},
  author={Blum, Avrim and Mansour, Yishay},
  journal={Journal of Machine Learning Research},
  volume={8},
  number={6},
  year={2007}
}

@article{cai2024tractable,
  title={On Tractable {$\Phi$}-Equilibria in Non-Concave Games},
  author={Cai, Yang and Daskalakis, Constantinos and Luo, Haipeng and Wei, Chen-Yu and Zheng, Weiqiang},
  journal={Advances in Neural Information Processing Systems},
  volume={37},
  year={2024}
}

@inproceedings{chen2021impossible,
  title={Impossible tuning made possible: A new expert algorithm and its applications},
  author={Chen, Liyu and Luo, Haipeng and Wei, Chen-Yu},
  booktitle={Conference on Learning Theory},
  pages={1216--1259},
  year={2021},
  organization={PMLR}
}

@inproceedings{dagan2024external,
  title={From External to Swap Regret 2.0: An Efficient Reduction for Large Action Spaces},
  author={Dagan, Yuval and Daskalakis, Constantinos and Fishelson, Maxwell and Golowich, Noah},
  booktitle={Proceedings of the 56th Annual ACM Symposium on Theory of Computing},
  pages={1216--1222},
  year={2024}
}

@inproceedings{gordon2008no,
  title={No-regret learning in convex games},
  author={Gordon, Geoffrey J and Greenwald, Amy and Marks, Casey},
  booktitle={International Conference on Machine Learning},
  pages={360--367},
  year={2008}
}

@inproceedings{greenwald2003general,
  title={A general class of no-regret learning algorithms and game-theoretic equilibria},
  author={Greenwald, Amy and Jafari, Amir},
  booktitle={Learning Theory and Kernel Machines: 16th Annual Conference on Learning Theory and 7th Kernel Workshop},
  pages={2--12},
  year={2003},
  organization={Springer}
}

@article{haghtalab2023calibrated,
  title={Calibrated stackelberg games: Learning optimal commitments against calibrated agents},
  author={Haghtalab, Nika and Podimata, Chara and Yang, Kunhe},
  journal={Advances in Neural Information Processing Systems},
  volume={36},
  year={2023}
}

@article{ito2020tight,
  title={A tight lower bound and efficient reduction for swap regret},
  author={Ito, Shinji},
  journal={Advances in Neural Information Processing Systems},
  volume={33},
  pages={18550--18559},
  year={2020}
}

@article{jacobsen2024equivalence,
  title={An Equivalence Between Static and Dynamic Regret Minimization},
  author={Jacobsen, Andrew and Orabona, Francesco},
  journal={Advances in Neural Information Processing Systems},
  volume={37},
  year={2024}
}

@article{lee2022online,
  title={Online minimax multiobjective optimization: Multicalibeating and other applications},
  author={Lee, Daniel and Noarov, Georgy and Pai, Mallesh and Roth, Aaron},
  journal={Advances in Neural Information Processing Systems},
  volume={35},
  pages={29051--29063},
  year={2022}
}

@article{lehrer2003wide,
  title={A wide range no-regret theorem},
  author={Lehrer, Ehud},
  journal={Games and Economic Behavior},
  volume={42},
  number={1},
  pages={101--115},
  year={2003},
  publisher={Elsevier}
}

@article{noarov2023high,
  title={High-dimensional prediction for sequential decision making},
  author={Noarov, Georgy and Ramalingam, Ramya and Roth, Aaron and Xie, Stephan},
  journal={arXiv preprint arXiv:2310.17651},
  year={2023}
}

@inproceedings{peng2024fast,
  title={Fast swap regret minimization and applications to approximate correlated equilibria},
  author={Peng, Binghui and Rubinstein, Aviad},
  booktitle={Proceedings of the 56th Annual ACM Symposium on Theory of Computing},
  pages={1223--1234},
  year={2024}
}

@article{perchet2015exponential,
  title={Exponential weight approachability, applications to calibration and regret minimization},
  author={Perchet, Vianney},
  journal={Dynamic Games and Applications},
  volume={5},
  pages={136--153},
  year={2015},
  publisher={Springer}
}

@article{piliouras2022evolutionary,
  title={Evolutionary dynamics and phi-regret minimization in games},
  author={Piliouras, Georgios and Rowland, Mark and Omidshafiei, Shayegan and Elie, Romuald and Hennes, Daniel and Connor, Jerome and Tuyls, Karl},
  journal={Journal of Artificial Intelligence Research},
  volume={74},
  pages={1125--1158},
  year={2022}
}

@inproceedings{rakhlin2011online,
  title={Online learning: Beyond regret},
  author={Rakhlin, Alexander and Sridharan, Karthik and Tewari, Ambuj},
  booktitle={Conference on Learning Theory},
  pages={559--594},
  year={2011}
}

@article{roth2023learning,
  title={Learning in Games (and Games in Learning)},
  author={Roth, Aaron},
  journal={Unpublished Lecture Note, \url{https://www.cis.upenn.edu/~aaroth/GamesInLearning.pdf}},
  year={2023}
}

@article{shimkin2016online,
  title={An online convex optimization approach to Blackwell's approachability},
  author={Shimkin, Nahum},
  journal={Journal of Machine Learning Research},
  volume={17},
  number={129},
  pages={1--23},
  year={2016}
}

@article{stoltz2005internal,
  title={Internal regret in on-line portfolio selection},
  author={Stoltz, Gilles and Lugosi, G{\'a}bor},
  journal={Machine Learning},
  volume={59},
  pages={125--159},
  year={2005},
  publisher={Springer}
}

@article{stoltz2007learning,
  title={Learning correlated equilibria in games with compact sets of strategies},
  author={Stoltz, Gilles and Lugosi, G{\'a}bor},
  journal={Games and Economic Behavior},
  volume={59},
  number={1},
  pages={187--208},
  year={2007},
  publisher={Elsevier}
}

@article{zhang2023unconstrained,
  title={Unconstrained dynamic regret via sparse coding},
  author={Zhang, Zhiyu and Cutkosky, Ashok and Paschalidis, Ioannis Ch.},
  journal={Advances in Neural Information Processing Systems},
  volume={36},
  year={2023}
}

@article{zhang2024efficient,
  title={Efficient {$\Phi$}-Regret Minimization with Low-Degree Swap Deviations in Extensive-Form Games},
  author={Zhang, Brian Hu and Anagnostides, Ioannis and Farina, Gabriele and Sandholm, Tuomas},
  journal={Advances in Neural Information Processing Systems},
  volume={37},
  year={2024}
}

