@book{cesa2006prediction,
  title={Prediction, learning, and games},
  author={Cesa-Bianchi, Nicolo and Lugosi, G{\'a}bor},
  year={2006},
  publisher={Cambridge university press}
}

@article{orabona2023modern,
  title={A modern introduction to online learning},
  author={Orabona, Francesco},
  journal={arXiv preprint arXiv:1912.13213},
  year={2023}
}

@article{orabona2016coin,
  title={Coin betting and parameter-free online learning},
  author={Orabona, Francesco and P{\'a}l, D{\'a}vid},
  journal={Advances in Neural Information Processing Systems},
  volume={29},
  year={2016}
}

@inproceedings{orabona2014simultaneous,
  title={Simultaneous model selection and optimization through parameter-free stochastic learning},
  author={Orabona, Francesco},
  booktitle={Advances in Neural Information Processing Systems},
  pages={1116--1124},
  year={2014}
}

@inproceedings{mcmahan2014unconstrained,
  title={Unconstrained online linear learning in {H}ilbert spaces: Minimax algorithms and normal approximations},
  author={McMahan, H Brendan and Orabona, Francesco},
  booktitle={Conference on Learning Theory},
  pages={1020--1039},
  year={2014},
  organization={PMLR}
}

@inproceedings{mhammedi2020lipschitz,
  title={Lipschitz and comparator-norm adaptivity in online learning},
  author={Mhammedi, Zakaria and Koolen, Wouter M},
  booktitle={Conference on Learning Theory},
  pages={2858--2887},
  year={2020},
  organization={PMLR}
}

@article{streeter2012no,
  title={No-regret algorithms for unconstrained online convex optimization},
  author={Streeter, Matthew and Mcmahan, Brendan},
  journal={Advances in Neural Information Processing Systems},
  volume={25},
  year={2012}
}

@inproceedings{orabona2013dimension,
  title={Dimension-Free Exponentiated Gradient.},
  author={Orabona, Francesco},
  booktitle={NIPS},
  pages={1806--1814},
  year={2013}
}

@article{rakhlin2012relax,
  title={Relax and Randomize: From Value to Algorithms},
  author={Rakhlin, Sasha and Shamir, Ohad and Sridharan, Karthik},
  journal={Advances in Neural Information Processing Systems},
  volume={25},
  pages={2141--2149},
  year={2012}
}

@book{bertsekas2012dynamic,
  title={Dynamic programming and optimal control: Volume I},
  author={Bertsekas, Dimitri},
  volume={1},
  year={2012},
  publisher={Athena scientific}
}

@article{drenska2020prediction,
  title={Prediction with expert advice: A PDE perspective},
  author={Drenska, Nadejda and Kohn, Robert V},
  journal={Journal of Nonlinear Science},
  volume={30},
  number={1},
  pages={137--173},
  year={2020},
  publisher={Springer}
}

@inproceedings{kobzar2020a_new,
  title={New potential-based bounds for prediction with expert advice},
  author={Kobzar, Vladimir A and Kohn, Robert V and Wang, Zhilei},
  booktitle={Conference on Learning Theory},
  pages={2370--2405},
  year={2020},
  organization={PMLR}
}

@inproceedings{cutkosky2018black,
  title={Black-box reductions for parameter-free online learning in banach spaces},
  author={Cutkosky, Ashok and Orabona, Francesco},
  booktitle={Conference On Learning Theory},
  pages={1493--1529},
  year={2018},
  organization={PMLR}
}

@inproceedings{harvey2020optimal,
  title={Optimal anytime regret for two experts},
  author={Harvey, Nicholas JA and Liaw, Christopher and Perkins, Edwin A and Randhawa, Sikander},
  booktitle={2020 IEEE 61st Annual Symposium on Foundations of Computer Science (FOCS)},
  pages={1404--1415},
  year={2020},
  organization={IEEE}
}

@book{arfken2013mathematical,
  title={Mathematical Methods for Physicists: A Comprehensive Guide},
  author={Arfken, George B and Weber, Hans J and Harris, Frank E},
  year={2013},
  publisher={Academic Press}
}

@book{klenke2013probability,
  title={Probability theory: a comprehensive course},
  author={Klenke, Achim},
  year={2013},
  publisher={Springer Science \& Business Media}
}

@article{shevtsova2011absolute,
  title={On the absolute constants in the Berry-Esseen type inequalities for identically distributed summands},
  author={Shevtsova, Irina},
  journal={arXiv preprint arXiv:1111.6554},
  year={2011}
}

@article{duembgen2010bounding,
  title={Bounding standard gaussian tail probabilities},
  author={Duembgen, Lutz},
  journal={arXiv preprint arXiv:1012.2063},
  year={2010}
}

@inproceedings{zinkevich2003online,
  title={Online convex programming and generalized infinitesimal gradient ascent},
  author={Zinkevich, Martin},
  booktitle={Proceedings of the 20th international conference on machine learning (icml-03)},
  pages={928--936},
  year={2003}
}

@article{mcmahan2013minimax,
  title={Minimax Optimal Algorithms for Unconstrained Linear Optimization},
  author={McMahan, Brendan and Abernethy, Jacob},
  journal={Advances in Neural Information Processing Systems},
  volume={26},
  pages={2724--2732},
  year={2013}
}

@article{kelly1956new,
  title={A New Interpretation of Information Rate},
  author={Kelly jr, JL},
  journal={the bell system technical journal},
  year={1956}
}

@article{shalev2011online,
  title={Online learning and online convex optimization},
  author={Shalev-Shwartz, Shai and others},
  journal={Foundations and trends in Machine Learning},
  volume={4},
  number={2},
  pages={107--194},
  year={2011}
}

@article{cesa2003potential,
  title={Potential-based algorithms in on-line prediction and game theory},
  author={Cesa-Bianchi, Nicolo and Lugosi, G{\'a}bor},
  journal={Machine Learning},
  volume={51},
  number={3},
  pages={239--261},
  year={2003},
  publisher={Springer}
}

@inproceedings{cutkosky2016online,
  title={Online convex optimization with unconstrained domains and losses},
  author={Cutkosky, Ashok and Boahen, Kwabena},
  booktitle={Proceedings of the 30th International Conference on Neural Information Processing Systems},
  pages={748--756},
  year={2016}
}

@inproceedings{cutkosky2017online,
  title={Online learning without prior information},
  author={Cutkosky, Ashok and Boahen, Kwabena},
  booktitle={Conference on Learning Theory},
  pages={643--677},
  year={2017},
  organization={PMLR}
}

@inproceedings{cutkosky2019artificial,
  title={Artificial constraints and hints for unbounded online learning},
  author={Cutkosky, Ashok},
  booktitle={Conference on Learning Theory},
  pages={874--894},
  year={2019},
  organization={PMLR}
}

@inproceedings{cutkosky2020parameter,
  title={Parameter-free, dynamic, and strongly-adaptive online learning},
  author={Cutkosky, Ashok},
  booktitle={International Conference on Machine Learning},
  pages={2250--2259},
  year={2020},
  organization={PMLR}
}

@inproceedings{cutkosky2019combining,
  title={Combining online learning guarantees},
  author={Cutkosky, Ashok},
  booktitle={Conference on Learning Theory},
  pages={895--913},
  year={2019},
  organization={PMLR}
}

@inproceedings{zhang2022adversarial,
  title={Adversarial tracking control via strongly adaptive online learning with memory},
  author={Zhang, Zhiyu and Cutkosky, Ashok and Paschalidis, Ioannis Ch.},
  booktitle={International Conference on Artificial Intelligence and Statistics},
  pages={8458--8492},
  year={2022},
  organization={PMLR}
}

@article{orabona2017training,
  title={Training deep networks without learning rates through coin betting},
  author={Orabona, Francesco and Tommasi, Tatiana},
  journal={Advances in Neural Information Processing Systems},
  volume={30},
  pages={2160--2170},
  year={2017}
}

@techreport{cover1966behavior,
  title={BEHAVIOR OF SEQUENTIAL PREDICTORS OF BINARY SEQUENCES.},
  author={Cover, Thomas M},
  year={1966},
  institution={STANFORD UNIV CALIF STANFORD ELECTRONICS LABS}
}

@article{kapralov2010prediction,
  title={Prediction strategies without loss},
  author={Kapralov, Michael and Panigrahy, Rina},
  journal={arXiv preprint arXiv:1008.3672},
  year={2010}
}

@article{andoni2013differential,
  title={A differential equations approach to optimizing regret trade-offs},
  author={Andoni, Alexandr and Panigrahy, Rina},
  journal={arXiv preprint arXiv:1305.1359},
  year={2013}
}

@inproceedings{daniely2019competitive,
  title={Competitive ratio vs regret minimization: achieving the best of both worlds},
  author={Daniely, Amit and Mansour, Yishay},
  booktitle={Algorithmic Learning Theory},
  pages={333--368},
  year={2019},
  organization={PMLR}
}

@inproceedings{daniely2015strongly,
  title={Strongly adaptive online learning},
  author={Daniely, Amit and Gonen, Alon and Shalev-Shwartz, Shai},
  booktitle={International Conference on Machine Learning},
  pages={1405--1411},
  year={2015},
  organization={PMLR}
}

@phdthesis{zhu2014two,
  title={Two problems in applications of PDE},
  author={Zhu, Kangping},
  year={2014},
  school={New York University}
}

@article{kohn2010deterministic,
  title={A deterministic-control-based approach to fully nonlinear parabolic and elliptic equations},
  author={Kohn, Robert V and Serfaty, Sylvia},
  journal={Communications on pure and applied mathematics},
  volume={63},
  number={10},
  pages={1298--1350},
  year={2010},
  publisher={Wiley Online Library}
}

@article{rokhlin2017pde,
  title={PDE approach to the problem of online prediction with expert advice: a construction of potential-based strategies},
  author={Rokhlin, Dmitry B},
  journal={arXiv preprint arXiv:1705.01091},
  year={2017}
}

@inproceedings{kobzar2020b_new,
  title={New potential-based bounds for the geometric-stopping version of prediction with expert advice},
  author={Kobzar, Vladimir A and Kohn, Robert V and Wang, Zhilei},
  booktitle={Mathematical and Scientific Machine Learning},
  pages={537--554},
  year={2020},
  organization={PMLR}
}

@article{bayraktar2020finite,
  title={Finite-time 4-expert prediction problem},
  author={Bayraktar, Erhan and Ekren, Ibrahim and Zhang, Xin},
  journal={Communications in Partial Differential Equations},
  volume={45},
  number={7},
  pages={714--757},
  year={2020},
  publisher={Taylor \& Francis}
}

@inproceedings{van2019user,
  title={User-Specified Local Differential Privacy in Unconstrained Adaptive Online Learning.},
  author={van der Hoeven, Dirk},
  booktitle={NeurIPS},
  pages={14080--14089},
  year={2019}
}

@article{jun2019parameter,
  title={Parameter-free locally differentially private stochastic subgradient descent},
  author={Jun, Kwang-Sung and Orabona, Francesco},
  journal={arXiv preprint arXiv:1911.09564},
  year={2019}
}

@article{drenska2020pde,
  title={A PDE approach to the prediction of a binary sequence with advice from two history-dependent experts},
  author={Drenska, Nadejda and Kohn, Robert V},
  journal={arXiv preprint arXiv:2007.12732},
  year={2020}
}

@article{drenska2020online,
  title={Online prediction with history-dependent experts: the general case},
  author={Drenska, Nadejda and Calder, Jeff},
  journal={arXiv preprint arXiv:2008.00052},
  year={2020}
}

@article{bayraktar2020malicious,
  title={Malicious experts versus the multiplicative weights algorithm in online prediction},
  author={Bayraktar, Erhan and Poor, H Vincent and Zhang, Xin},
  journal={IEEE Transactions on Information Theory},
  volume={67},
  number={1},
  pages={559--565},
  year={2020},
  publisher={IEEE}
}

@article{bayraktar2021prediction,
  title={Prediction against a limited adversary},
  author={Bayraktar, Erhan and Ekren, Ibrahim and Zhang, Xin},
  journal={Journal of Machine Learning Research},
  volume={22},
  number={72},
  pages={1--33},
  year={2021}
}

@article{bayraktar2020asymptotic,
  title={On the asymptotic optimality of the comb strategy for prediction with expert advice},
  author={Bayraktar, Erhan and Ekren, Ibrahim and Zhang, Yili},
  journal={The Annals of Applied Probability},
  volume={30},
  number={6},
  pages={2517--2546},
  year={2020},
  publisher={Institute of Mathematical Statistics}
}

@article{littlestone1994weighted,
  title={The weighted majority algorithm},
  author={Littlestone, Nick and Warmuth, Manfred K},
  journal={Information and computation},
  volume={108},
  number={2},
  pages={212--261},
  year={1994},
  publisher={Elsevier}
}

@inproceedings{abernethy2008competing,
  title={Competing in the dark: An efficient algorithm for bandit linear optimization},
  author={Abernethy, Jacob and Hazan, Elad E and Rakhlin, Alexander},
  booktitle={21st Annual Conference on Learning Theory, COLT 2008},
  pages={263--273},
  year={2008}
}

@book{rockafellar2015convex,
  title={Convex analysis},
  author={Rockafellar, Ralph Tyrell},
  year={2015},
  publisher={Princeton university press}
}

@article{chang2011libsvm,
  title={LIBSVM: a library for support vector machines},
  author={Chang, Chih-Chung and Lin, Chih-Jen},
  journal={ACM transactions on intelligent systems and technology (TIST)},
  volume={2},
  number={3},
  pages={1--27},
  year={2011},
  publisher={Acm New York, NY, USA}
}

@article{chen2020better,
  title={Better Parameter-free Stochastic Optimization with ODE Updates for Coin-Betting},
  author={Chen, Keyi and Langford, John and Orabona, Francesco},
  journal={arXiv preprint arXiv:2006.07507},
  year={2020}
}

@misc{Dua:2019 ,
author = "Dua, Dheeru and Graff, Casey",
year = "2017",
title = "{UCI} Machine Learning Repository",
url = "http://archive.ics.uci.edu/ml",
institution = "University of California, Irvine, School of Information and Computer Sciences" }

@INPROCEEDINGS{Bertin-Mahieux2011,
  author = {Thierry Bertin-Mahieux and Daniel P.W. Ellis and Brian Whitman and Paul Lamere},
  title = {The Million Song Dataset},
  booktitle = {{Proceedings of the 12th International Conference on Music Information
	Retrieval ({ISMIR} 2011)}},
  year = {2011},
  owner = {thierry},
  timestamp = {2010.03.07}
}

@article{hazan2019introduction,
  title={Introduction to online convex optimization},
  author={Hazan, Elad},
  journal={arXiv preprint arXiv:1909.05207},
  year={2019}
}

@inproceedings{jun2017improved,
  title={Improved strongly adaptive online learning using coin betting},
  author={Jun, Kwang-Sung and Orabona, Francesco and Wright, Stephen and Willett, Rebecca},
  booktitle={Artificial Intelligence and Statistics},
  pages={943--951},
  year={2017},
  organization={PMLR}
}

@book{vetterli2014foundations,
  title={Foundations of signal processing},
  author={Vetterli, Martin and Kova{\v{c}}evi{\'c}, Jelena and Goyal, Vivek K},
  year={2014},
  publisher={Cambridge University Press}
}

@article{jacobsen2022parameter,
  title={Parameter-free Mirror Descent},
  author={Jacobsen, Andrew and Cutkosky, Ashok},
  journal={arXiv preprint arXiv:2203.00444},
  year={2022}
}

@inproceedings{hassanieh2012nearly,
  title={Nearly optimal sparse Fourier transform},
  author={Hassanieh, Haitham and Indyk, Piotr and Katabi, Dina and Price, Eric},
  booktitle={Proceedings of the forty-fourth annual ACM symposium on Theory of computing},
  pages={563--578},
  year={2012}
}

@article{zhang2018adaptive,
  title={Adaptive online learning in dynamic environments},
  author={Zhang, Lijun and Lu, Shiyin and Zhou, Zhi-Hua},
  journal={Advances in neural information processing systems},
  volume={31},
  year={2018}
}

@article{zhao2020dynamic,
  title={Dynamic regret of convex and smooth functions},
  author={Zhao, Peng and Zhang, Yu-Jie and Zhang, Lijun and Zhou, Zhi-Hua},
  journal={Advances in Neural Information Processing Systems},
  volume={33},
  pages={12510--12520},
  year={2020}
}

@inproceedings{baby2021optimal,
  title={Optimal dynamic regret in exp-concave online learning},
  author={Baby, Dheeraj and Wang, Yu-Xiang},
  booktitle={Conference on Learning Theory},
  pages={359--409},
  year={2021},
  organization={PMLR}
}

@inproceedings{baby2022optimal,
  title={Optimal dynamic regret in proper online learning with strongly convex losses and beyond},
  author={Baby, Dheeraj and Wang, Yu-Xiang},
  booktitle={International Conference on Artificial Intelligence and Statistics},
  pages={1805--1845},
  year={2022},
  organization={PMLR}
}

@article{rakhlin2012statistical,
  title={Statistical learning theory and sequential prediction},
  author={Rakhlin, Alexander and Sridharan, Karthik},
  journal={Lecture Notes in University of Pennsyvania},
  volume={44},
  year={2012}
}

@article{roth2023learning,
  title={Learning in Games (and Games in Learning)},
  author={Roth, Aaron},
  journal={Unpublished Lecture Note, \url{https://www.cis.upenn.edu/~aaroth/GamesInLearning.pdf}},
  year={2023}
}

@book{mallat2008wavelet,
  title={A Wavelet Tour of Signal Processing: The Sparse Way},
  author={Mallat, Stephane},
  year={2008},
  publisher={Academic Press}
}

@article{hurley2009comparing,
  title={Comparing measures of sparsity},
  author={Hurley, Niall and Rickard, Scott},
  journal={IEEE Transactions on Information Theory},
  volume={55},
  number={10},
  pages={4723--4741},
  year={2009},
  publisher={IEEE}
}

@incollection{price_2021,
    title={Sparse Recovery}, booktitle={Beyond the Worst-Case Analysis of Algorithms}, publisher={Cambridge University Press}, author={Price, Eric}, editor={Roughgarden, Tim}, 
    year={2021}, 
    pages={140–164}
}

@article{hall2015online,
  title={Online convex optimization in dynamic environments},
  author={Hall, Eric C and Willett, Rebecca M},
  journal={IEEE Journal of Selected Topics in Signal Processing},
  volume={9},
  number={4},
  pages={647--662},
  year={2015},
  publisher={IEEE}
}

@article{baby2020adaptive,
  title={Adaptive online estimation of piecewise polynomial trends},
  author={Baby, Dheeraj and Wang, Yu-Xiang},
  journal={Advances in Neural Information Processing Systems},
  volume={33},
  pages={20462--20472},
  year={2020}
}

@inproceedings{agarwal2019online,
  title={Online control with adversarial disturbances},
  author={Agarwal, Naman and Bullins, Brian and Hazan, Elad and Kakade, Sham and Singh, Karan},
  booktitle={International Conference on Machine Learning},
  pages={111--119},
  year={2019},
  organization={PMLR}
}

@inproceedings{agarwal2020boosting,
  title={Boosting for control of dynamical systems},
  author={Agarwal, Naman and Brukhim, Nataly and Hazan, Elad and Lu, Zhou},
  booktitle={International Conference on Machine Learning},
  pages={96--103},
  year={2020},
  organization={PMLR}
}

@inproceedings{li2023online,
  title={Online switching control with stability and regret guarantees},
  author={Li, Yingying and Preiss, James A and Li, Na and Lin, Yiheng and Wierman, Adam and Shamma, Jeff S},
  booktitle={Learning for Dynamics and Control Conference},
  pages={1138--1151},
  year={2023},
  organization={PMLR}
}

@article{salzmann2023real,
  title={Real-time neural MPC: Deep learning model predictive control for quadrotors and agile robotic platforms},
  author={Salzmann, Tim and Kaufmann, Elia and Arrizabalaga, Jon and Pavone, Marco and Scaramuzza, Davide and Ryll, Markus},
  journal={IEEE Robotics and Automation Letters},
  volume={8},
  number={4},
  pages={2397--2404},
  year={2023},
  publisher={IEEE}
}

@article{zhang2022optimal,
  title={Optimal Comparator Adaptive Online Learning with Switching Cost},
  author={Zhang, Zhiyu and Cutkosky, Ashok and Paschalidis, Ioannis Ch.},
  journal={Advances in Neural Information Processing Systems},
  volume={35},
  pages={23936--23950},
  year={2022}
}

@inproceedings{peng2023online,
  title={Online prediction in sub-linear space},
  author={Peng, Binghui and Zhang, Fred},
  booktitle={Proceedings of the 2023 Annual ACM-SIAM Symposium on Discrete Algorithms (SODA)},
  pages={1611--1634},
  year={2023},
  organization={SIAM}
}

@article{alquier2021user,
  title={User-friendly introduction to PAC-Bayes bounds},
  author={Alquier, Pierre},
  journal={arXiv preprint arXiv:2110.11216},
  year={2021}
}

@book{sutton2018reinforcement,
  title={Reinforcement learning: An introduction},
  author={Sutton, Richard S and Barto, Andrew G},
  year={2018},
  publisher={MIT press}
}

@inproceedings{zhang2022pde,
  title={{PDE}-based optimal strategy for unconstrained online learning},
  author={Zhang, Zhiyu and Cutkosky, Ashok and Paschalidis, Ioannis Ch.},
  booktitle={International Conference on Machine Learning},
  pages={26085--26115},
  year={2022},
  organization={PMLR}
}

@article{gu2020hippo,
  title={Hippo: Recurrent memory with optimal polynomial projections},
  author={Gu, Albert and Dao, Tri and Ermon, Stefano and Rudra, Atri and R{\'e}, Christopher},
  journal={Advances in neural information processing systems},
  volume={33},
  pages={1474--1487},
  year={2020}
}

@article{duchi2011adaptive,
  title={Adaptive subgradient methods for online learning and stochastic optimization.},
  author={Duchi, John and Hazan, Elad and Singer, Yoram},
  journal={Journal of machine learning research},
  volume={12},
  number={7},
  year={2011}
}

@inproceedings{geulen2010regret,
  title={Regret Minimization for Online Buffering Problems Using the Weighted Majority Algorithm.},
  author={Geulen, Sascha and V{\"o}cking, Berthold and Winkler, Melanie},
  booktitle={COLT},
  pages={132--143},
  year={2010},
  organization={Citeseer}
}

@inproceedings{bhatnagar2023improved,
  title={Improved online conformal prediction via strongly adaptive online learning},
  author={Bhatnagar, Aadyot and Wang, Huan and Xiong, Caiming and Bai, Yu},
  booktitle={International Conference on Machine Learning},
  pages={2337--2363},
  year={2023},
  organization={PMLR}
}

@article{gibbs2021adaptive,
  title={Adaptive conformal inference under distribution shift},
  author={Gibbs, Isaac and Candes, Emmanuel},
  journal={Advances in Neural Information Processing Systems},
  volume={34},
  pages={1660--1672},
  year={2021}
}

@article{angelopoulos2024online,
  title={Online conformal prediction with decaying step sizes},
  author={Angelopoulos, Anastasios N and Barber, Rina Foygel and Bates, Stephen},
  journal={arXiv preprint arXiv:2402.01139},
  year={2024}
}

@article{bastani2022practical,
  title={Practical adversarial multivalid conformal prediction},
  author={Bastani, Osbert and Gupta, Varun and Jung, Christopher and Noarov, Georgy and Ramalingam, Ramya and Roth, Aaron},
  journal={Advances in Neural Information Processing Systems},
  volume={35},
  pages={29362--29373},
  year={2022}
}

@article{zhang2024discounted,
  title={Discounted Adaptive Online Prediction},
  author={Zhang, Zhiyu and Bombara, David and Yang, Heng},
  journal={arXiv preprint arXiv:2402.02720},
  year={2024}
}

@inproceedings{karnin2016optimal,
  title={Optimal quantile approximation in streams},
  author={Karnin, Zohar and Lang, Kevin and Liberty, Edo},
  booktitle={2016 ieee 57th annual symposium on foundations of computer science (focs)},
  pages={71--78},
  year={2016},
  organization={IEEE}
}

@article{blackwell1956analog,
  title={An analog of the minimax theorem for vector payoffs},
  author={Blackwell, David},
  journal={Pacific Journal of Mathematics},
  volume={6},
  number={1},
  pages={1--8},
  year={1956},
  publisher={Mathematical Sciences Publishers}
}

@inproceedings{abernethy2011blackwell,
  title={Blackwell approachability and no-regret learning are equivalent},
  author={Abernethy, Jacob and Bartlett, Peter L and Hazan, Elad},
  booktitle={Proceedings of the 24th Annual Conference on Learning Theory},
  pages={27--46},
  year={2011},
  organization={JMLR Workshop and Conference Proceedings}
}

@article{shimkin2016online,
  title={An online convex optimization approach to Blackwell's approachability},
  author={Shimkin, Nahum},
  journal={Journal of Machine Learning Research},
  volume={17},
  number={129},
  pages={1--23},
  year={2016}
}

@article{lee2022online,
  title={Online minimax multiobjective optimization: Multicalibeating and other applications},
  author={Lee, Daniel and Noarov, Georgy and Pai, Mallesh and Roth, Aaron},
  journal={Advances in Neural Information Processing Systems},
  volume={35},
  pages={29051--29063},
  year={2022}
}

@inproceedings{dann2023pseudonorm,
  title={Pseudonorm Approachability and Applications to Regret Minimization},
  author={Dann, Christoph and Mansour, Yishay and Mohri, Mehryar and Schneider, Jon and Sivan, Balubramanian},
  booktitle={International Conference on Algorithmic Learning Theory},
  pages={471--509},
  year={2023},
  organization={PMLR}
}

@article{haghtalab2023calibrated,
  title={Calibrated stackelberg games: Learning optimal commitments against calibrated agents},
  author={Haghtalab, Nika and Podimata, Chara and Yang, Kunhe},
  journal={Advances in Neural Information Processing Systems},
  volume={36},
  year={2023}
}

@misc{roth2022uncertain,
  title={Uncertain: Modern topics in uncertainty estimation},
  author={Roth, Aaron},
  year={2022}
}

@inproceedings{hebert2018multicalibration,
  title={Multicalibration: Calibration for the (computationally-identifiable) masses},
  author={H{\'e}bert-Johnson, Ursula and Kim, Michael and Reingold, Omer and Rothblum, Guy},
  booktitle={International Conference on Machine Learning},
  pages={1939--1948},
  year={2018},
  organization={PMLR}
}

@inproceedings{blum2020advancing,
  title={Advancing Subgroup Fairness via Sleeping Experts},
  author={Blum, Avrim and Lykouris, Thodoris},
  booktitle={Innovations in Theoretical Computer Science Conference (ITCS)},
  volume={11},
  year={2020}
}

@article{noarov2023high,
  title={High-dimensional prediction for sequential decision making},
  author={Noarov, Georgy and Ramalingam, Ramya and Roth, Aaron and Xie, Stephan},
  journal={arXiv preprint arXiv:2310.17651},
  year={2023}
}

@article{haghtalab2023unifying,
  title={A unifying perspective on multi-calibration: Game dynamics for multi-objective learning},
  author={Haghtalab, Nika and Jordan, Michael and Zhao, Eric},
  journal={Advances in Neural Information Processing Systems},
  volume={36},
  year={2023}
}

@article{padalkar2023open,
  title={Open x-embodiment: Robotic learning datasets and rt-x models},
  author={Padalkar, Abhishek and Pooley, Acorn and Jain, Ajinkya and Bewley, Alex and Herzog, Alex and Irpan, Alex and Khazatsky, Alexander and Rai, Anant and Singh, Anikait and Brohan, Anthony and others},
  journal={arXiv preprint arXiv:2310.08864},
  year={2023}
}

@article{kim2024openvla,
  title={OpenVLA: An Open-Source Vision-Language-Action Model},
  author={Kim, Moo Jin and Pertsch, Karl and Karamcheti, Siddharth and Xiao, Ted and Balakrishna, Ashwin and Nair, Suraj and Rafailov, Rafael and Foster, Ethan and Lam, Grace and Sanketi, Pannag and others},
  journal={arXiv preprint arXiv:2406.09246},
  year={2024}
}

@article{team2024octo,
  title={Octo: An open-source generalist robot policy},
  author={Team, Octo Model and Ghosh, Dibya and Walke, Homer and Pertsch, Karl and Black, Kevin and Mees, Oier and Dasari, Sudeep and Hejna, Joey and Kreiman, Tobias and Xu, Charles and others},
  journal={arXiv preprint arXiv:2405.12213},
  year={2024}
}

@article{de2021continual,
  title={A continual learning survey: Defying forgetting in classification tasks},
  author={De Lange, Matthias and Aljundi, Rahaf and Masana, Marc and Parisot, Sarah and Jia, Xu and Leonardis, Ale{\v{s}} and Slabaugh, Gregory and Tuytelaars, Tinne},
  journal={IEEE transactions on pattern analysis and machine intelligence},
  volume={44},
  number={7},
  pages={3366--3385},
  year={2021},
  publisher={IEEE}
}

@article{hazan2023introduction,
  title={Introduction to Online Convex Optimization},
  author={Hazan, Elad},
  journal={arXiv preprint arXiv:1909.05207v3},
  year={2023}
}

@inproceedings{chen2021impossible,
  title={Impossible tuning made possible: A new expert algorithm and its applications},
  author={Chen, Liyu and Luo, Haipeng and Wei, Chen-Yu},
  booktitle={Conference on Learning Theory},
  pages={1216--1259},
  year={2021},
  organization={PMLR}
}

@inproceedings{gordon2008no,
  title={No-regret learning in convex games},
  author={Gordon, Geoffrey J and Greenwald, Amy and Marks, Casey},
  booktitle={International Conference on Machine Learning},
  pages={360--367},
  year={2008}
}

@article{blum2007external,
  title={From external to internal regret.},
  author={Blum, Avrim and Mansour, Yishay},
  journal={Journal of Machine Learning Research},
  volume={8},
  number={6},
  year={2007}
}

@article{foster1999regret,
  title={Regret in the on-line decision problem},
  author={Foster, Dean P and Vohra, Rakesh},
  journal={Games and Economic Behavior},
  volume={29},
  number={1-2},
  pages={7--35},
  year={1999},
  publisher={Elsevier}
}

@inproceedings{peng2024fast,
  title={Fast swap regret minimization and applications to approximate correlated equilibria},
  author={Peng, Binghui and Rubinstein, Aviad},
  booktitle={Proceedings of the 56th Annual ACM Symposium on Theory of Computing},
  pages={1223--1234},
  year={2024}
}

@inproceedings{dagan2024external,
  title={From External to Swap Regret 2.0: An Efficient Reduction for Large Action Spaces},
  author={Dagan, Yuval and Daskalakis, Constantinos and Fishelson, Maxwell and Golowich, Noah},
  booktitle={Proceedings of the 56th Annual ACM Symposium on Theory of Computing},
  pages={1216--1222},
  year={2024}
}

@article{wang2023information,
  title={Information divergences of Markov chains and their applications},
  author={Wang, Youjia and Choi, Michael CH},
  journal={arXiv preprint arXiv:2312.04863},
  year={2023}
}

@inproceedings{luo2015achieving,
  title={Achieving all with no parameters: Ada{N}ormal{H}edge},
  author={Luo, Haipeng and Schapire, Robert E},
  booktitle={Conference on Learning Theory},
  pages={1286--1304},
  year={2015},
  organization={PMLR}
}

@inproceedings{zhang2024improving,
  title={Improving adaptive online learning using refined discretization},
  author={Zhang, Zhiyu and Yang, Heng and Cutkosky, Ashok and Paschalidis, Ioannis Ch.},
  booktitle={International Conference on Algorithmic Learning Theory},
  pages={1208--1233},
  year={2024},
  organization={PMLR}
}

@article{jacobsen2024equivalence,
  title={An Equivalence Between Static and Dynamic Regret Minimization},
  author={Jacobsen, Andrew and Orabona, Francesco},
  journal={Advances in Neural Information Processing Systems},
  volume={37},
  year={2024}
}

@article{deng2019strategizing,
  title={Strategizing against no-regret learners},
  author={Deng, Yuan and Schneider, Jon and Sivan, Balasubramanian},
  journal={Advances in neural information processing systems},
  volume={32},
  year={2019}
}

@article{ito2020tight,
  title={A tight lower bound and efficient reduction for swap regret},
  author={Ito, Shinji},
  journal={Advances in Neural Information Processing Systems},
  volume={33},
  pages={18550--18559},
  year={2020}
}

@book{cutkosky2018algorithms,
  title={Algorithms and Lower Bounds for Parameter-free Online Learning},
  author={Cutkosky, Ashok},
  year={2018},
  publisher={Stanford University}
}

@article{stoltz2005internal,
  title={Internal regret in on-line portfolio selection},
  author={Stoltz, Gilles and Lugosi, G{\'a}bor},
  journal={Machine Learning},
  volume={59},
  pages={125--159},
  year={2005},
  publisher={Springer}
}

@article{arora2012multiplicative,
  title={The multiplicative weights update method: a meta-algorithm and applications},
  author={Arora, Sanjeev and Hazan, Elad and Kale, Satyen},
  journal={Theory of computing},
  volume={8},
  number={1},
  pages={121--164},
  year={2012},
  publisher={Theory of Computing Exchange}
}

@article{cesa1997use,
  title={How to use expert advice},
  author={Cesa-Bianchi, Nicolo and Freund, Yoav and Haussler, David and Helmbold, David P and Schapire, Robert E and Warmuth, Manfred K},
  journal={Journal of the ACM},
  volume={44},
  number={3},
  pages={427--485},
  year={1997},
  publisher={ACM New York, NY, USA}
}

@article{stoltz2007learning,
  title={Learning correlated equilibria in games with compact sets of strategies},
  author={Stoltz, Gilles and Lugosi, G{\'a}bor},
  journal={Games and Economic Behavior},
  volume={59},
  number={1},
  pages={187--208},
  year={2007},
  publisher={Elsevier}
}

@article{chaudhuri2009parameter,
  title={A parameter-free hedging algorithm},
  author={Chaudhuri, Kamalika and Freund, Yoav and Hsu, Daniel J},
  journal={Advances in Neural Information Processing Systems},
  volume={22},
  year={2009}
}

@article{negrea2021minimax,
  title={Minimax optimal quantile and semi-adversarial regret via root-logarithmic regularizers},
  author={Negrea, Jeffrey and Bilodeau, Blair and Campolongo, Nicol{\`o} and Orabona, Francesco and Roy, Dan},
  journal={Advances in Neural Information Processing Systems},
  volume={34},
  pages={26237--26249},
  year={2021}
}

@article{baby2019online,
  title={Online forecasting of total-variation-bounded sequences},
  author={Baby, Dheeraj and Wang, Yu-Xiang},
  journal={Advances in Neural Information Processing Systems},
  volume={32},
  year={2019}
}

@inproceedings{greenwald2003general,
  title={A general class of no-regret learning algorithms and game-theoretic equilibria},
  author={Greenwald, Amy and Jafari, Amir},
  booktitle={Learning Theory and Kernel Machines: 16th Annual Conference on Learning Theory and 7th Kernel Workshop},
  pages={2--12},
  year={2003},
  organization={Springer}
}

@article{zhang2023unconstrained,
  title={Unconstrained dynamic regret via sparse coding},
  author={Zhang, Zhiyu and Cutkosky, Ashok and Paschalidis, Ioannis Ch.},
  journal={Advances in Neural Information Processing Systems},
  volume={36},
  year={2023}
}

@inproceedings{rakhlin2011online,
  title={Online learning: Beyond regret},
  author={Rakhlin, Alexander and Sridharan, Karthik and Tewari, Ambuj},
  booktitle={Conference on Learning Theory},
  pages={559--594},
  year={2011}
}

@article{cai2024tractable,
  title={On Tractable {$\Phi$}-Equilibria in Non-Concave Games},
  author={Cai, Yang and Daskalakis, Constantinos and Luo, Haipeng and Wei, Chen-Yu and Zheng, Weiqiang},
  journal={Advances in Neural Information Processing Systems},
  volume={37},
  year={2024}
}

@article{piliouras2022evolutionary,
  title={Evolutionary dynamics and phi-regret minimization in games},
  author={Piliouras, Georgios and Rowland, Mark and Omidshafiei, Shayegan and Elie, Romuald and Hennes, Daniel and Connor, Jerome and Tuyls, Karl},
  journal={Journal of Artificial Intelligence Research},
  volume={74},
  pages={1125--1158},
  year={2022}
}

@inproceedings{bernasconi2023constrained,
  title={Constrained phi-equilibria},
  author={Bernasconi, Martino and Castiglioni, Matteo and Marchesi, Alberto and Trovo, Francesco and Gatti, Nicola},
  booktitle={International Conference on Machine Learning},
  pages={2184--2205},
  year={2023},
  organization={PMLR}
}

@article{zhang2024efficient,
  title={Efficient {$\Phi$}-Regret Minimization with Low-Degree Swap Deviations in Extensive-Form Games},
  author={Zhang, Brian Hu and Anagnostides, Ioannis and Farina, Gabriele and Sandholm, Tuomas},
  journal={Advances in Neural Information Processing Systems},
  volume={37},
  year={2024}
}

@article{lehrer2003wide,
  title={A wide range no-regret theorem},
  author={Lehrer, Ehud},
  journal={Games and Economic Behavior},
  volume={42},
  number={1},
  pages={101--115},
  year={2003},
  publisher={Elsevier}
}

@article{perchet2015exponential,
  title={Exponential weight approachability, applications to calibration and regret minimization},
  author={Perchet, Vianney},
  journal={Dynamic Games and Applications},
  volume={5},
  pages={136--153},
  year={2015},
  publisher={Springer}
}