@inproceedings{long2015learning,
  title={Learning transferable features with deep adaptation networks},
  author={Long, Mingsheng and Cao, Yue and Wang, Jianmin and Jordan, Michael},
  booktitle={International conference on machine learning},
  pages={97--105},
  year={2015},
  organization={PMLR}
}

@article{long2016unsupervised,
  title={Unsupervised domain adaptation with residual transfer networks},
  author={Long, Mingsheng and Zhu, Han and Wang, Jianmin and Jordan, Michael I},
  journal={Advances in neural information processing systems},
  volume={29},
  year={2016}
}

@inproceedings{long2017deep,
  title={Deep transfer learning with joint adaptation networks},
  author={Long, Mingsheng and Zhu, Han and Wang, Jianmin and Jordan, Michael I},
  booktitle={International conference on machine learning},
  pages={2208--2217},
  year={2017},
  organization={PMLR}
}


@inproceedings{sankaranarayanan2018generate,
  title={Generate to adapt: Aligning domains using generative adversarial networks},
  author={Sankaranarayanan, Swami and Balaji, Yogesh and Castillo, Carlos D and Chellappa, Rama},
  booktitle={Proceedings of the IEEE conference on computer vision and pattern recognition},
  pages={8503--8512},
  year={2018}
}


@article{ganin2016domain,
  title={Domain-adversarial training of neural networks},
  author={Ganin, Yaroslav and Ustinova, Evgeniya and Ajakan, Hana and Germain, Pascal and Larochelle, Hugo and Laviolette, Fran{\c{c}}ois and March, Mario and Lempitsky, Victor},
  journal={Journal of machine learning research},
  volume={17},
  number={59},
  pages={1--35},
  year={2016}
}

@inproceedings{lee2019sliced,
  title={Sliced wasserstein discrepancy for unsupervised domain adaptation},
  author={Lee, Chen-Yu and Batra, Tanmay and Baig, Mohammad Haris and Ulbricht, Daniel},
  booktitle={Proceedings of the IEEE/CVF conference on computer vision and pattern recognition},
  pages={10285--10295},
  year={2019}
}

@inproceedings{tzeng2017adversarial,
  title={Adversarial discriminative domain adaptation},
  author={Tzeng, Eric and Hoffman, Judy and Saenko, Kate and Darrell, Trevor},
  booktitle={Proceedings of the IEEE conference on computer vision and pattern recognition},
  pages={7167--7176},
  year={2017}
}

@article{zhang2020unsupervised,
  title={Unsupervised multi-class domain adaptation: Theory, algorithms, and practice},
  author={Zhang, Yabin and Deng, Bin and Tang, Hui and Zhang, Lei and Jia, Kui},
  journal={IEEE Transactions on Pattern Analysis and Machine Intelligence},
  volume={44},
  number={5},
  pages={2775--2792},
  year={2020},
  publisher={IEEE}
}

@inproceedings{zhu2017unpaired,
  title={Unpaired image-to-image translation using cycle-consistent adversarial networks},
  author={Zhu, Jun-Yan and Park, Taesung and Isola, Phillip and Efros, Alexei A},
  booktitle={Proceedings of the IEEE international conference on computer vision},
  pages={2223--2232},
  year={2017}
}

@inproceedings{luo2008transfer,
  title={Transfer learning from multiple source domains via consensus regularization},
  author={Luo, Ping and Zhuang, Fuzhen and Xiong, Hui and Xiong, Yuhong and He, Qing},
  booktitle={Proceedings of the 17th ACM conference on Information and knowledge management},
  pages={103--112},
  year={2008}
}

@article{kumar2018co,
  title={Co-regularized alignment for unsupervised domain adaptation},
  author={Kumar, Abhishek and Sattigeri, Prasanna and Wadhawan, Kahini and Karlinsky, Leonid and Feris, Rogerio and Freeman, Bill and Wornell, Gregory},
  journal={Advances in neural information processing systems},
  volume={31},
  year={2018}
}

@inproceedings{saito2018maximum,
  title={Maximum classifier discrepancy for unsupervised domain adaptation},
  author={Saito, Kuniaki and Watanabe, Kohei and Ushiku, Yoshitaka and Harada, Tatsuya},
  booktitle={Proceedings of the IEEE conference on computer vision and pattern recognition},
  pages={3723--3732},
  year={2018}
}


@inproceedings{zhang2019domain,
  title={Domain-symmetric networks for adversarial domain adaptation},
  author={Zhang, Yabin and Tang, Hui and Jia, Kui and Tan, Mingkui},
  booktitle={Proceedings of the IEEE/CVF conference on computer vision and pattern recognition},
  pages={5031--5040},
  year={2019}
}

@inproceedings{luo2019taking,
  title={Taking a closer look at domain shift: Category-level adversaries for semantics consistent domain adaptation},
  author={Luo, Yawei and Zheng, Liang and Guan, Tao and Yu, Junqing and Yang, Yi},
  booktitle={Proceedings of the IEEE/CVF conference on computer vision and pattern recognition},
  pages={2507--2516},
  year={2019}
}

@article{zheng2021rectifying,
  title={Rectifying pseudo label learning via uncertainty estimation for domain adaptive semantic segmentation},
  author={Zheng, Zhedong and Yang, Yi},
  journal={International Journal of Computer Vision},
  volume={129},
  number={4},
  pages={1106--1120},
  year={2021},
  publisher={Springer}
}

@inproceedings{jiang2021regressive,
  title={Regressive domain adaptation for unsupervised keypoint detection},
  author={Jiang, Junguang and Ji, Yifei and Wang, Ximei and Liu, Yufeng and Wang, Jianmin and Long, Mingsheng},
  booktitle={Proceedings of the IEEE/CVF Conference on Computer Vision and Pattern Recognition},
  pages={6780--6789},
  year={2021}
}

@inproceedings{zhou2018unsupervised,
  title={Unsupervised domain adaptation for 3d keypoint estimation via view consistency},
  author={Zhou, Xingyi and Karpur, Arjun and Gan, Chuang and Luo, Linjie and Huang, Qixing},
  booktitle={Proceedings of the European conference on computer vision (ECCV)},
  pages={137--153},
  year={2018}
}


@inproceedings{chen2020harmonizing,
  title={Harmonizing transferability and discriminability for adapting object detectors},
  author={Chen, Chaoqi and Zheng, Zebiao and Ding, Xinghao and Huang, Yue and Dou, Qi},
  booktitle={Proceedings of the IEEE/CVF conference on computer vision and pattern recognition},
  pages={8869--8878},
  year={2020}
}


@inproceedings{he2020domain,
  title={Domain adaptive object detection via asymmetric tri-way faster-rcnn},
  author={He, Zhenwei and Zhang, Lei},
  booktitle={Computer Vision--ECCV 2020: 16th European Conference, Glasgow, UK, August 23--28, 2020, Proceedings, Part XXIV 16},
  pages={309--324},
  year={2020},
  organization={Springer}
}


@article{pei2024efficientvmamba,
  title={Efficientvmamba: Atrous selective scan for light weight visual mamba},
  author={Pei, Xiaohuan and Huang, Tao and Xu, Chang},
  journal={arXiv preprint arXiv:2403.09977},
  year={2024}
}

@article{zhu2024vision,
  title={Vision mamba: Efficient visual representation learning with bidirectional state space model},
  author={Zhu, Lianghui and Liao, Bencheng and Zhang, Qian and Wang, Xinlong and Liu, Wenyu and Wang, Xinggang},
  journal={arXiv preprint arXiv:2401.09417},
  year={2024}
}


@article{gu2021efficiently,
  title={Efficiently modeling long sequences with structured state spaces},
  author={Gu, Albert and Goel, Karan and R{\'e}, Christopher},
  journal={arXiv preprint arXiv:2111.00396},
  year={2021}
}

@article{gu2023mamba,
  title={Mamba: Linear-time sequence modeling with selective state spaces},
  author={Gu, Albert and Dao, Tri},
  journal={arXiv preprint arXiv:2312.00752},
  year={2023}
}

@article{nguyen2022s4nd,
  title={S4nd: Modeling images and videos as multidimensional signals with state spaces},
  author={Nguyen, Eric and Goel, Karan and Gu, Albert and Downs, Gordon and Shah, Preey and Dao, Tri and Baccus, Stephen and R{\'e}, Christopher},
  journal={Advances in neural information processing systems},
  volume={35},
  pages={2846--2861},
  year={2022}
}

@article{gu2021combining,
  title={Combining recurrent, convolutional, and continuous-time models with linear state space layers},
  author={Gu, Albert and Johnson, Isys and Goel, Karan and Saab, Khaled and Dao, Tri and Rudra, Atri and R{\'e}, Christopher},
  journal={Advances in neural information processing systems},
  volume={34},
  pages={572--585},
  year={2021}
}

@article{gupta2022diagonal,
  title={Diagonal state spaces are as effective as structured state spaces},
  author={Gupta, Ankit and Gu, Albert and Berant, Jonathan},
  journal={Advances in Neural Information Processing Systems},
  volume={35},
  pages={22982--22994},
  year={2022}
}

@article{li2022makes,
  title={What makes convolutional models great on long sequence modeling?},
  author={Li, Yuhong and Cai, Tianle and Zhang, Yi and Chen, Deming and Dey, Debadeepta},
  journal={arXiv preprint arXiv:2210.09298},
  year={2022}
}

@inproceedings{orvieto2023resurrecting,
  title={Resurrecting recurrent neural networks for long sequences},
  author={Orvieto, Antonio and Smith, Samuel L and Gu, Albert and Fernando, Anushan and Gulcehre, Caglar and Pascanu, Razvan and De, Soham},
  booktitle={International Conference on Machine Learning},
  pages={26670--26698},
  year={2023},
  organization={PMLR}
}

@inproceedings{sun2016deep,
  title={Deep coral: Correlation alignment for deep domain adaptation},
  author={Sun, Baochen and Saenko, Kate},
  booktitle={Computer Vision--ECCV 2016 Workshops: Amsterdam, The Netherlands, October 8-10 and 15-16, 2016, Proceedings, Part III 14},
  pages={443--450},
  year={2016},
  organization={Springer}
}


@inproceedings{chen2019progressive,
  title={Progressive feature alignment for unsupervised domain adaptation},
  author={Chen, Chaoqi and Xie, Weiping and Huang, Wenbing and Rong, Yu and Ding, Xinghao and Huang, Yue and Xu, Tingyang and Huang, Junzhou},
  booktitle={Proceedings of the IEEE/CVF conference on computer vision and pattern recognition},
  pages={627--636},
  year={2019}
}

@article{gonzalez2018image,
  title={Image-to-image translation for cross-domain disentanglement},
  author={Gonzalez-Garcia, Abel and Van De Weijer, Joost and Bengio, Yoshua},
  journal={Advances in neural information processing systems},
  volume={31},
  year={2018}
}

@article{deng2021domain,
  title={Domain attention consistency for multi-source domain adaptation},
  author={Deng, Zhongying and Zhou, Kaiyang and Yang, Yongxin and Xiang, Tao},
  journal={arXiv preprint arXiv:2111.03911},
  year={2021}
}

@inproceedings{girshick2014rich,
  title={Rich feature hierarchies for accurate object detection and semantic segmentation},
  author={Girshick, Ross and Donahue, Jeff and Darrell, Trevor and Malik, Jitendra},
  booktitle={Proceedings of the IEEE conference on computer vision and pattern recognition},
  pages={580--587},
  year={2014}
}

@inproceedings{redmon2016you,
  title={You only look once: Unified, real-time object detection},
  author={Redmon, Joseph and Divvala, Santosh and Girshick, Ross and Farhadi, Ali},
  booktitle={Proceedings of the IEEE conference on computer vision and pattern recognition},
  pages={779--788},
  year={2016}
}

@article{tian2022fully,
  title={Fully convolutional one-stage 3d object detection on lidar range images},
  author={Tian, Zhi and Chu, Xiangxiang and Wang, Xiaoming and Wei, Xiaolin and Shen, Chunhua},
  journal={Advances in Neural Information Processing Systems},
  volume={35},
  pages={34899--34911},
  year={2022}
}

@article{ren2016faster,
  title={Faster R-CNN: Towards real-time object detection with region proposal networks},
  author={Ren, Shaoqing and He, Kaiming and Girshick, Ross and Sun, Jian},
  journal={IEEE transactions on pattern analysis and machine intelligence},
  volume={39},
  number={6},
  pages={1137--1149},
  year={2016},
  publisher={IEEE}
}



@inproceedings{vs2021mega,
  title={Mega-cda: Memory guided attention for category-aware unsupervised domain adaptive object detection},
  author={Vs, Vibashan and Gupta, Vikram and Oza, Poojan and Sindagi, Vishwanath A and Patel, Vishal M},
  booktitle={Proceedings of the IEEE/CVF Conference on Computer Vision and Pattern Recognition},
  pages={4516--4526},
  year={2021}
}

@inproceedings{ganin2015unsupervised,
  title={Unsupervised domain adaptation by backpropagation},
  author={Ganin, Yaroslav and Lempitsky, Victor},
  booktitle={International conference on machine learning},
  pages={1180--1189},
  year={2015},
  organization={PMLR}
}

@inproceedings{yu2022sc,
  title={Sc-uda: Style and content gaps aware unsupervised domain adaptation for object detection},
  author={Yu, Fuxun and Wang, Di and Chen, Yinpeng and Karianakis, Nikolaos and Shen, Tong and Yu, Pei and Lymberopoulos, Dimitrios and Lu, Sidi and Shi, Weisong and Chen, Xiang},
  booktitle={Proceedings of the IEEE/CVF Winter Conference on Applications of Computer Vision},
  pages={382--391},
  year={2022}
}



@inproceedings{vs2023instance,
  title={Instance relation graph guided source-free domain adaptive object detection},
  author={VS, Vibashan and Oza, Poojan and Patel, Vishal M},
  booktitle={Proceedings of the IEEE/CVF Conference on Computer Vision and Pattern Recognition},
  pages={3520--3530},
  year={2023}
}

@article{zhang2017mixup,
  title={mixup: Beyond empirical risk minimization},
  author={Zhang, Hongyi},
  journal={arXiv preprint arXiv:1710.09412},
  year={2017}
}

@inproceedings{yun2019cutmix,
  title={Cutmix: Regularization strategy to train strong classifiers with localizable features},
  author={Yun, Sangdoo and Han, Dongyoon and Oh, Seong Joon and Chun, Sanghyuk and Choe, Junsuk and Yoo, Youngjoon},
  booktitle={Proceedings of the IEEE/CVF international conference on computer vision},
  pages={6023--6032},
  year={2019}
}

@article{hendrycks2019augmix,
  title={Augmix: A simple data processing method to improve robustness and uncertainty},
  author={Hendrycks, Dan and Mu, Norman and Cubuk, Ekin D and Zoph, Barret and Gilmer, Justin and Lakshminarayanan, Balaji},
  journal={arXiv preprint arXiv:1912.02781},
  year={2019}
}

@inproceedings{wu2020dual,
  title={Dual mixup regularized learning for adversarial domain adaptation},
  author={Wu, Yuan and Inkpen, Diana and El-Roby, Ahmed},
  booktitle={Computer Vision--ECCV 2020: 16th European Conference, Glasgow, UK, August 23--28, 2020, Proceedings, Part XXIX 16},
  pages={540--555},
  year={2020},
  organization={Springer}
}

@article{mao2019virtual,
  title={Virtual mixup training for unsupervised domain adaptation},
  author={Mao, Xudong and Ma, Yun and Yang, Zhenguo and Chen, Yangbin and Li, Qing},
  journal={arXiv preprint arXiv:1905.04215},
  year={2019}
}

@article{french2019semi,
  title={Semi-supervised semantic segmentation needs strong, varied perturbations},
  author={French, Geoff and Laine, Samuli and Aila, Timo and Mackiewicz, Michal and Finlayson, Graham},
  journal={arXiv preprint arXiv:1906.01916},
  year={2019}
}

@inproceedings{olsson2021classmix,
  title={Classmix: Segmentation-based data augmentation for semi-supervised learning},
  author={Olsson, Viktor and Tranheden, Wilhelm and Pinto, Juliano and Svensson, Lennart},
  booktitle={Proceedings of the IEEE/CVF winter conference on applications of computer vision},
  pages={1369--1378},
  year={2021}
}

@article{kim2020structured,
  title={Structured consistency loss for semi-supervised semantic segmentation},
  author={Kim, Jongmok and Jang, Jooyoung and Park, Hyunwoo and Jeong, SeongAh},
  journal={arXiv preprint arXiv:2001.04647},
  year={2020}
}

@inproceedings{chen2019crdoco,
  title={Crdoco: Pixel-level domain transfer with cross-domain consistency},
  author={Chen, Yun-Chun and Lin, Yen-Yu and Yang, Ming-Hsuan and Huang, Jia-Bin},
  booktitle={Proceedings of the IEEE/CVF conference on computer vision and pattern recognition},
  pages={1791--1800},
  year={2019}
}

@inproceedings{tian2021knowledge,
  title={Knowledge mining and transferring for domain adaptive object detection},
  author={Tian, Kun and Zhang, Chenghao and Wang, Ying and Xiang, Shiming and Pan, Chunhong},
  booktitle={Proceedings of the IEEE/CVF International Conference on Computer Vision},
  pages={9133--9142},
  year={2021}
}

@inproceedings{xu2020cross,
  title={Cross-domain detection via graph-induced prototype alignment},
  author={Xu, Minghao and Wang, Hang and Ni, Bingbing and Tian, Qi and Zhang, Wenjun},
  booktitle={Proceedings of the IEEE/CVF Conference on Computer Vision and Pattern Recognition},
  pages={12355--12364},
  year={2020}
}

@inproceedings{zhang2021rpn,
  title={Rpn prototype alignment for domain adaptive object detector},
  author={Zhang, Yixin and Wang, Zilei and Mao, Yushi},
  booktitle={Proceedings of the IEEE/CVF conference on computer vision and pattern recognition},
  pages={12425--12434},
  year={2021}
}

@inproceedings{zheng2020cross,
  title={Cross-domain object detection through coarse-to-fine feature adaptation},
  author={Zheng, Yangtao and Huang, Di and Liu, Songtao and Wang, Yunhong},
  booktitle={Proceedings of the IEEE/CVF conference on computer vision and pattern recognition},
  pages={13766--13775},
  year={2020}
}


@article{Chen2018DomainAF,
	title={Domain Adaptive Faster R-CNN for Object Detection in the Wild},
	author={Yuhua Chen and Wen Li and Christos Sakaridis and Dengxin Dai and Luc Van Gool},
	journal={2018 IEEE Conference on Computer Vision and Pattern Recognition},
	year={2018},
	pages={3339-3348}
}


@inproceedings{zhu2019adapting,
  title={Adapting object detectors via selective cross-domain alignment},
  author={Zhu, Xinge and Pang, Jiangmiao and Yang, Ceyuan and Shi, Jianping and Lin, Dahua},
  booktitle={Proceedings of the IEEE/CVF Conference on Computer Vision and Pattern Recognition},
  pages={687--696},
  year={2019}
}

@inproceedings{he2019multi,
  title={Multi-adversarial faster-rcnn for unrestricted object detection},
  author={He, Zhenwei and Zhang, Lei},
  booktitle={Proceedings of the IEEE International Conference on Computer Vision},
  pages={6668--6677},
  year={2019}
}

@inproceedings{yao2021cross,
  title={Cross-iteration batch normalization},
  author={Yao, Zhuliang and Cao, Yue and Zheng, Shuxin and Huang, Gao and Lin, Stephen},
  booktitle={Proceedings of the IEEE/CVF Conference on Computer Vision and Pattern Recognition},
  pages={12331--12340},
  year={2021}
}


@inproceedings{khodabandeh2019robust,
  title={A robust learning approach to domain adaptive object detection},
  author={Khodabandeh, Mehran and Vahdat, Arash and Ranjbar, Mani and Macready, William G},
  booktitle={Proceedings of the IEEE/CVF International Conference on Computer Vision},
  pages={480--490},
  year={2019}
}

@inproceedings{deng2021unbiased,
  title={Unbiased mean teacher for cross-domain object detection},
  author={Deng, Jinhong and Li, Wen and Chen, Yuhua and Duan, Lixin},
  booktitle={Proceedings of the IEEE/CVF Conference on Computer Vision and Pattern Recognition},
  pages={4091--4101},
  year={2021}
}

@inproceedings{kuznietsov2022towards,
  title={Towards Unsupervised Online Domain Adaptation for Semantic Segmentation},
  author={Kuznietsov, Yevhen and Proesmans, Marc and Van Gool, Luc},
  booktitle={Proceedings of the IEEE/CVF Winter Conference on Applications of Computer Vision},
  pages={261--271},
  year={2022}
}

@inproceedings{cai2019exploring,
	title={Exploring Object Relation in Mean Teacher for Cross-Domain Detection},
	author={Cai, Qi and Pan, Yingwei and Ngo, Chong-Wah and Tian, Xinmei and Duan, Lingyu and Yao, Ting},
	booktitle={Proceedings of the IEEE Conference on Computer Vision and Pattern Recognition},
	pages={11457--11466},
	year={2019}
}


@inproceedings{su2020adapting,
  title={Adapting object detectors with conditional domain normalization},
  author={Su, Peng and Wang, Kun and Zeng, Xingyu and Tang, Shixiang and Chen, Dapeng and Qiu, Di and Wang, Xiaogang},
  booktitle={Computer Vision--ECCV 2020: 16th European Conference, Glasgow, UK, August 23--28, 2020, Proceedings, Part XI 16},
  pages={403--419},
  year={2020},
  organization={Springer}
}

@inproceedings{zhao2020collaborative,
  title={Collaborative training between region proposal localization and classification for domain adaptive object detection},
  author={Zhao, Ganlong and Li, Guanbin and Xu, Ruijia and Lin, Liang},
  booktitle={European Conference on Computer Vision},
  pages={86--102},
  year={2020},
  organization={Springer}
}

@inproceedings{hsu2020every,
  title={Every pixel matters: Center-aware feature alignment for domain adaptive object detector},
  author={Hsu, Cheng-Chun and Tsai, Yi-Hsuan and Lin, Yen-Yu and Yang, Ming-Hsuan},
  booktitle={European Conference on Computer Vision},
  pages={733--748},
  year={2020},
  organization={Springer}
}

@inproceedings{zhuang2020ifan,
  title={ifan: Image-instance full alignment networks for adaptive object detection},
  author={Zhuang, Chenfan and Han, Xintong and Huang, Weilin and Scott, Matthew},
  booktitle={Proceedings of the AAAI Conference on Artificial Intelligence},
  volume={34},
  number={07},
  pages={13122--13129},
  year={2020}
}

@inproceedings{hsu2020progressive,
  title={Progressive domain adaptation for object detection},
  author={Hsu, Han-Kai and Yao, Chun-Han and Tsai, Yi-Hsuan and Hung, Wei-Chih and Tseng, Hung-Yu and Singh, Maneesh and Yang, Ming-Hsuan},
  booktitle={Proceedings of the IEEE/CVF Winter Conference on Applications of Computer Vision},
  pages={749--757},
  year={2020}
}

@article{li2020free,
  title={A free lunch for unsupervised domain adaptive object detection without source data},
  author={Li, Xianfeng and Chen, Weijie and Xie, Di and Yang, Shicai and Yuan, Peng and Pu, Shiliang and Zhuang, Yueting},
  journal={arXiv preprint arXiv:2012.05400},
  year={2020}
}

@inproceedings{kim2019diversify,
	title={Diversify and Match: A Domain Adaptive Representation Learning Paradigm for Object Detection},
	author={Kim, Taekyung and Jeong, Minki and Kim, Seunghyeon and Choi, Seokeon and Kim, Changick},
	booktitle={Proceedings of the IEEE Conference on Computer Vision and Pattern Recognition},
	pages={12456--12465},
	year={2019}
}

@inproceedings{inoue2018cross,
  title={Cross-domain weakly-supervised object detection through progressive domain adaptation},
  author={Inoue, Naoto and Furuta, Ryosuke and Yamasaki, Toshihiko and Aizawa, Kiyoharu},
  booktitle={Proceedings of the IEEE conference on computer vision and pattern recognition},
  pages={5001--5009},
  year={2018}
}

@article{wang2020tent,
  title={Tent: Fully test-time adaptation by entropy minimization},
  author={Wang, Dequan and Shelhamer, Evan and Liu, Shaoteng and Olshausen, Bruno and Darrell, Trevor},
  journal={arXiv preprint arXiv:2006.10726},
  year={2020}
}

@inproceedings{sun2020test,
  title={Test-time training with self-supervision for generalization under distribution shifts},
  author={Sun, Yu and Wang, Xiaolong and Liu, Zhuang and Miller, John and Efros, Alexei and Hardt, Moritz},
  booktitle={International Conference on Machine Learning},
  pages={9229--9248},
  year={2020},
  organization={PMLR}
}

@inproceedings{li2020model,
  title={Model adaptation: Unsupervised domain adaptation without source data},
  author={Li, Rui and Jiao, Qianfen and Cao, Wenming and Wong, Hau-San and Wu, Si},
  booktitle={Proceedings of the IEEE/CVF Conference on Computer Vision and Pattern Recognition},
  pages={9641--9650},
  year={2020}
}

@inproceedings{kundu2021generalize,
  title={Generalize then Adapt: Source-Free Domain Adaptive Semantic Segmentation},
  author={Kundu, Jogendra Nath and Kulkarni, Akshay and Singh, Amit and Jampani, Varun and Babu, R Venkatesh},
  booktitle={Proceedings of the IEEE/CVF International Conference on Computer Vision},
  pages={7046--7056},
  year={2021}
}

@inproceedings{chen2020simple,
  title={A simple framework for contrastive learning of visual representations},
  author={Chen, Ting and Kornblith, Simon and Norouzi, Mohammad and Hinton, Geoffrey},
  booktitle={International conference on machine learning},
  pages={1597--1607},
  year={2020},
  organization={PMLR}
}

@inproceedings{ren2015faster,
	title={Faster r-cnn: Towards real-time object detection with region proposal networks},
	author={Ren, Shaoqing and He, Kaiming and Girshick, Ross and Sun, Jian},
	booktitle={Advances in neural information processing systems},
	pages={91--99},
	year={2015}
}


@inproceedings{
wang2021tent,
title={Tent: Fully Test-Time Adaptation by Entropy Minimization},
author={Dequan Wang and Evan Shelhamer and Shaoteng Liu and Bruno Olshausen and Trevor Darrell},
booktitle={International Conference on Learning Representations},
year={2021},
url={https://openreview.net/forum?id=uXl3bZLkr3c}
}


@article{szegedy2013intriguing,
  title={Intriguing properties of neural networks},
  author={Szegedy, Christian and Zaremba, Wojciech and Sutskever, Ilya and Bruna, Joan and Erhan, Dumitru and Goodfellow, Ian and Fergus, Rob},
  journal={arXiv preprint arXiv:1312.6199},
  year={2013}
}

@article{hendrycks2019benchmarking,
  title={Benchmarking neural network robustness to common corruptions and perturbations},
  author={Hendrycks, Dan and Dietterich, Thomas},
  journal={arXiv preprint arXiv:1903.12261},
  year={2019}
}

@article{ben2010theory,
  title={A theory of learning from different domains},
  author={Ben-David, Shai and Blitzer, John and Crammer, Koby and Kulesza, Alex and Pereira, Fernando and Vaughan, Jennifer Wortman},
  journal={Machine learning},
  volume={79},
  number={1},
  pages={151--175},
  year={2010},
  publisher={Springer}
}

@inproceedings{recht2019imagenet,
  title={Do imagenet classifiers generalize to imagenet?},
  author={Recht, Benjamin and Roelofs, Rebecca and Schmidt, Ludwig and Shankar, Vaishaal},
  booktitle={International Conference on Machine Learning},
  pages={5389--5400},
  year={2019},
  organization={PMLR}
}

@article{geirhos2018generalisation,
  title={Generalisation in humans and deep neural networks},
  author={Geirhos, Robert and Temme, Carlos R Medina and Rauber, Jonas and Sch{\"u}tt, Heiko H and Bethge, Matthias and Wichmann, Felix A},
  journal={arXiv preprint arXiv:1808.08750},
  year={2018}
}

@inproceedings{long2015fully,
  title={Fully convolutional networks for semantic segmentation},
  author={Long, Jonathan and Shelhamer, Evan and Darrell, Trevor},
  booktitle={Proceedings of the IEEE conference on computer vision and pattern recognition},
  pages={3431--3440},
  year={2015}
}

@article{badrinarayanan2017segnet,
  title={Segnet: A deep convolutional encoder-decoder architecture for image segmentation},
  author={Badrinarayanan, Vijay and Kendall, Alex and Cipolla, Roberto},
  journal={IEEE transactions on pattern analysis and machine intelligence},
  volume={39},
  number={12},
  pages={2481--2495},
  year={2017},
  publisher={IEEE}
}

@inproceedings{zhao2017pyramid,
  title={Pyramid scene parsing network},
  author={Zhao, Hengshuang and Shi, Jianping and Qi, Xiaojuan and Wang, Xiaogang and Jia, Jiaya},
  booktitle={Proceedings of the IEEE conference on computer vision and pattern recognition},
  pages={2881--2890},
  year={2017}
}

@article{sun2019high,
  title={High-resolution representations for labeling pixels and regions},
  author={Sun, Ke and Zhao, Yang and Jiang, Borui and Cheng, Tianheng and Xiao, Bin and Liu, Dong and Mu, Yadong and Wang, Xinggang and Liu, Wenyu and Wang, Jingdong},
  journal={arXiv preprint arXiv:1904.04514},
  year={2019}
}


@article{zou2019object,
  title={Object detection in 20 years: A survey},
  author={Zou, Zhengxia and Shi, Zhenwei and Guo, Yuhong and Ye, Jieping},
  journal={arXiv preprint arXiv:1905.05055},
  year={2019}
}

@article{liu2020deep,
  title={Deep learning for generic object detection: A survey},
  author={Liu, Li and Ouyang, Wanli and Wang, Xiaogang and Fieguth, Paul and Chen, Jie and Liu, Xinwang and Pietik{\"a}inen, Matti},
  journal={International journal of computer vision},
  volume={128},
  number={2},
  pages={261--318},
  year={2020},
  publisher={Springer}
}


@article{jiao2019survey,
  title={A survey of deep learning-based object detection},
  author={Jiao, Licheng and Zhang, Fan and Liu, Fang and Yang, Shuyuan and Li, Lingling and Feng, Zhixi and Qu, Rong},
  journal={IEEE access},
  volume={7},
  pages={128837--128868},
  year={2019},
  publisher={IEEE}
}




@inproceedings{liu2016ssd,
	title={Ssd: Single shot multibox detector},
	author={Liu, Wei and Anguelov, Dragomir and Erhan, Dumitru and Szegedy, Christian and Reed, Scott and Fu, Cheng-Yang and Berg, Alexander C},
	booktitle={European conference on computer vision},
	pages={21--37},
	year={2016},
	organization={Springer}
}

@inproceedings{lin2017focal,
  title={Focal loss for dense object detection},
  author={Lin, Tsung-Yi and Goyal, Priya and Girshick, Ross and He, Kaiming and Doll{\'a}r, Piotr},
  booktitle={Proceedings of the IEEE international conference on computer vision},
  pages={2980--2988},
  year={2017}
}

@inproceedings{duan2019centernet,
  title={Centernet: Keypoint triplets for object detection},
  author={Duan, Kaiwen and Bai, Song and Xie, Lingxi and Qi, Honggang and Huang, Qingming and Tian, Qi},
  booktitle={Proceedings of the IEEE/CVF International Conference on Computer Vision},
  pages={6569--6578},
  year={2019}
}

@article{krizhevsky2012imagenet,
  title={Imagenet classification with deep convolutional neural networks},
  author={Krizhevsky, Alex and Sutskever, Ilya and Hinton, Geoffrey E},
  journal={Advances in neural information processing systems},
  volume={25},
  pages={1097--1105},
  year={2012}
}

@article{everingham2010pascal,
	title={The pascal visual object classes (voc) challenge},
	author={Everingham, Mark and Van Gool, Luc and Williams, Christopher KI and Winn, John and Zisserman, Andrew},
	journal={International journal of computer vision},
	volume={88},
	number={2},
	pages={303--338},
	year={2010},
	publisher={Springer}
}


@inproceedings{lin2014microsoft,
	title={Microsoft coco: Common objects in context},
	author={Lin, Tsung-Yi and Maire, Michael and Belongie, Serge and Hays, James and Perona, Pietro and Ramanan, Deva and Doll{\'a}r, Piotr and Zitnick, C Lawrence},
	booktitle={European conference on computer vision},
	pages={740--755},
	year={2014},
	organization={Springer}
}


@inproceedings{cordts2016cityscapes,
	title={The cityscapes dataset for semantic urban scene understanding},
	author={Cordts, Marius and Omran, Mohamed and Ramos, Sebastian and Rehfeld, Timo and Enzweiler, Markus and Benenson, Rodrigo and Franke, Uwe and Roth, Stefan and Schiele, Bernt},
	booktitle={Proceedings of the IEEE conference on computer vision and pattern recognition},
	pages={3213--3223},
	year={2016}
}

@article{geiger2013vision,
	title={Vision meets robotics: The KITTI dataset},
	author={Geiger, Andreas and Lenz, Philip and Stiller, Christoph and Urtasun, Raquel},
	journal={The International Journal of Robotics Research},
	volume={32},
	number={11},
	pages={1231--1237},
	year={2013},
	publisher={Sage Publications Sage UK: London, England}
}

@article{johnson2016driving,
  title={Driving in the matrix: Can virtual worlds replace human-generated annotations for real world tasks?},
  author={Johnson-Roberson, Matthew and Barto, Charles and Mehta, Rounak and Sridhar, Sharath Nittur and Rosaen, Karl and Vasudevan, Ram},
  journal={arXiv preprint arXiv:1610.01983},
  year={2016}
}


@article{Sakaridis2018SemanticFS,
	title={Semantic Foggy Scene Understanding with Synthetic Data},
	author={Christos Sakaridis and Dengxin Dai and Luc Van Gool},
	journal={International Journal of Computer Vision},
	year={2018},
	volume={126},
	pages={973-992}
}


@inproceedings{yu2020bdd100k,
  title={Bdd100k: A diverse driving dataset for heterogeneous multitask learning},
  author={Yu, Fisher and Chen, Haofeng and Wang, Xin and Xian, Wenqi and Chen, Yingying and Liu, Fangchen and Madhavan, Vashisht and Darrell, Trevor},
  booktitle={Proceedings of the IEEE/CVF conference on computer vision and pattern recognition},
  pages={2636--2645},
  year={2020}
}



@article{simonyan2014very,
  title={Very deep convolutional networks for large-scale image recognition},
  author={Simonyan, Karen and Zisserman, Andrew},
  journal={arXiv preprint arXiv:1409.1556},
  year={2014}
}

@inproceedings{he2016deep,
  title={Deep residual learning for image recognition},
  author={He, Kaiming and Zhang, Xiangyu and Ren, Shaoqing and Sun, Jian},
  booktitle={Proceedings of the IEEE conference on computer vision and pattern recognition},
  pages={770--778},
  year={2016}
}

@article{dosovitskiy2020image,
  title={An image is worth 16x16 words: Transformers for image recognition at scale},
  author={Dosovitskiy, Alexey and Beyer, Lucas and Kolesnikov, Alexander and Weissenborn, Dirk and Zhai, Xiaohua and Unterthiner, Thomas and Dehghani, Mostafa and Minderer, Matthias and Heigold, Georg and Gelly, Sylvain and others},
  journal={arXiv preprint arXiv:2010.11929},
  year={2020}
}



@inproceedings{hoffman2018cycada,
	title={CyCADA: Cycle-Consistent Adversarial Domain Adaptation},
	author={Hoffman, Judy and Tzeng, Eric and Park, Taesung and Zhu, Jun-Yan and Isola, Phillip and Saenko, Kate and Efros, Alexei and Darrell, Trevor},
	booktitle={International Conference on Machine Learning},
	pages={1989--1998},
	year={2018}
}

@inproceedings{chen2017no,
  title={No more discrimination: Cross city adaptation of road scene segmenters},
  author={Chen, Yi-Hsin and Chen, Wei-Yu and Chen, Yu-Ting and Tsai, Bo-Cheng and Frank Wang, Yu-Chiang and Sun, Min},
  booktitle={Proceedings of the IEEE International Conference on Computer Vision},
  pages={1992--2001},
  year={2017}
}


@article{hoffman2016fcns,
	title={Fcns in the wild: Pixel-level adversarial and constraint-based adaptation},
	author={Hoffman, Judy and Wang, Dequan and Yu, Fisher and Darrell, Trevor},
	journal={arXiv preprint arXiv:1612.02649},
	year={2016}
}


@inproceedings{zou2018unsupervised,
	title={Unsupervised domain adaptation for semantic segmentation via class-balanced self-training},
	author={Zou, Yang and Yu, Zhiding and Kumar, BVK and Wang, Jinsong},
	booktitle={Proceedings of the European conference on computer vision (ECCV)},
	pages={289--305},
	year={2018}
}

@inproceedings{chen2018domain,
	title={Domain adaptive faster r-cnn for object detection in the wild},
	author={Chen, Yuhua and Li, Wen and Sakaridis, Christos and Dai, Dengxin and Van Gool, Luc},
	booktitle={Proceedings of the IEEE conference on computer vision and pattern recognition},
	pages={3339--3348},
	year={2018}
}


@inproceedings{saito2019strong,
	title={Strong-weak distribution alignment for adaptive object detection},
	author={Saito, Kuniaki and Ushiku, Yoshitaka and Harada, Tatsuya and Saenko, Kate},
	booktitle={Proceedings of the IEEE Conference on Computer Vision and Pattern Recognition},
	pages={6956--6965},
	year={2019}
}


@inproceedings{Sindagi_DA_Detection_ECCV2020,
    title={Prior-based domain adaptive object detection for hazy and rainy conditions},
    author={V. A. Sindagi and P. Oza nad R. Yasarla and V. M. Patel},
    booktitle={European Conference on Computer Vision (ECCV)},
    pages={},
    year={2020}
}


@inproceedings{roychowdhury2019automatic,
	title={Automatic adaptation of object detectors to new domains using self-training},
	author={RoyChowdhury, Aruni and Chakrabarty, Prithvijit and Singh, Ashish and Jin, SouYoung and Jiang, Huaizu and Cao, Liangliang and Learned-Miller, Erik},
	booktitle={Proceedings of the IEEE Conference on Computer Vision and Pattern Recognition},
	pages={780--790},
	year={2019}
}


@article{yang2020unsupervised,
  title={Unsupervised Domain Adaptation without Source Data by Casting a BAIT},
  author={Yang, Shiqi and Wang, Yaxing and van de Weijer, Joost and Herranz, Luis},
  journal={arXiv preprint arXiv:2010.12427},
  year={2020}
}



@article{wu2021instance,
  title={Instance-Invariant Domain Adaptive Object Detection via Progressive Disentanglement},
  author={Wu, Aming and Han, Yahong and Zhu, Linchao and Yang, Yi},
  journal={IEEE Transactions on Pattern Analysis and Machine Intelligence},
  year={2021},
  publisher={IEEE}
}

@inproceedings{xu2020exploring,
  title={Exploring categorical regularization for domain adaptive object detection},
  author={Xu, Chang-Dong and Zhao, Xing-Ran and Jin, Xin and Wei, Xiu-Shen},
  booktitle={Proceedings of the IEEE/CVF Conference on Computer Vision and Pattern Recognition},
  pages={11724--11733},
  year={2020}
}


@inproceedings{kim2019self,
  title={Self-training and adversarial background regularization for unsupervised domain adaptive one-stage object detection},
  author={Kim, Seunghyeon and Choi, Jaehoon and Kim, Taekyung and Kim, Changick},
  booktitle={Proceedings of the IEEE/CVF International Conference on Computer Vision},
  pages={6092--6101},
  year={2019}
}


@inproceedings{chen2021i3net,
  title={I3Net: Implicit Instance-Invariant Network for Adapting One-Stage Object Detectors},
  author={Chen, Chaoqi and Zheng, Zebiao and Huang, Yue and Ding, Xinghao and Yu, Yizhou},
  booktitle={Proceedings of the IEEE/CVF Conference on Computer Vision and Pattern Recognition},
  pages={12576--12585},
  year={2021}
}

@article{huang2021model,
  title={Model Adaptation: Historical Contrastive Learning for Unsupervised Domain Adaptation without Source Data},
  author={Huang, Jiaxing and Guan, Dayan and Xiao, Aoran and Lu, Shijian},
  journal={arXiv preprint arXiv:2110.03374},
  year={2021}
}


@inproceedings{kundu2020universal,
  title={Universal source-free domain adaptation},
  author={Kundu, Jogendra Nath and Venkat, Naveen and Babu, R Venkatesh and others},
  booktitle={Proceedings of the IEEE/CVF Conference on Computer Vision and Pattern Recognition},
  pages={4544--4553},
  year={2020}
}


@article{kim2021domain,
  title={Domain adaptation without source data},
  author={Kim, Youngeun and Cho, Donghyeon and Han, Kyeongtak and Panda, Priyadarshini and Hong, Sungeun},
  journal={IEEE Transactions on Artificial Intelligence},
  year={2021},
  publisher={IEEE}
}

@inproceedings{liu2021source,
  title={Source-free domain adaptation for semantic segmentation},
  author={Liu, Yuang and Zhang, Wei and Wang, Jun},
  booktitle={Proceedings of the IEEE/CVF Conference on Computer Vision and Pattern Recognition},
  pages={1215--1224},
  year={2021}
}


@inproceedings{xia2021adaptive,
  title={Adaptive Adversarial Network for Source-Free Domain Adaptation},
  author={Xia, Haifeng and Zhao, Handong and Ding, Zhengming},
  booktitle={Proceedings of the IEEE/CVF International Conference on Computer Vision},
  pages={9010--9019},
  year={2021}
}

@inproceedings{liang2020we,
  title={Do we really need to access the source data? source hypothesis transfer for unsupervised domain adaptation},
  author={Liang, Jian and Hu, Dapeng and Feng, Jiashi},
  booktitle={International Conference on Machine Learning},
  pages={6028--6039},
  year={2020},
  organization={PMLR}
}

@article{tarvainen2017mean,
  title={Mean teachers are better role models: Weight-averaged consistency targets improve semi-supervised deep learning results},
  author={Tarvainen, Antti and Valpola, Harri},
  journal={arXiv preprint arXiv:1703.01780},
  year={2017}
}

@article{sohn2020fixmatch,
  title={Fixmatch: Simplifying semi-supervised learning with consistency and confidence},
  author={Sohn, Kihyuk and Berthelot, David and Li, Chun-Liang and Zhang, Zizhao and Carlini, Nicholas and Cubuk, Ekin D and Kurakin, Alex and Zhang, Han and Raffel, Colin},
  journal={arXiv preprint arXiv:2001.07685},
  year={2020}
}

@article{liu2021unbiased,
  title={Unbiased teacher for semi-supervised object detection},
  author={Liu, Yen-Cheng and Ma, Chih-Yao and He, Zijian and Kuo, Chia-Wen and Chen, Kan and Zhang, Peizhao and Wu, Bichen and Kira, Zsolt and Vajda, Peter},
  journal={arXiv preprint arXiv:2102.09480},
  year={2021}
}

@inproceedings{wang2019distilling,
  title={Distilling object detectors with fine-grained feature imitation},
  author={Wang, Tao and Yuan, Li and Zhang, Xiaopeng and Feng, Jiashi},
  booktitle={Proceedings of the IEEE/CVF Conference on Computer Vision and Pattern Recognition},
  pages={4933--4942},
  year={2019}
}

@article{chen2020big,
  title={Big self-supervised models are strong semi-supervised learners},
  author={Chen, Ting and Kornblith, Simon and Swersky, Kevin and Norouzi, Mohammad and Hinton, Geoffrey},
  journal={arXiv preprint arXiv:2006.10029},
  year={2020}
}

@inproceedings{he2020momentum,
  title={Momentum contrast for unsupervised visual representation learning},
  author={He, Kaiming and Fan, Haoqi and Wu, Yuxin and Xie, Saining and Girshick, Ross},
  booktitle={Proceedings of the IEEE/CVF Conference on Computer Vision and Pattern Recognition},
  pages={9729--9738},
  year={2020}
}

@inproceedings{chopra2005learning,
  title={Learning a similarity metric discriminatively, with application to face verification},
  author={Chopra, Sumit and Hadsell, Raia and LeCun, Yann},
  booktitle={2005 IEEE Computer Society Conference on Computer Vision and Pattern Recognition (CVPR'05)},
  volume={1},
  pages={539--546},
  year={2005},
  organization={IEEE}
}

@inproceedings{wu2018unsupervised,
  title={Unsupervised feature learning via non-parametric instance discrimination},
  author={Wu, Zhirong and Xiong, Yuanjun and Yu, Stella X and Lin, Dahua},
  booktitle={Proceedings of the IEEE conference on computer vision and pattern recognition},
  pages={3733--3742},
  year={2018}
}

@article{khosla2020supervised,
  title={Supervised contrastive learning},
  author={Khosla, Prannay and Teterwak, Piotr and Wang, Chen and Sarna, Aaron and Tian, Yonglong and Isola, Phillip and Maschinot, Aaron and Liu, Ce and Krishnan, Dilip},
  journal={arXiv preprint arXiv:2004.11362},
  year={2020}
}

@article{cai2018comprehensive,
  title={A comprehensive survey of graph embedding: Problems, techniques, and applications},
  author={Cai, Hongyun and Zheng, Vincent W and Chang, Kevin Chen-Chuan},
  journal={IEEE Transactions on Knowledge and Data Engineering},
  volume={30},
  number={9},
  pages={1616--1637},
  year={2018},
  publisher={IEEE}
}

@inproceedings{wu2019simplifying,
  title={Simplifying graph convolutional networks},
  author={Wu, Felix and Souza, Amauri and Zhang, Tianyi and Fifty, Christopher and Yu, Tao and Weinberger, Kilian},
  booktitle={International conference on machine learning},
  pages={6861--6871},
  year={2019},
  organization={PMLR}
}

@article{zhang2020deep,
  title={Deep learning on graphs: A survey},
  author={Zhang, Ziwei and Cui, Peng and Zhu, Wenwu},
  journal={IEEE Transactions on Knowledge and Data Engineering},
  year={2020},
  publisher={IEEE}
}

@article{oord2018representation,
  title={Representation learning with contrastive predictive coding},
  author={Oord, Aaron van den and Li, Yazhe and Vinyals, Oriol},
  journal={arXiv preprint arXiv:1807.03748},
  year={2018}
}

@inproceedings{yang2021instance,
  title={Instance localization for self-supervised detection pretraining},
  author={Yang, Ceyuan and Wu, Zhirong and Zhou, Bolei and Lin, Stephen},
  booktitle={Proceedings of the IEEE/CVF Conference on Computer Vision and Pattern Recognition},
  pages={3987--3996},
  year={2021}
}

@inproceedings{jain2011online,
  title={Online domain adaptation of a pre-trained cascade of classifiers},
  author={Jain, Vidit and Learned-Miller, Erik},
  booktitle={CVPR 2011},
  pages={577--584},
  year={2011},
  organization={IEEE}
}

@article{michaelis2019benchmarking,
  title={Benchmarking robustness in object detection: Autonomous driving when winter is coming},
  author={Michaelis, Claudio and Mitzkus, Benjamin and Geirhos, Robert and Rusak, Evgenia and Bringmann, Oliver and Ecker, Alexander S and Bethge, Matthias and Brendel, Wieland},
  journal={arXiv preprint arXiv:1907.07484},
  year={2019}
}

@article{van2008visualizing,
  title={Visualizing data using t-SNE.},
  author={Van der Maaten, Laurens and Hinton, Geoffrey},
  journal={Journal of machine learning research},
  volume={9},
  number={11},
  year={2008}
}

@article{vs2022instance,
  title={Instance Relation Graph Guided Source-Free Domain Adaptive Object Detection},
  author={VS, Vibashan and Oza, Poojan and Patel, Vishal M},
  journal={arXiv preprint arXiv:2203.15793},
  year={2022}
}

@article{vs2022towards,
  title={Towards Online Domain Adaptive Object Detection},
  author={VS, Vibashan and Oza, Poojan and Patel, Vishal M},
  journal={arXiv preprint arXiv:2204.05289},
  year={2022}
}

@inproceedings{vs2022meta,
  title={Meta-UDA: Unsupervised Domain Adaptive Thermal Object Detection using Meta-Learning},
  author={Vs, Vibashan and Poster, Domenick and You, Suya and Hu, Shuowen and Patel, Vishal M},
  booktitle={Proceedings of the IEEE/CVF Winter Conference on Applications of Computer Vision},
  pages={1412--1423},
  year={2022}
}

@article{valanarasu2022fly,
  title={On-the-Fly Test-time Adaptation for Medical Image Segmentation},
  author={Valanarasu, Jeya Maria Jose and Guo, Pengfei and VS, Vibashan and Patel, Vishal M},
  journal={arXiv preprint arXiv:2203.05574},
  year={2022}
}

@article{vs2022target,
  title={Target and Task specific Source-Free Domain Adaptive Image Segmentation},
  author={VS, Vibashan and Valanarasu, Jeya Maria Jose and Patel, Vishal M},
  journal={arXiv preprint arXiv:2203.15792},
  year={2022}
}

@article{hegde2021attentive,
  title={Attentive prototypes for source-free unsupervised domain adaptive 3d object detection},
  author={Hegde, Deepti and Patel, Vishal},
  journal={arXiv preprint arXiv:2111.15656},
  year={2021}
}

@article{hegde2021uncertainty,
  title={Uncertainty-aware mean teacher for source-free unsupervised domain adaptive 3d object detection},
  author={Hegde, Deepti and Sindagi, Vishwanath and Kilic, Velat and Cooper, A Brinton and Foster, Mark and Patel, Vishal},
  journal={arXiv preprint arXiv:2109.14651},
  year={2021}
}

@inproceedings{vs2023towards,
  title={Towards online domain adaptive object detection},
  author={VS, Vibashan and Oza, Poojan and Patel, Vishal M},
  booktitle={Proceedings of the IEEE/CVF Winter Conference on Applications of Computer Vision},
  pages={478--488},
  year={2023}
}

@article{sakaridis2018semantic,
  title={Semantic foggy scene understanding with synthetic data},
  author={Sakaridis, Christos and Dai, Dengxin and Van Gool, Luc},
  journal={International Journal of Computer Vision},
  volume={126},
  pages={973--992},
  year={2018},
  publisher={Springer}
}

@article{shen2019scl,
  title={Scl: Towards accurate domain adaptive object detection via gradient detach based stacked complementary losses},
  author={Shen, Zhiqiang and Maheshwari, Harsh and Yao, Weichen and Savvides, Marios},
  journal={arXiv preprint arXiv:1911.02559},
  year={2019}
}

@inproceedings{bottou2010large,
  title={Large-scale machine learning with stochastic gradient descent},
  author={Bottou, L{\'e}on},
  booktitle={Proceedings of COMPSTAT'2010},
  pages={177--186},
  year={2010},
  organization={Springer}
}

@article{deng2009imagenet,
  title={Imagenet: A large-scale hierarchical image database},
  author={Deng, Jia and Dong, Wei and Socher, Richard and Li, Li-Jia and Li, Kai and Fei-Fei, Li},
  journal={2009 IEEE conference on computer vision and pattern recognition},
  pages={248--255},
  year={2009},
  organization={Ieee}
}


@inproceedings{heo2019comprehensive,
  title={A comprehensive overhaul of feature distillation},
  author={Heo, Byeongho and Kim, Jeesoo and Yun, Sangdoo and Park, Hyojin and Kwak, Nojun and Choi, Jin Young},
  booktitle={Proceedings of the IEEE/CVF international conference on computer vision},
  pages={1921--1930},
  year={2019}
}

@article{wang2022domain,
  title={Domain adaptation via bidirectional cross-attention transformer},
  author={Wang, Xiyu and Guo, Pengxin and Zhang, Yu},
  journal={arXiv preprint arXiv:2201.05887},
  year={2022}
}

@article{hatamizadeh2024mambavision,
  title={Mambavision: A hybrid mamba-transformer vision backbone},
  author={Hatamizadeh, Ali and Kautz, Jan},
  journal={arXiv preprint arXiv:2407.08083},
  year={2024}
}

@inproceedings{sun2022safe,
  title={Safe self-refinement for transformer-based domain adaptation},
  author={Sun, Tao and Lu, Cheng and Zhang, Tianshuo and Ling, Haibin},
  booktitle={Proceedings of the IEEE/CVF conference on computer vision and pattern recognition},
  pages={7191--7200},
  year={2022}
}