@inproceedings{chen2018domain,
	title={Domain adaptive faster r-cnn for object detection in the wild},
	author={Chen, Yuhua and Li, Wen and Sakaridis, Christos and Dai, Dengxin and Van Gool, Luc},
	booktitle={Proceedings of the IEEE conference on computer vision and pattern recognition},
	pages={3339--3348},
	year={2018}
}

@inproceedings{chen2020harmonizing,
  title={Harmonizing transferability and discriminability for adapting object detectors},
  author={Chen, Chaoqi and Zheng, Zebiao and Ding, Xinghao and Huang, Yue and Dou, Qi},
  booktitle={Proceedings of the IEEE/CVF conference on computer vision and pattern recognition},
  pages={8869--8878},
  year={2020}
}

@inproceedings{ganin2015unsupervised,
  title={Unsupervised domain adaptation by backpropagation},
  author={Ganin, Yaroslav and Lempitsky, Victor},
  booktitle={International conference on machine learning},
  pages={1180--1189},
  year={2015},
  organization={PMLR}
}

@article{ganin2016domain,
  title={Domain-adversarial training of neural networks},
  author={Ganin, Yaroslav and Ustinova, Evgeniya and Ajakan, Hana and Germain, Pascal and Larochelle, Hugo and Laviolette, Fran{\c{c}}ois and March, Mario and Lempitsky, Victor},
  journal={Journal of machine learning research},
  volume={17},
  number={59},
  pages={1--35},
  year={2016}
}

@article{gu2021efficiently,
  title={Efficiently modeling long sequences with structured state spaces},
  author={Gu, Albert and Goel, Karan and R{\'e}, Christopher},
  journal={arXiv preprint arXiv:2111.00396},
  year={2021}
}

@article{gu2023mamba,
  title={Mamba: Linear-time sequence modeling with selective state spaces},
  author={Gu, Albert and Dao, Tri},
  journal={arXiv preprint arXiv:2312.00752},
  year={2023}
}

@inproceedings{jiang2021regressive,
  title={Regressive domain adaptation for unsupervised keypoint detection},
  author={Jiang, Junguang and Ji, Yifei and Wang, Ximei and Liu, Yufeng and Wang, Jianmin and Long, Mingsheng},
  booktitle={Proceedings of the IEEE/CVF Conference on Computer Vision and Pattern Recognition},
  pages={6780--6789},
  year={2021}
}

@article{kumar2018co,
  title={Co-regularized alignment for unsupervised domain adaptation},
  author={Kumar, Abhishek and Sattigeri, Prasanna and Wadhawan, Kahini and Karlinsky, Leonid and Feris, Rogerio and Freeman, Bill and Wornell, Gregory},
  journal={Advances in neural information processing systems},
  volume={31},
  year={2018}
}

@inproceedings{lee2019sliced,
  title={Sliced wasserstein discrepancy for unsupervised domain adaptation},
  author={Lee, Chen-Yu and Batra, Tanmay and Baig, Mohammad Haris and Ulbricht, Daniel},
  booktitle={Proceedings of the IEEE/CVF conference on computer vision and pattern recognition},
  pages={10285--10295},
  year={2019}
}

@inproceedings{long2015learning,
  title={Learning transferable features with deep adaptation networks},
  author={Long, Mingsheng and Cao, Yue and Wang, Jianmin and Jordan, Michael},
  booktitle={International conference on machine learning},
  pages={97--105},
  year={2015},
  organization={PMLR}
}

@article{long2016unsupervised,
  title={Unsupervised domain adaptation with residual transfer networks},
  author={Long, Mingsheng and Zhu, Han and Wang, Jianmin and Jordan, Michael I},
  journal={Advances in neural information processing systems},
  volume={29},
  year={2016}
}

@inproceedings{long2017deep,
  title={Deep transfer learning with joint adaptation networks},
  author={Long, Mingsheng and Zhu, Han and Wang, Jianmin and Jordan, Michael I},
  booktitle={International conference on machine learning},
  pages={2208--2217},
  year={2017},
  organization={PMLR}
}

@inproceedings{luo2008transfer,
  title={Transfer learning from multiple source domains via consensus regularization},
  author={Luo, Ping and Zhuang, Fuzhen and Xiong, Hui and Xiong, Yuhong and He, Qing},
  booktitle={Proceedings of the 17th ACM conference on Information and knowledge management},
  pages={103--112},
  year={2008}
}

@inproceedings{luo2019taking,
  title={Taking a closer look at domain shift: Category-level adversaries for semantics consistent domain adaptation},
  author={Luo, Yawei and Zheng, Liang and Guan, Tao and Yu, Junqing and Yang, Yi},
  booktitle={Proceedings of the IEEE/CVF conference on computer vision and pattern recognition},
  pages={2507--2516},
  year={2019}
}

@article{pei2024efficientvmamba,
  title={Efficientvmamba: Atrous selective scan for light weight visual mamba},
  author={Pei, Xiaohuan and Huang, Tao and Xu, Chang},
  journal={arXiv preprint arXiv:2403.09977},
  year={2024}
}

@inproceedings{saito2018maximum,
  title={Maximum classifier discrepancy for unsupervised domain adaptation},
  author={Saito, Kuniaki and Watanabe, Kohei and Ushiku, Yoshitaka and Harada, Tatsuya},
  booktitle={Proceedings of the IEEE conference on computer vision and pattern recognition},
  pages={3723--3732},
  year={2018}
}

@inproceedings{saito2019strong,
	title={Strong-weak distribution alignment for adaptive object detection},
	author={Saito, Kuniaki and Ushiku, Yoshitaka and Harada, Tatsuya and Saenko, Kate},
	booktitle={Proceedings of the IEEE Conference on Computer Vision and Pattern Recognition},
	pages={6956--6965},
	year={2019}
}

@inproceedings{sankaranarayanan2018generate,
  title={Generate to adapt: Aligning domains using generative adversarial networks},
  author={Sankaranarayanan, Swami and Balaji, Yogesh and Castillo, Carlos D and Chellappa, Rama},
  booktitle={Proceedings of the IEEE conference on computer vision and pattern recognition},
  pages={8503--8512},
  year={2018}
}

@inproceedings{tzeng2017adversarial,
  title={Adversarial discriminative domain adaptation},
  author={Tzeng, Eric and Hoffman, Judy and Saenko, Kate and Darrell, Trevor},
  booktitle={Proceedings of the IEEE conference on computer vision and pattern recognition},
  pages={7167--7176},
  year={2017}
}

@inproceedings{zhang2019domain,
  title={Domain-symmetric networks for adversarial domain adaptation},
  author={Zhang, Yabin and Tang, Hui and Jia, Kui and Tan, Mingkui},
  booktitle={Proceedings of the IEEE/CVF conference on computer vision and pattern recognition},
  pages={5031--5040},
  year={2019}
}

@article{zhang2020unsupervised,
  title={Unsupervised multi-class domain adaptation: Theory, algorithms, and practice},
  author={Zhang, Yabin and Deng, Bin and Tang, Hui and Zhang, Lei and Jia, Kui},
  journal={IEEE Transactions on Pattern Analysis and Machine Intelligence},
  volume={44},
  number={5},
  pages={2775--2792},
  year={2020},
  publisher={IEEE}
}

@article{zheng2021rectifying,
  title={Rectifying pseudo label learning via uncertainty estimation for domain adaptive semantic segmentation},
  author={Zheng, Zhedong and Yang, Yi},
  journal={International Journal of Computer Vision},
  volume={129},
  number={4},
  pages={1106--1120},
  year={2021},
  publisher={Springer}
}

@inproceedings{zhou2018unsupervised,
  title={Unsupervised domain adaptation for 3d keypoint estimation via view consistency},
  author={Zhou, Xingyi and Karpur, Arjun and Gan, Chuang and Luo, Linjie and Huang, Qixing},
  booktitle={Proceedings of the European conference on computer vision (ECCV)},
  pages={137--153},
  year={2018}
}

@inproceedings{zhu2017unpaired,
  title={Unpaired image-to-image translation using cycle-consistent adversarial networks},
  author={Zhu, Jun-Yan and Park, Taesung and Isola, Phillip and Efros, Alexei A},
  booktitle={Proceedings of the IEEE international conference on computer vision},
  pages={2223--2232},
  year={2017}
}

@article{zhu2024vision,
  title={Vision mamba: Efficient visual representation learning with bidirectional state space model},
  author={Zhu, Lianghui and Liao, Bencheng and Zhang, Qian and Wang, Xinlong and Liu, Wenyu and Wang, Xinggang},
  journal={arXiv preprint arXiv:2401.09417},
  year={2024}
}

