@InProceedings{VideoFusion,
    author    = {Luo, Zhengxiong and Chen, Dayou and Zhang, Yingya and Huang, Yan and Wang, Liang and Shen, Yujun and Zhao, Deli and Zhou, Jingren and Tan, Tieniu},
    title     = {VideoFusion: Decomposed Diffusion Models for High-Quality Video Generation},
    booktitle = {Proceedings of the IEEE/CVF Conference on Computer Vision and Pattern Recognition (CVPR)},
    month     = {June},
    year      = {2023}
}

@article{chen2024asyncdiff,
  title={AsyncDiff: Parallelizing Diffusion Models by Asynchronous Denoising},
  author={Chen, Zigeng and Ma, Xinyin and Fang, Gongfan and Tan, Zhenxiong and Wang, Xinchao},
  journal={arXiv preprint arXiv:2406.06911},
  year={2024}
}

@article{chen2024diffusion,
  title={Diffusion forcing: Next-token prediction meets full-sequence diffusion},
  author={Chen, Boyuan and Monso, Diego Marti and Du, Yilun and Simchowitz, Max and Tedrake, Russ and Sitzmann, Vincent},
  journal={arXiv preprint arXiv:2407.01392},
  year={2024}
}

@inproceedings{chen2024videocrafter2,
  title={Videocrafter2: Overcoming data limitations for high-quality video diffusion models},
  author={Chen, Haoxin and Zhang, Yong and Cun, Xiaodong and Xia, Menghan and Wang, Xintao and Weng, Chao and Shan, Ying},
  booktitle={Proceedings of the IEEE/CVF Conference on Computer Vision and Pattern Recognition},
  pages={7310--7320},
  year={2024}
}

@inproceedings{ge2023preserve,
  title={Preserve your own correlation: A noise prior for video diffusion models},
  author={Ge, Songwei and Nah, Seungjun and Liu, Guilin and Poon, Tyler and Tao, Andrew and Catanzaro, Bryan and Jacobs, David and Huang, Jia-Bin and Liu, Ming-Yu and Balaji, Yogesh},
  booktitle={Proceedings of the IEEE/CVF International Conference on Computer Vision},
  pages={22930--22941},
  year={2023}
}

@article{guo2023animatediff,
  title={AnimateDiff: Animate Your Personalized Text-to-Image Diffusion Models without Specific Tuning},
  author={Guo, Yuwei and Yang, Ceyuan and Rao, Anyi and Liang, Zhengyang and Wang, Yaohui and Qiao, Yu and Agrawala, Maneesh and Lin, Dahua and Dai, Bo},
  journal={International Conference on Learning Representations},
  year={2024}
}

@article{guo2023sparsectrl,
  title={SparseCtrl: Adding Sparse Controls to Text-to-Video Diffusion Models},
  author={Guo, Yuwei and Yang, Ceyuan and Rao, Anyi and Agrawala, Maneesh and Lin, Dahua and Dai, Bo},
  journal={arXiv preprint arXiv:2311.16933},
  year={2023}
}

@article{he2022latent,
  title={Latent video diffusion models for high-fidelity long video generation},
  author={He, Yingqing and Yang, Tianyu and Zhang, Yong and Shan, Ying and Chen, Qifeng},
  journal={arXiv preprint arXiv:2211.13221},
  year={2022}
}

@article{heek2024multistep,
  title={Multistep consistency models},
  author={Heek, Jonathan and Hoogeboom, Emiel and Salimans, Tim},
  journal={arXiv preprint arXiv:2403.06807},
  year={2024}
}

@article{henschel2024streamingt2v,
  title={Streamingt2v: Consistent, dynamic, and extendable long video generation from text},
  author={Henschel, Roberto and Khachatryan, Levon and Hayrapetyan, Daniil and Poghosyan, Hayk and Tadevosyan, Vahram and Wang, Zhangyang and Navasardyan, Shant and Shi, Humphrey},
  journal={arXiv preprint arXiv:2403.14773},
  year={2024}
}

@article{ho2022video,
  title={Video diffusion models},
  author={Ho, Jonathan and Salimans, Tim and Gritsenko, Alexey and Chan, William and Norouzi, Mohammad and Fleet, David J},
  journal={Advances in Neural Information Processing Systems},
  volume={35},
  pages={8633--8646},
  year={2022}
}

@article{jiang2024minference,
  title={MInference 1.0: Accelerating Pre-filling for Long-Context LLMs via Dynamic Sparse Attention},
  author={Jiang, Huiqiang and Li, Yucheng and Zhang, Chengruidong and Wu, Qianhui and Luo, Xufang and Ahn, Surin and Han, Zhenhua and Abdi, Amir H and Li, Dongsheng and Lin, Chin-Yew and others},
  journal={arXiv preprint arXiv:2407.02490},
  year={2024}
}

@inproceedings{li2020gan,
  title={Gan compression: Efficient architectures for interactive conditional gans},
  author={Li, Muyang and Lin, Ji and Ding, Yaoyao and Liu, Zhijian and Zhu, Jun-Yan and Han, Song},
  booktitle={Proceedings of the IEEE/CVF conference on computer vision and pattern recognition},
  pages={5284--5294},
  year={2020}
}

@article{li2022efficient,
  title={Efficient spatially sparse inference for conditional gans and diffusion models},
  author={Li, Muyang and Lin, Ji and Meng, Chenlin and Ermon, Stefano and Han, Song and Zhu, Jun-Yan},
  journal={Advances in neural information processing systems},
  volume={35},
  pages={28858--28873},
  year={2022}
}

@inproceedings{li2024distrifusion,
  title={Distrifusion: Distributed parallel inference for high-resolution diffusion models},
  author={Li, Muyang and Cai, Tianle and Cao, Jiaxin and Zhang, Qinsheng and Cai, Han and Bai, Junjie and Jia, Yangqing and Li, Kai and Han, Song},
  booktitle={Proceedings of the IEEE/CVF Conference on Computer Vision and Pattern Recognition},
  pages={7183--7193},
  year={2024}
}

@article{li2024t2v,
  title={T2V-Turbo: Breaking the Quality Bottleneck of Video Consistency Model with Mixed Reward Feedback},
  author={Li, Jiachen and Feng, Weixi and Fu, Tsu-Jui and Wang, Xinyi and Basu, Sugato and Chen, Wenhu and Wang, William Yang},
  journal={arXiv preprint arXiv:2405.18750},
  year={2024}
}

@article{liu2024scott,
  title={SCott: Accelerating Diffusion Models with Stochastic Consistency Distillation},
  author={Liu, Hongjian and Xie, Qingsong and Deng, Zhijie and Chen, Chen and Tang, Shixiang and Fu, Fueyang and Zha, Zheng-jun and Lu, Haonan},
  journal={arXiv preprint arXiv:2403.01505},
  year={2024}
}

@article{lu2022dpm,
  title={Dpm-solver: A fast ode solver for diffusion probabilistic model sampling in around 10 steps},
  author={Lu, Cheng and Zhou, Yuhao and Bao, Fan and Chen, Jianfei and Li, Chongxuan and Zhu, Jun},
  journal={Advances in Neural Information Processing Systems},
  volume={35},
  pages={5775--5787},
  year={2022}
}

}

@article{lu2022dpm++,
  title={Dpm-solver++: Fast solver for guided sampling of diffusion probabilistic models},
  author={Lu, Cheng and Zhou, Yuhao and Bao, Fan and Chen, Jianfei and Li, Chongxuan and Zhu, Jun},
  journal={arXiv preprint arXiv:2211.01095},
  year={2022}
}

@article{ma2024latte,
  title={Latte: Latent Diffusion Transformer for Video Generation},
  author={Ma, Xin and Wang, Yaohui and Jia, Gengyun and Chen, Xinyuan and Liu, Ziwei and Li, Yuan-Fang and Chen, Cunjian and Qiao, Yu},
  journal={arXiv preprint arXiv:2401.03048},
  year={2024}
}

@software{opensora,
  author = {Zangwei Zheng and Xiangyu Peng and Tianji Yang and Chenhui Shen and Shenggui Li and Hongxin Liu and Yukun Zhou and Tianyi Li and Yang You},
  title = {Open-Sora: Democratizing Efficient Video Production for All},
  month = {March},
  year = {2024},
  url = {https://github.com/hpcaitech/Open-Sora}
}

@inproceedings{peebles2023scalable,
  title={Scalable diffusion models with transformers},
  author={Peebles, William and Xie, Saining},
  booktitle={Proceedings of the IEEE/CVF International Conference on Computer Vision},
  pages={4195--4205},
  year={2023}
}

@software{pku_yuan_lab_and_tuzhan_ai_etc_2024_10948109,
  author       = {PKU-Yuan Lab and Tuzhan AI etc.},
  title        = {Open-Sora-Plan},
  month        = apr,
  year         = 2024,
  publisher    = {GitHub},
  doi          = {10.5281/zenodo.10948109},
  url          = {https://doi.org/10.5281/zenodo.10948109}
}

@article{song2020denoising,
  title={Denoising diffusion implicit models},
  author={Song, Jiaming and Meng, Chenlin and Ermon, Stefano},
  journal={arXiv preprint arXiv:2010.02502},
  year={2020}
}

@article{song2023consistency,
  title={Consistency models},
  author={Song, Yang and Dhariwal, Prafulla and Chen, Mark and Sutskever, Ilya},
  journal={arXiv preprint arXiv:2303.01469},
  year={2023}
}

@article{valevski2024diffusion,
  title={Diffusion models are real-time game engines},
  author={Valevski, Dani and Leviathan, Yaniv and Arar, Moab and Fruchter, Shlomi},
  journal={arXiv preprint arXiv:2408.14837},
  year={2024}
}

@article{wang2023lavie,
  title={Lavie: High-quality video generation with cascaded latent diffusion models},
  author={Wang, Yaohui and Chen, Xinyuan and Ma, Xin and Zhou, Shangchen and Huang, Ziqi and Wang, Yi and Yang, Ceyuan and He, Yinan and Yu, Jiashuo and Yang, Peiqing and others},
  journal={arXiv preprint arXiv:2309.15103},
  year={2023}
}

@article{wang2023videolcm,
  title={Videolcm: Video latent consistency model},
  author={Wang, Xiang and Zhang, Shiwei and Zhang, Han and Liu, Yu and Zhang, Yingya and Gao, Changxin and Sang, Nong},
  journal={arXiv preprint arXiv:2312.09109},
  year={2023}
}

@article{wang2024pipefusion,
  title={PipeFusion: Displaced Patch Pipeline Parallelism for Inference of Diffusion Transformer Models},
  author={Wang, Jiannan and Fang, Jiarui and Li, Aoyu and Yang, PengCheng},
  journal={arXiv preprint arXiv:2405.14430},
  year={2024}
}

@article{wang2024qihoo,
  title={Qihoo-T2X: An Efficiency-Focused Diffusion Transformer via Proxy Tokens for Text-to-Any-Task},
  author={Wang, Jing and Ma, Ao and Feng, Jiasong and Leng, Dawei and Yin, Yuhui and Liang, Xiaodan},
  journal={arXiv preprint arXiv:2409.04005},
  year={2024}
}

@article{xiang2024pandora,
  title={Pandora: Towards General World Model with Natural Language Actions and Video States},
  author={Xiang, Jiannan and Liu, Guangyi and Gu, Yi and Gao, Qiyue and Ning, Yuting and Zha, Yuheng and Feng, Zeyu and Tao, Tianhua and Hao, Shibo and Shi, Yemin and others},
  journal={arXiv preprint arXiv:2406.09455},
  year={2024}
}

@article{xiao2023efficient,
  title={Efficient streaming language models with attention sinks},
  author={Xiao, Guangxuan and Tian, Yuandong and Chen, Beidi and Han, Song and Lewis, Mike},
  journal={arXiv preprint arXiv:2309.17453},
  year={2023}
}

@article{xie2024mlcm,
  title={MLCM: Multistep Consistency Distillation of Latent Diffusion Model},
  author={Xie, Qingsong and Liao, Zhenyi and Deng, Zhijie and Tang, Shixiang and Lu, Haonan and others},
  journal={arXiv preprint arXiv:2406.05768},
  year={2024}
}

@article{yang2024cogvideox,
  title={Cogvideox: Text-to-video diffusion models with an expert transformer},
  author={Yang, Zhuoyi and Teng, Jiayan and Zheng, Wendi and Ding, Ming and Huang, Shiyu and Xu, Jiazheng and Yang, Yuanming and Hong, Wenyi and Zhang, Xiaohan and Feng, Guanyu and others},
  journal={arXiv preprint arXiv:2408.06072},
  year={2024}
}

@inproceedings{yu2022orca,
  title={Orca: A distributed serving system for $\{$Transformer-Based$\}$ generative models},
  author={Yu, Gyeong-In and Jeong, Joo Seong and Kim, Geon-Woo and Kim, Soojeong and Chun, Byung-Gon},
  booktitle={16th USENIX Symposium on Operating Systems Design and Implementation (OSDI 22)},
  pages={521--538},
  year={2022}
}

@article{zhang2024h2o,
  title={H2o: Heavy-hitter oracle for efficient generative inference of large language models},
  author={Zhang, Zhenyu and Sheng, Ying and Zhou, Tianyi and Chen, Tianlong and Zheng, Lianmin and Cai, Ruisi and Song, Zhao and Tian, Yuandong and R{\'e}, Christopher and Barrett, Clark and others},
  journal={Advances in Neural Information Processing Systems},
  volume={36},
  year={2024}
}

@article{zhang2024q,
  title={Q-Hitter: A Better Token Oracle for Efficient LLM Inference via Sparse-Quantized KV Cache},
  author={Zhang, Zhenyu and Liu, Shiwei and Chen, Runjin and Kailkhura, Bhavya and Chen, Beidi and Wang, Atlas},
  journal={Proceedings of Machine Learning and Systems},
  volume={6},
  pages={381--394},
  year={2024}
}

@article{zhao2024real,
  title={Real-Time Video Generation with Pyramid Attention Broadcast},
  author={Zhao, Xuanlei and Jin, Xiaolong and Wang, Kai and You, Yang},
  journal={arXiv preprint arXiv:2408.12588},
  year={2024}
}

