@incollection{Bengio+chapter2007,
author = {Bengio, Yoshua and LeCun, Yann},
booktitle = {Large Scale Kernel Machines},
publisher = {MIT Press},
title = {Scaling Learning Algorithms Towards {AI}},
year = {2007}
}

@article{Hinton06,
author = {Hinton, Geoffrey E. and Osindero, Simon and Teh, Yee Whye},
journal = {Neural Computation},
pages = {1527--1554},
title = {A Fast Learning Algorithm for Deep Belief Nets},
volume = {18},
year = {2006}
}

@article{salimans2022progressive,
  title={Progressive distillation for fast sampling of diffusion models},
  author={Salimans, Tim and Ho, Jonathan},
  journal={arXiv preprint arXiv:2202.00512},
  year={2022}
}

@article{kim2023consistency,
  title={Consistency trajectory models: Learning probability flow ode trajectory of diffusion},
  author={Kim, Dongjun and Lai, Chieh-Hsin and Liao, Wei-Hsiang and Murata, Naoki and Takida, Yuhta and Uesaka, Toshimitsu and He, Yutong and Mitsufuji, Yuki and Ermon, Stefano},
  journal={arXiv preprint arXiv:2310.02279},
  year={2023}
}

@article{heek2024multistep,
  title={Multistep consistency models},
  author={Heek, Jonathan and Hoogeboom, Emiel and Salimans, Tim},
  journal={arXiv preprint arXiv:2403.06807},
  year={2024}
}

@article{xie2024mlcm,
  title={MLCM: Multistep Consistency Distillation of Latent Diffusion Model},
  author={Xie, Qingsong and Liao, Zhenyi and Deng, Zhijie and Tang, Shixiang and Lu, Haonan and others},
  journal={arXiv preprint arXiv:2406.05768},
  year={2024}
}

@inproceedings{liu2023instaflow,
  title={Instaflow: One step is enough for high-quality diffusion-based text-to-image generation},
  author={Liu, Xingchao and Zhang, Xiwen and Ma, Jianzhu and Peng, Jian and others},
  booktitle={The Twelfth International Conference on Learning Representations},
  year={2023}
}

@article{sauer2023adversarial,
  title={Adversarial diffusion distillation},
  author={Sauer, Axel and Lorenz, Dominik and Blattmann, Andreas and Rombach, Robin},
  journal={arXiv preprint arXiv:2311.17042},
  year={2023}
}

@inproceedings{yin2024one,
  title={One-step diffusion with distribution matching distillation},
  author={Yin, Tianwei and Gharbi, Micha{\"e}l and Zhang, Richard and Shechtman, Eli and Durand, Fredo and Freeman, William T and Park, Taesung},
  booktitle={Proceedings of the IEEE/CVF Conference on Computer Vision and Pattern Recognition},
  pages={6613--6623},
  year={2024}
}

@book{goodfellow2016deep,
title={Deep learning},
author={Goodfellow, Ian and Bengio, Yoshua and Courville, Aaron and Bengio, Yoshua},
volume={1},
year={2016},
publisher={MIT Press}
}

@inproceedings{peebles2023scalable,
  title={Scalable diffusion models with transformers},
  author={Peebles, William and Xie, Saining},
  booktitle={Proceedings of the IEEE/CVF International Conference on Computer Vision},
  pages={4195--4205},
  year={2023}
}

@misc{openai_sora,
  author       = {OpenAI},
  title        = {Sora},
  year         = {2024},
  url          = {https://openai.com/index/sora/},
  note         = {Accessed: [2024]}
}

@misc{kuaishou_kling,
  author       = {Kuaishou},
  title        = {Kling},
  year         = {2024},
  url          = {https://kling.kuaishou.com/en},
  note         = {Accessed: [2024]}
}

@software{pku_yuan_lab_and_tuzhan_ai_etc_2024_10948109,
  author       = {PKU-Yuan Lab and Tuzhan AI etc.},
  title        = {Open-Sora-Plan},
  month        = apr,
  year         = 2024,
  publisher    = {GitHub},
  doi          = {10.5281/zenodo.10948109},
  url          = {https://doi.org/10.5281/zenodo.10948109}
}

@inproceedings{li2024distrifusion,
  title={Distrifusion: Distributed parallel inference for high-resolution diffusion models},
  author={Li, Muyang and Cai, Tianle and Cao, Jiaxin and Zhang, Qinsheng and Cai, Han and Bai, Junjie and Jia, Yangqing and Li, Kai and Han, Song},
  booktitle={Proceedings of the IEEE/CVF Conference on Computer Vision and Pattern Recognition},
  pages={7183--7193},
  year={2024}
}

@article{li2024t2v,
  title={T2V-Turbo: Breaking the Quality Bottleneck of Video Consistency Model with Mixed Reward Feedback},
  author={Li, Jiachen and Feng, Weixi and Fu, Tsu-Jui and Wang, Xinyi and Basu, Sugato and Chen, Wenhu and Wang, William Yang},
  journal={arXiv preprint arXiv:2405.18750},
  year={2024}
}

@article{song2020denoising,
  title={Denoising diffusion implicit models},
  author={Song, Jiaming and Meng, Chenlin and Ermon, Stefano},
  journal={arXiv preprint arXiv:2010.02502},
  year={2020}
}

@article{song2023consistency,
  title={Consistency models},
  author={Song, Yang and Dhariwal, Prafulla and Chen, Mark and Sutskever, Ilya},
  journal={arXiv preprint arXiv:2303.01469},
  year={2023}
}

@inproceedings{tay2020sparse,
  title={Sparse sinkhorn attention},
  author={Tay, Yi and Bahri, Dara and Yang, Liu and Metzler, Donald and Juan, Da-Cheng},
  booktitle={International Conference on Machine Learning},
  pages={9438--9447},
  year={2020},
  organization={PMLR}
}

@article{beltagy2020longformer,
  title={Longformer: The long-document transformer},
  author={Beltagy, Iz and Peters, Matthew E and Cohan, Arman},
  journal={arXiv preprint arXiv:2004.05150},
  year={2020}
}

@article{wang2020linformer,
  title={Linformer: Self-attention with linear complexity},
  author={Wang, Sinong and Li, Belinda Z and Khabsa, Madian and Fang, Han and Ma, Hao},
  journal={arXiv preprint arXiv:2006.04768},
  year={2020}
}

@article{choromanski2020rethinking,
  title={Rethinking attention with performers},
  author={Choromanski, Krzysztof and Likhosherstov, Valerii and Dohan, David and Song, Xingyou and Gane, Andreea and Sarlos, Tamas and Hawkins, Peter and Davis, Jared and Mohiuddin, Afroz and Kaiser, Lukasz and others},
  journal={arXiv preprint arXiv:2009.14794},
  year={2020}
}

@article{child2019generating,
  title={Generating long sequences with sparse transformers},
  author={Child, Rewon and Gray, Scott and Radford, Alec and Sutskever, Ilya},
  journal={arXiv preprint arXiv:1904.10509},
  year={2019}
}

@article{hinton2015distilling,
  title={Distilling the Knowledge in a Neural Network},
  author={Hinton, Geoffrey},
  journal={arXiv preprint arXiv:1503.02531},
  year={2015}
}

@article{wang2023videolcm,
  title={Videolcm: Video latent consistency model},
  author={Wang, Xiang and Zhang, Shiwei and Zhang, Han and Liu, Yu and Zhang, Yingya and Gao, Changxin and Sang, Nong},
  journal={arXiv preprint arXiv:2312.09109},
  year={2023}
}

@article{jiang2024minference,
  title={MInference 1.0: Accelerating Pre-filling for Long-Context LLMs via Dynamic Sparse Attention},
  author={Jiang, Huiqiang and Li, Yucheng and Zhang, Chengruidong and Wu, Qianhui and Luo, Xufang and Ahn, Surin and Han, Zhenhua and Abdi, Amir H and Li, Dongsheng and Lin, Chin-Yew and others},
  journal={arXiv preprint arXiv:2407.02490},
  year={2024}
}

@article{yang2024cogvideox,
  title={Cogvideox: Text-to-video diffusion models with an expert transformer},
  author={Yang, Zhuoyi and Teng, Jiayan and Zheng, Wendi and Ding, Ming and Huang, Shiyu and Xu, Jiazheng and Yang, Yuanming and Hong, Wenyi and Zhang, Xiaohan and Feng, Guanyu and others},
  journal={arXiv preprint arXiv:2408.06072},
  year={2024}
}

@software{opensora,
  author = {Zangwei Zheng and Xiangyu Peng and Tianji Yang and Chenhui Shen and Shenggui Li and Hongxin Liu and Yukun Zhou and Tianyi Li and Yang You},
  title = {Open-Sora: Democratizing Efficient Video Production for All},
  month = {March},
  year = {2024},
  url = {https://github.com/hpcaitech/Open-Sora}
}

@inproceedings{esser2023structure,
  title={Structure and content-guided video synthesis with diffusion models},
  author={Esser, Patrick and Chiu, Johnathan and Atighehchian, Parmida and Granskog, Jonathan and Germanidis, Anastasis},
  booktitle={Proceedings of the IEEE/CVF International Conference on Computer Vision},
  pages={7346--7356},
  year={2023}
}

@article{jiao2019tinybert,
  title={Tinybert: Distilling bert for natural language understanding},
  author={Jiao, Xiaoqi and Yin, Yichun and Shang, Lifeng and Jiang, Xin and Chen, Xiao and Li, Linlin and Wang, Fang and Liu, Qun},
  journal={arXiv preprint arXiv:1909.10351},
  year={2019}
}

@inproceedings{gu2024minillm,
  title={MiniLLM: Knowledge distillation of large language models},
  author={Gu, Yuxian and Dong, Li and Wei, Furu and Huang, Minlie},
  booktitle={The Twelfth International Conference on Learning Representations},
  year={2024}
}

@article{zhang2024h2o,
  title={H2o: Heavy-hitter oracle for efficient generative inference of large language models},
  author={Zhang, Zhenyu and Sheng, Ying and Zhou, Tianyi and Chen, Tianlong and Zheng, Lianmin and Cai, Ruisi and Song, Zhao and Tian, Yuandong and R{\'e}, Christopher and Barrett, Clark and others},
  journal={Advances in Neural Information Processing Systems},
  volume={36},
  year={2024}
}

@inproceedings{huang2024vbench,
  title={Vbench: Comprehensive benchmark suite for video generative models},
  author={Huang, Ziqi and He, Yinan and Yu, Jiashuo and Zhang, Fan and Si, Chenyang and Jiang, Yuming and Zhang, Yuanhan and Wu, Tianxing and Jin, Qingyang and Chanpaisit, Nattapol and others},
  booktitle={Proceedings of the IEEE/CVF Conference on Computer Vision and Pattern Recognition},
  pages={21807--21818},
  year={2024}
}

@article{zhao2024real,
  title={Real-Time Video Generation with Pyramid Attention Broadcast},
  author={Zhao, Xuanlei and Jin, Xiaolong and Wang, Kai and You, Yang},
  journal={arXiv preprint arXiv:2408.12588},
  year={2024}
}

@article{he2022latent,
  title={Latent video diffusion models for high-fidelity long video generation},
  author={He, Yingqing and Yang, Tianyu and Zhang, Yong and Shan, Ying and Chen, Qifeng},
  journal={arXiv preprint arXiv:2211.13221},
  year={2022}
}

@InProceedings{VideoFusion,
    author    = {Luo, Zhengxiong and Chen, Dayou and Zhang, Yingya and Huang, Yan and Wang, Liang and Shen, Yujun and Zhao, Deli and Zhou, Jingren and Tan, Tieniu},
    title     = {VideoFusion: Decomposed Diffusion Models for High-Quality Video Generation},
    booktitle = {Proceedings of the IEEE/CVF Conference on Computer Vision and Pattern Recognition (CVPR)},
    month     = {June},
    year      = {2023}
}

@article{wang2023lavie,
  title={Lavie: High-quality video generation with cascaded latent diffusion models},
  author={Wang, Yaohui and Chen, Xinyuan and Ma, Xin and Zhou, Shangchen and Huang, Ziqi and Wang, Yi and Yang, Ceyuan and He, Yinan and Yu, Jiashuo and Yang, Peiqing and others},
  journal={arXiv preprint arXiv:2309.15103},
  year={2023}
}

@article{ma2024latte,
  title={Latte: Latent Diffusion Transformer for Video Generation},
  author={Ma, Xin and Wang, Yaohui and Jia, Gengyun and Chen, Xinyuan and Liu, Ziwei and Li, Yuan-Fang and Chen, Cunjian and Qiao, Yu},
  journal={arXiv preprint arXiv:2401.03048},
  year={2024}
}

@article{ho2022video,
  title={Video diffusion models},
  author={Ho, Jonathan and Salimans, Tim and Gritsenko, Alexey and Chan, William and Norouzi, Mohammad and Fleet, David J},
  journal={Advances in Neural Information Processing Systems},
  volume={35},
  pages={8633--8646},
  year={2022}
}

@article{an2023latent,
  title={Latent-shift: Latent diffusion with temporal shift for efficient text-to-video generation},
  author={An, Jie and Zhang, Songyang and Yang, Harry and Gupta, Sonal and Huang, Jia-Bin and Luo, Jiebo and Yin, Xi},
  journal={arXiv preprint arXiv:2304.08477},
  year={2023}
}

@inproceedings{ge2023preserve,
  title={Preserve your own correlation: A noise prior for video diffusion models},
  author={Ge, Songwei and Nah, Seungjun and Liu, Guilin and Poon, Tyler and Tao, Andrew and Catanzaro, Bryan and Jacobs, David and Huang, Jia-Bin and Liu, Ming-Yu and Balaji, Yogesh},
  booktitle={Proceedings of the IEEE/CVF International Conference on Computer Vision},
  pages={22930--22941},
  year={2023}
}

@inproceedings{chen2024videocrafter2,
  title={Videocrafter2: Overcoming data limitations for high-quality video diffusion models},
  author={Chen, Haoxin and Zhang, Yong and Cun, Xiaodong and Xia, Menghan and Wang, Xintao and Weng, Chao and Shan, Ying},
  booktitle={Proceedings of the IEEE/CVF Conference on Computer Vision and Pattern Recognition},
  pages={7310--7320},
  year={2024}
}

@article{guo2023animatediff,
  title={AnimateDiff: Animate Your Personalized Text-to-Image Diffusion Models without Specific Tuning},
  author={Guo, Yuwei and Yang, Ceyuan and Rao, Anyi and Liang, Zhengyang and Wang, Yaohui and Qiao, Yu and Agrawala, Maneesh and Lin, Dahua and Dai, Bo},
  journal={International Conference on Learning Representations},
  year={2024}
}

@article{guo2023sparsectrl,
  title={SparseCtrl: Adding Sparse Controls to Text-to-Video Diffusion Models},
  author={Guo, Yuwei and Yang, Ceyuan and Rao, Anyi and Agrawala, Maneesh and Lin, Dahua and Dai, Bo},
  journal={arXiv preprint arXiv:2311.16933},
  year={2023}
}

@article{lu2022dpm,
  title={Dpm-solver: A fast ode solver for diffusion probabilistic model sampling in around 10 steps},
  author={Lu, Cheng and Zhou, Yuhao and Bao, Fan and Chen, Jianfei and Li, Chongxuan and Zhu, Jun},
  journal={Advances in Neural Information Processing Systems},
  volume={35},
  pages={5775--5787},
  year={2022}
}

}@article{lu2022dpm++,
  title={Dpm-solver++: Fast solver for guided sampling of diffusion probabilistic models},
  author={Lu, Cheng and Zhou, Yuhao and Bao, Fan and Chen, Jianfei and Li, Chongxuan and Zhu, Jun},
  journal={arXiv preprint arXiv:2211.01095},
  year={2022}
}

@article{wang2024pipefusion,
  title={PipeFusion: Displaced Patch Pipeline Parallelism for Inference of Diffusion Transformer Models},
  author={Wang, Jiannan and Fang, Jiarui and Li, Aoyu and Yang, PengCheng},
  journal={arXiv preprint arXiv:2405.14430},
  year={2024}
}

@article{chen2024asyncdiff,
  title={AsyncDiff: Parallelizing Diffusion Models by Asynchronous Denoising},
  author={Chen, Zigeng and Ma, Xinyin and Fang, Gongfan and Tan, Zhenxiong and Wang, Xinchao},
  journal={arXiv preprint arXiv:2406.06911},
  year={2024}
}

@article{xiao2023efficient,
  title={Efficient streaming language models with attention sinks},
  author={Xiao, Guangxuan and Tian, Yuandong and Chen, Beidi and Han, Song and Lewis, Mike},
  journal={arXiv preprint arXiv:2309.17453},
  year={2023}
}

@article{zhang2024q,
  title={Q-Hitter: A Better Token Oracle for Efficient LLM Inference via Sparse-Quantized KV Cache},
  author={Zhang, Zhenyu and Liu, Shiwei and Chen, Runjin and Kailkhura, Bhavya and Chen, Beidi and Wang, Atlas},
  journal={Proceedings of Machine Learning and Systems},
  volume={6},
  pages={381--394},
  year={2024}
}

@article{wang2024qihoo,
  title={Qihoo-T2X: An Efficiency-Focused Diffusion Transformer via Proxy Tokens for Text-to-Any-Task},
  author={Wang, Jing and Ma, Ao and Feng, Jiasong and Leng, Dawei and Yin, Yuhui and Liang, Xiaodan},
  journal={arXiv preprint arXiv:2409.04005},
  year={2024}
}

@inproceedings{yu2022orca,
  title={Orca: A distributed serving system for $\{$Transformer-Based$\}$ generative models},
  author={Yu, Gyeong-In and Jeong, Joo Seong and Kim, Geon-Woo and Kim, Soojeong and Chun, Byung-Gon},
  booktitle={16th USENIX Symposium on Operating Systems Design and Implementation (OSDI 22)},
  pages={521--538},
  year={2022}
}

@article{wang2023cuttlefish,
  title={Cuttlefish: Low-rank model training without all the tuning},
  author={Wang, Hongyi and Agarwal, Saurabh and Tanaka, Yoshiki and Xing, Eric and Papailiopoulos, Dimitris and others},
  journal={Proceedings of Machine Learning and Systems},
  volume={5},
  pages={578--605},
  year={2023}
}

@article{yang2024pyramidinfer,
  title={PyramidInfer: Pyramid KV Cache Compression for High-throughput LLM Inference},
  author={Yang, Dongjie and Han, XiaoDong and Gao, Yan and Hu, Yao and Zhang, Shilin and Zhao, Hai},
  journal={arXiv preprint arXiv:2405.12532},
  year={2024}
}

@article{ge2023model,
  title={Model tells you what to discard: Adaptive kv cache compression for llms},
  author={Ge, Suyu and Zhang, Yunan and Liu, Liyuan and Zhang, Minjia and Han, Jiawei and Gao, Jianfeng},
  journal={arXiv preprint arXiv:2310.01801},
  year={2023}
}

@inproceedings{li2020gan,
  title={Gan compression: Efficient architectures for interactive conditional gans},
  author={Li, Muyang and Lin, Ji and Ding, Yaoyao and Liu, Zhijian and Zhu, Jun-Yan and Han, Song},
  booktitle={Proceedings of the IEEE/CVF conference on computer vision and pattern recognition},
  pages={5284--5294},
  year={2020}
}

@article{li2022efficient,
  title={Efficient spatially sparse inference for conditional gans and diffusion models},
  author={Li, Muyang and Lin, Ji and Meng, Chenlin and Ermon, Stefano and Han, Song and Zhu, Jun-Yan},
  journal={Advances in neural information processing systems},
  volume={35},
  pages={28858--28873},
  year={2022}
}

@inproceedings{pytorch,
author = {Ansel, Jason and Yang, Edward and He, Horace and Gimelshein, Natalia and Jain, Animesh and Voznesensky, Michael and Bao, Bin and Bell, Peter and Berard, David and Burovski, Evgeni and Chauhan, Geeta and Chourdia, Anjali and Constable, Will and Desmaison, Alban and DeVito, Zachary and Ellison, Elias and Feng, Will and Gong, Jiong and Gschwind, Michael and Hirsh, Brian and Huang, Sherlock and Kalambarkar, Kshiteej and Kirsch, Laurent and Lazos, Michael and Lezcano, Mario and Liang, Yanbo and Liang, Jason and Lu, Yinghai and Luk, CK and Maher, Bert and Pan, Yunjie and Puhrsch, Christian and Reso, Matthias and Saroufim, Mark and Siraichi, Marcos Yukio and Suk, Helen and Suo, Michael and Tillet, Phil and Wang, Eikan and Wang, Xiaodong and Wen, William and Zhang, Shunting and Zhao, Xu and Zhou, Keren and Zou, Richard and Mathews, Ajit and Chanan, Gregory and Wu, Peng and Chintala, Soumith},
booktitle = {29th ACM International Conference on Architectural Support for Programming Languages and Operating Systems, Volume 2 (ASPLOS '24)},
doi = {10.1145/3620665.3640366},
month = apr,
publisher = {ACM},
title = {{PyTorch 2: Faster Machine Learning Through Dynamic Python Bytecode Transformation and Graph Compilation}},
url = {https://pytorch.org/assets/pytorch2-2.pdf},
year = {2024}
}

@article{chen2024panda70m,
    title   = {Panda-70M: Captioning 70M Videos with Multiple Cross-Modality Teachers},
    author  = {Chen, Tsai-Shien and Siarohin, Aliaksandr and Menapace, Willi and Deyneka, Ekaterina and Chao, Hsiang-wei and Jeon, Byung Eun and Fang, Yuwei and Lee, Hsin-Ying and Ren, Jian and Yang, Ming-Hsuan and Tulyakov, Sergey},
    journal = {arXiv preprint arXiv:2402.19479},
    year    = {2024}
}

@article{jacobs2023deepspeed,
      title={DeepSpeed Ulysses: System Optimizations for Enabling Training of Extreme Long Sequence Transformer Models},
      author={Sam Ade Jacobs and Masahiro Tanaka and Chengming Zhang and Minjia Zhang and Shuaiwen Leon Song and Samyam Rajbhandari and Yuxiong He},
      journal={arXiv preprint arXiv:2309.14509},
      year={2023},
}

@InProceedings{Rombach_2022_CVPR,
    author    = {Rombach, Robin and Blattmann, Andreas and Lorenz, Dominik and Esser, Patrick and Ommer, Bj\"orn},
    title     = {High-Resolution Image Synthesis With Latent Diffusion Models},
    booktitle = {Proceedings of the IEEE/CVF Conference on Computer Vision and Pattern Recognition (CVPR)},
    month     = {June},
    year      = {2022},
    pages     = {10684-10695}
}

@article{xue2020mt5,
  title={mt5: A massively multilingual pre-trained text-to-text transformer},
  author={Xue, L},
  journal={arXiv preprint arXiv:2010.11934},
  year={2020}
}

@article{su2024roformer,
  title={Roformer: Enhanced transformer with rotary position embedding},
  author={Su, Jianlin and Ahmed, Murtadha and Lu, Yu and Pan, Shengfeng and Bo, Wen and Liu, Yunfeng},
  journal={Neurocomputing},
  volume={568},
  pages={127063},
  year={2024},
  publisher={Elsevier}
}

@article{unterthiner2018towards,
  title={Towards accurate generative models of video: A new metric \& challenges},
  author={Unterthiner, Thomas and Van Steenkiste, Sjoerd and Kurach, Karol and Marinier, Raphael and Michalski, Marcin and Gelly, Sylvain},
  journal={arXiv preprint arXiv:1812.01717},
  year={2018}
}

@inproceedings{li2024distflashattn,
  title={DISTFLASHATTN: Distributed Memory-efficient Attention for Long-context LLMs Training},
  author={Li, Dacheng and Shao, Rulin and Xie, Anze and Xing, Eric P and Ma, Xuezhe and Stoica, Ion and Gonzalez, Joseph E and Zhang, Hao},
  booktitle={First Conference on Language Modeling},
  year={2024}
}

@article{liu2023ring,
  title={Ring attention with blockwise transformers for near-infinite context},
  author={Liu, Hao and Zaharia, Matei and Abbeel, Pieter},
  journal={arXiv preprint arXiv:2310.01889},
  year={2023}
}

@article{xue2024longvila,
  title={LongVILA: Scaling Long-Context Visual Language Models for Long Videos},
  author={Xue, Fuzhao and Chen, Yukang and Li, Dacheng and Hu, Qinghao and Zhu, Ligeng and Li, Xiuyu and Fang, Yunhao and Tang, Haotian and Yang, Shang and Liu, Zhijian and others},
  journal={arXiv preprint arXiv:2408.10188},
  year={2024}
}

@article{shoeybi2019megatron,
  title={Megatron-lm: Training multi-billion parameter language models using model parallelism},
  author={Shoeybi, Mohammad and Patwary, Mostofa and Puri, Raul and LeGresley, Patrick and Casper, Jared and Catanzaro, Bryan},
  journal={arXiv preprint arXiv:1909.08053},
  year={2019}
}

@inproceedings{rombach2022high,
  title={High-resolution image synthesis with latent diffusion models},
  author={Rombach, Robin and Blattmann, Andreas and Lorenz, Dominik and Esser, Patrick and Ommer, Bj{\"o}rn},
  booktitle={Proceedings of the IEEE/CVF conference on computer vision and pattern recognition},
  pages={10684--10695},
  year={2022}
}

@article{liu2024scott,
  title={SCott: Accelerating Diffusion Models with Stochastic Consistency Distillation},
  author={Liu, Hongjian and Xie, Qingsong and Deng, Zhijie and Chen, Chen and Tang, Shixiang and Fu, Fueyang and Zha, Zheng-jun and Lu, Haonan},
  journal={arXiv preprint arXiv:2403.01505},
  year={2024}
}

@article{valevski2024diffusion,
  title={Diffusion models are real-time game engines},
  author={Valevski, Dani and Leviathan, Yaniv and Arar, Moab and Fruchter, Shlomi},
  journal={arXiv preprint arXiv:2408.14837},
  year={2024}
}

@article{chen2024diffusion,
  title={Diffusion forcing: Next-token prediction meets full-sequence diffusion},
  author={Chen, Boyuan and Monso, Diego Marti and Du, Yilun and Simchowitz, Max and Tedrake, Russ and Sitzmann, Vincent},
  journal={arXiv preprint arXiv:2407.01392},
  year={2024}
}

@article{henschel2024streamingt2v,
  title={Streamingt2v: Consistent, dynamic, and extendable long video generation from text},
  author={Henschel, Roberto and Khachatryan, Levon and Hayrapetyan, Daniil and Poghosyan, Hayk and Tadevosyan, Vahram and Wang, Zhangyang and Navasardyan, Shant and Shi, Humphrey},
  journal={arXiv preprint arXiv:2403.14773},
  year={2024}
}
@article{xiang2024pandora,
  title={Pandora: Towards General World Model with Natural Language Actions and Video States},
  author={Xiang, Jiannan and Liu, Guangyi and Gu, Yi and Gao, Qiyue and Ning, Yuting and Zha, Yuheng and Feng, Zeyu and Tao, Tianhua and Hao, Shibo and Shi, Yemin and others},
  journal={arXiv preprint arXiv:2406.09455},
  year={2024}
}

@article{cdfvd,
    title={On the Content Bias in Fréchet Video Distance},
    author={Ge, Songwei and Mahapatra, Aniruddha and Parmar, Gaurav and Zhu, Jun-Yan and Huang, Jia-Bin},
    journal={arXiv preprint arXiv:2404.12391},
    year={2024}
}   

@article{mirsky2020creation,
title={The Creation and Detection of Deepfakes: A Survey},
author={Mirsky, Yisroel and Lee, Wenke},
journal={ACM Computing Surveys},
year={2020},
publisher={ACM New York, NY, USA},
doi={10.1145/3425780}
}