@article{Wei2023JailbreakAG,
  title={Jailbreak and Guard Aligned Language Models with Only Few In-Context Demonstrations},
  author={Zeming Wei and Yifei Wang and Yisen Wang},
  journal={ArXiv},
  year={2023},
  volume={abs/2310.06387},
  url={https://api.semanticscholar.org/CorpusID:263830179}
}

@article{Xie2023DefendingCA,
  title={Defending ChatGPT against jailbreak attack via self-reminders},
  author={Yueqi Xie and Jingwei Yi and Jiawei Shao and Justin Curl and Lingjuan Lyu and Qifeng Chen and Xing Xie and Fangzhao Wu},
  journal={Nature Machine Intelligence},
  year={2023},
  volume={5},
  pages={1486-1496},
  url={https://api.semanticscholar.org/CorpusID:266289038}
}

@article{bai2022constitutional,
  title={Constitutional ai: Harmlessness from ai feedback},
  author={Bai, Yuntao and Kadavath, Saurav and Kundu, Sandipan and Askell, Amanda and Kernion, Jackson and Jones, Andy and Chen, Anna and Goldie, Anna and Mirhoseini, Azalia and McKinnon, Cameron and others},
  journal={arXiv preprint arXiv:2212.08073},
  year={2022}
}

@article{christiano2017deep,
  title={Deep reinforcement learning from human preferences},
  author={Christiano, Paul F and Leike, Jan and Brown, Tom and Martic, Miljan and Legg, Shane and Amodei, Dario},
  journal={Advances in neural information processing systems},
  volume={30},
  year={2017}
}

@article{gallego2024configurable,
  title={Configurable Safety Tuning of Language Models with Synthetic Preference Data},
  author={Gallego, Victor},
  journal={arXiv preprint arXiv:2404.00495},
  year={2024}
}

@article{ganguli2023capacity,
  title={The capacity for moral self-correction in large language models},
  author={Ganguli, Deep and Askell, Amanda and Schiefer, Nicholas and Liao, Thomas I and Luko{\v{s}}i{\=u}t{\.e}, Kamil{\.e} and Chen, Anna and Goldie, Anna and Mirhoseini, Azalia and Olsson, Catherine and Hernandez, Danny and others},
  journal={arXiv preprint arXiv:2302.07459},
  year={2023}
}

@article{guan2024deliberative,
  title={Deliberative alignment: Reasoning enables safer language models},
  author={Guan, Melody Y and Joglekar, Manas and Wallace, Eric and Jain, Saachi and Barak, Boaz and Heylar, Alec and Dias, Rachel and Vallone, Andrea and Ren, Hongyu and Wei, Jason and others},
  journal={arXiv preprint arXiv:2412.16339},
  year={2024}
}

@article{madaan2024self,
  title={Self-refine: Iterative refinement with self-feedback},
  author={Madaan, Aman and Tandon, Niket and Gupta, Prakhar and Hallinan, Skyler and Gao, Luyu and Wiegreffe, Sarah and Alon, Uri and Dziri, Nouha and Prabhumoye, Shrimai and Yang, Yiming and others},
  journal={Advances in Neural Information Processing Systems},
  volume={36},
  year={2024}
}

@article{mo2024studious,
  title={Studious bob fight back against jailbreaking via prompt adversarial tuning},
  author={Mo, Yichuan and Wang, Yuji and Wei, Zeming and Wang, Yisen},
  journal={arXiv preprint arXiv:2402.06255},
  year={2024}
}

@article{rafailov2024direct,
  title={Direct preference optimization: Your language model is secretly a reward model},
  author={Rafailov, Rafael and Sharma, Archit and Mitchell, Eric and Manning, Christopher D and Ermon, Stefano and Finn, Chelsea},
  journal={Advances in Neural Information Processing Systems},
  volume={36},
  year={2024}
}

@article{robey2023smoothllm,
  title={Smoothllm: Defending large language models against jailbreaking attacks},
  author={Robey, Alexander and Wong, Eric and Hassani, Hamed and Pappas, George J},
  journal={arXiv preprint arXiv:2310.03684},
  year={2023}
}

@article{shinn2024reflexion,
  title={Reflexion: Language agents with verbal reinforcement learning},
  author={Shinn, Noah and Cassano, Federico and Gopinath, Ashwin and Narasimhan, Karthik and Yao, Shunyu},
  journal={Advances in Neural Information Processing Systems},
  volume={36},
  year={2024}
}

@article{shridhar2023art,
  title={The art of llm refinement: Ask, refine, and trust},
  author={Shridhar, Kumar and Sinha, Koustuv and Cohen, Andrew and Wang, Tianlu and Yu, Ping and Pasunuru, Ram and Sachan, Mrinmaya and Weston, Jason and Celikyilmaz, Asli},
  journal={arXiv preprint arXiv:2311.07961},
  year={2023}
}

@article{wang2025critique,
  title={Critique Fine-Tuning: Learning to Critique is More Effective than Learning to Imitate},
  author={Wang, Yubo and Yue, Xiang and Chen, Wenhu},
  journal={arXiv preprint arXiv:2501.17703},
  year={2025}
}

@article{zhang2024safe,
  title={Safe unlearning: A surprisingly effective and generalizable solution to defend against jailbreak attacks},
  author={Zhang, Zhexin and Yang, Junxiao and Ke, Pei and Cui, Shiyao and Zheng, Chujie and Wang, Hongning and Huang, Minlie},
  journal={arXiv preprint arXiv:2407.02855},
  year={2024}
}

