@article{chung2023instructtods,
  title={Instructtods: Large language models for end-to-end task-oriented dialogue systems},
  author={Chung, Willy and Cahyawijaya, Samuel and Wilie, Bryan and Lovenia, Holy and Fung, Pascale},
  journal={arXiv preprint arXiv:2310.08885},
  year={2023}
}

@article{deng2024mind2web,
  title={Mind2web: Towards a generalist agent for the web},
  author={Deng, Xiang and Gu, Yu and Zheng, Boyuan and Chen, Shijie and Stevens, Sam and Wang, Boshi and Sun, Huan and Su, Yu},
  journal={Advances in Neural Information Processing Systems},
  volume={36},
  year={2024}
}

@inproceedings{dong2023towards,
  title={Towards next-generation intelligent assistants leveraging llm techniques},
  author={Dong, Xin Luna and Moon, Seungwhan and Xu, Yifan Ethan and Malik, Kshitiz and Yu, Zhou},
  booktitle={Proceedings of the 29th ACM SIGKDD Conference on Knowledge Discovery and Data Mining},
  pages={5792--5793},
  year={2023}
}

@inproceedings{fischer2024grillbot,
  title={GRILLBot in practice: Lessons and tradeoffs deploying large language models for adaptable conversational task assistants},
  author={Fischer, Sophie and Gemmell, Carlos and Tecklenburg, Niklas and Mackie, Iain and Rossetto, Federico and Dalton, Jeffrey},
  booktitle={Proceedings of the 30th ACM SIGKDD Conference on Knowledge Discovery and Data Mining},
  pages={4951--4961},
  year={2024}
}

@article{guan2023intelligent,
  title={Intelligent virtual assistants with llm-based process automation},
  author={Guan, Yanchu and Wang, Dong and Chu, Zhixuan and Wang, Shiyu and Ni, Feiyue and Song, Ruihua and Li, Longfei and Gu, Jinjie and Zhuang, Chenyi},
  journal={arXiv preprint arXiv:2312.06677},
  year={2023}
}

@article{gur2023real,
  title={A real-world webagent with planning, long context understanding, and program synthesis},
  author={Gur, Izzeddin and Furuta, Hiroki and Huang, Austin and Safdari, Mustafa and Matsuo, Yutaka and Eck, Douglas and Faust, Aleksandra},
  journal={arXiv preprint arXiv:2307.12856},
  year={2023}
}

@inproceedings{he2022galaxy,
  title={Galaxy: A generative pre-trained model for task-oriented dialog with semi-supervised learning and explicit policy injection},
  author={He, Wanwei and Dai, Yinpei and Zheng, Yinhe and Wu, Yuchuan and Cao, Zheng and Liu, Dermot and Jiang, Peng and Yang, Min and Huang, Fei and Si, Luo and others},
  booktitle={Proceedings of the AAAI conference on artificial intelligence},
  volume={36},
  number={10},
  pages={10749--10757},
  year={2022}
}

@article{hosseini2020simple,
  title={A simple language model for task-oriented dialogue},
  author={Hosseini-Asl, Ehsan and McCann, Bryan and Wu, Chien-Sheng and Yavuz, Semih and Socher, Richard},
  journal={Advances in Neural Information Processing Systems},
  volume={33},
  pages={20179--20191},
  year={2020}
}

@article{hudevcek2023llms,
  title={Are LLMs all you need for task-oriented dialogue?},
  author={Hude{\v{c}}ek, Vojt{\v{e}}ch and Du{\v{s}}ek, Ond{\v{r}}ej},
  journal={arXiv preprint arXiv:2304.06556},
  year={2023}
}

@article{lai2024autowebglm,
  title={AutoWebGLM: Bootstrap And Reinforce A Large Language Model-based Web Navigating Agent},
  author={Lai, Hanyu and Liu, Xiao and Iong, Iat Long and Yao, Shuntian and Chen, Yuxuan and Shen, Pengbo and Yu, Hao and Zhang, Hanchen and Zhang, Xiaohan and Dong, Yuxiao and others},
  journal={arXiv preprint arXiv:2404.03648},
  year={2024}
}

@article{qin2023end,
  title={End-to-end task-oriented dialogue: A survey of tasks, methods, and future directions},
  author={Qin, Libo and Pan, Wenbo and Chen, Qiguang and Liao, Lizi and Yu, Zhou and Zhang, Yue and Che, Wanxiang and Li, Min},
  journal={arXiv preprint arXiv:2311.09008},
  year={2023}
}

@inproceedings{sun2023flowris,
  title={Flowris: Managing Data Analysis Workflows for Conversational Agent},
  author={Sun, Jiajia and Wang, Juan and Chen, Yueguo and Qin, Xiongpai},
  booktitle={International Conference on Database Systems for Advanced Applications},
  pages={724--728},
  year={2023},
  organization={Springer}
}

@inproceedings{yang2021ubar,
  title={Ubar: Towards fully end-to-end task-oriented dialog system with gpt-2},
  author={Yang, Yunyi and Li, Yunhao and Quan, Xiaojun},
  booktitle={Proceedings of the AAAI conference on artificial intelligence},
  volume={35},
  number={16},
  pages={14230--14238},
  year={2021}
}

