@inproceedings{ale2024harnessing,
  title={Harnessing Feature Clustering For Enhanced Anomaly Detection With Variational Autoencoder And Dynamic Threshold},
  author={Ale, Tolulope and Janeja, Vandana P and Schlegel, Nicole-Jeanne},
  booktitle={IGARSS 2024-2024 IEEE International Geoscience and Remote Sensing Symposium},
  pages={8692--8696},
  year={2024},
  organization={IEEE}
}

@article{an2015variational,
  title={Variational autoencoder based anomaly detection using reconstruction probability},
  author={An, Jinwon and Cho, Sungzoon},
  journal={Special lecture on IE},
  volume={2},
  number={1},
  pages={1--18},
  year={2015}
}

@article{barz2018detecting,
  title={Detecting regions of maximal divergence for spatio-temporal anomaly detection},
  author={Barz, Bj{\"o}rn and Rodner, Erik and Garcia, Yanira Guanche and Denzler, Joachim},
  journal={IEEE transactions on pattern analysis and machine intelligence},
  volume={41},
  number={5},
  pages={1088--1101},
  year={2018},
  publisher={IEEE}
}

@article{ergen2019unsupervised,
  title={Unsupervised anomaly detection with LSTM neural networks},
  author={Ergen, Tolga and Kozat, Suleyman Serdar},
  journal={IEEE transactions on neural networks and learning systems},
  volume={31},
  number={8},
  pages={3127--3141},
  year={2019},
  publisher={IEEE}
}

@article{flach2017multivariate,
  title={Multivariate anomaly detection for Earth observations: a comparison of algorithms and feature extraction techniques},
  author={Flach, Milan and Gans, Fabian and Brenning, Alexander and Denzler, Joachim and Reichstein, Markus and Rodner, Erik and Bathiany, Sebastian and Bodesheim, Paul and Guanche, Yanira and Sippel, Sebastian and others},
  journal={Earth System Dynamics},
  volume={8},
  number={3},
  pages={677--696},
  year={2017},
  publisher={Copernicus GmbH}
}

@inproceedings{garreau2020explaining,
  title={Explaining the explainer: A first theoretical analysis of LIME},
  author={Garreau, Damien and Luxburg, Ulrike},
  booktitle={International conference on artificial intelligence and statistics},
  pages={1287--1296},
  year={2020},
  organization={PMLR}
}

@inproceedings{he2019temporal,
  title={Temporal convolutional networks for anomaly detection in time series},
  author={He, Yangdong and Zhao, Jiabao},
  booktitle={Journal of Physics: Conference Series},
  volume={1213},
  number={4},
  pages={042050},
  year={2019},
  organization={IOP Publishing}
}

@article{jiang2024interpretable,
  title={How interpretable machine learning can benefit process understanding in the geosciences},
  author={Jiang, Shijie and Sweet, Lily-belle and Blougouras, Georgios and Brenning, Alexander and Li, Wantong and Reichstein, Markus and Denzler, Joachim and Shangguan, Wei and Yu, Guo and Huang, Feini and others},
  journal={Earth's Future},
  volume={12},
  number={7},
  pages={e2024EF004540},
  year={2024},
  publisher={Wiley Online Library}
}

@inproceedings{kao2009motivating,
  title={Motivating complex dependence structures in data mining: A case study with anomaly detection in climate},
  author={Kao, Shih-Chieh and Ganguly, Auroop R and Steinhaeuser, Karsten},
  booktitle={2009 IEEE International Conference on Data Mining Workshops},
  pages={223--230},
  year={2009},
  organization={IEEE}
}

@article{kotipalli2024role,
  title={The Role of Attention Mechanisms in Enhancing Transparency and Interpretability of Neural Network Models in Explainable AI},
  author={Kotipalli, Bhargav},
  year={2024}
}

@article{li2023deep,
  title={Deep learning for anomaly detection in multivariate time series: Approaches, applications, and challenges},
  author={Li, Gen and Jung, Jason J},
  journal={Information Fusion},
  volume={91},
  pages={93--102},
  year={2023},
  publisher={Elsevier}
}

@article{lindemann2021survey,
  title={A survey on anomaly detection for technical systems using LSTM networks},
  author={Lindemann, Benjamin and Maschler, Benjamin and Sahlab, Nada and Weyrich, Michael},
  journal={Computers in Industry},
  volume={131},
  pages={103498},
  year={2021},
  publisher={Elsevier}
}

@article{lundberg2020local,
  title={From local explanations to global understanding with explainable AI for trees},
  author={Lundberg, Scott M and Erion, Gabriel and Chen, Hugh and DeGrave, Alex and Prutkin, Jordan M and Nair, Bala and Katz, Ronit and Himmelfarb, Jonathan and Bansal, Nisha and Lee, Su-In},
  journal={Nature machine intelligence},
  volume={2},
  number={1},
  pages={56--67},
  year={2020},
  publisher={Nature Publishing Group}
}

@article{nsidc2019,
    publisher = {National Snow and Ice Data Center},
    title = {Large ice loss on the Greenland ice sheet in 2019} ,
    journal = {National Snow and Ice Data Center-Greenland Ice Sheet Today} ,
    year = {2019},
    URL = {https://nsidc.org/ice-sheets-today/analyses/large-ice-loss-greenland-ice-sheet-2019}
}

@article{overland2022arctic,
  title={Arctic climate extremes},
  author={Overland, James E},
  journal={Atmosphere},
  volume={13},
  number={10},
  pages={1670},
  year={2022},
  publisher={MDPI}
}

@article{pang2021deep,
  title={Deep learning for anomaly detection: A review},
  author={Pang, Guansong and Shen, Chunhua and Cao, Longbing and Hengel, Anton Van Den},
  journal={ACM computing surveys (CSUR)},
  volume={54},
  number={2},
  pages={1--38},
  year={2021},
  publisher={ACM New York, NY, USA}
}

@inproceedings{sinha2020variational,
  title={Variational autoencoder anomaly-detection of avalanche deposits in satellite SAR imagery},
  author={Sinha, Saumya and Giffard-Roisin, Sophie and Karbou, Fatima and Deschatres, Michael and Karas, Anna and Eckert, Nicolas and Col{\'e}ou, C{\'e}cile and Monteleoni, Claire},
  booktitle={Proceedings of the 10th International Conference on Climate Informatics},
  pages={113--119},
  year={2020}
}

@article{thill2021temporal,
  title={Temporal convolutional autoencoder for unsupervised anomaly detection in time series},
  author={Thill, Markus and Konen, Wolfgang and Wang, Hao and B{\"a}ck, Thomas},
  journal={Applied Soft Computing},
  volume={112},
  pages={107751},
  year={2021},
  publisher={Elsevier}
}

@inproceedings{trifunov2021anomaly,
  title={Anomaly attribution of multivariate time series using counterfactual reasoning},
  author={Trifunov, Violeta Teodora and Shadaydeh, Maha and Barz, Bj{\"o}rn and Denzler, Joachim},
  booktitle={2021 20th IEEE International Conference on Machine Learning and Applications (ICMLA)},
  pages={166--172},
  year={2021},
  organization={IEEE}
}

@article{tuli2022tranad,
  title={Tranad: Deep transformer networks for anomaly detection in multivariate time series data},
  author={Tuli, Shreshth and Casale, Giuliano and Jennings, Nicholas R},
  journal={arXiv preprint arXiv:2201.07284},
  year={2022}
}

@article{wang2022variational,
  title={Variational transformer-based anomaly detection approach for multivariate time series},
  author={Wang, Xixuan and Pi, Dechang and Zhang, Xiangyan and Liu, Hao and Guo, Chang},
  journal={Measurement},
  volume={191},
  pages={110791},
  year={2022},
  publisher={Elsevier}
}

@article{yang2024interpretable,
  title={Interpretable machine learning for weather and climate prediction: A review},
  author={Yang, Ruyi and Hu, Jingyu and Li, Zihao and Mu, Jianli and Yu, Tingzhao and Xia, Jiangjiang and Li, Xuhong and Dasgupta, Aritra and Xiong, Haoyi},
  journal={Atmospheric Environment},
  pages={120797},
  year={2024},
  publisher={Elsevier}
}

