@article{rantanen2022arctic,
  title={The Arctic has warmed nearly four times faster than the globe since 1979},
  author={Rantanen, Mika and Karpechko, Alexey Yu and Lipponen, Antti and Nordling, Kalle and Hyv{\"a}rinen, Otto and Ruosteenoja, Kimmo and Vihma, Timo and Laaksonen, Ari},
  journal={Communications earth \& environment},
  volume={3},
  number={1},
  pages={168},
  year={2022},
  publisher={Nature Publishing Group UK London}
},
@inbook{IPCC_2023, place={Cambridge}, title={Ocean, Cryosphere and Sea Level Change}, booktitle={Climate Change 2021 – The Physical Science Basis: Working Group I Contribution to the Sixth Assessment Report of the Intergovernmental Panel on Climate Change}, publisher={Cambridge University Press}, author={Intergovernmental Panel on Climate Change (IPCC)}, year={2023}, pages={1211–1362}},
@misc{NOAA,
    key = {National Centers for Environmental Information, Monthly Global Climate Report for Annual 2023, published online January 2024, retrieved on November 18, 2024 from}, 
    note = {https://www.ncei.noaa.gov/access/monitoring/monthly-report/global/202313}
},
@article{khan2022extensive,
  title={Extensive inland thinning and speed-up of Northeast Greenland Ice Stream},
  author={Khan, Shfaqat A and Choi, Youngmin and Morlighem, Mathieu and Rignot, Eric and Helm, Veit and Humbert, Angelika and Mouginot, J{\'e}r{\'e}mie and Millan, Romain and Kj{\ae}r, Kurt H and Bj{\o}rk, Anders A},
  journal={Nature},
  volume={611},
  number={7937},
  pages={727--732},
  year={2022},
  publisher={Nature Publishing Group UK London}
},
@article{hersbach2020era5,
  title={The ERA5 global reanalysis},
  author={Hersbach, Hans and Bell, Bill and Berrisford, Paul and Hirahara, Shoji and Hor{\'a}nyi, Andr{\'a}s and Mu{\~n}oz-Sabater, Joaqu{\'\i}n and Nicolas, Julien and Peubey, Carole and Radu, Raluca and Schepers, Dinand and others},
  journal={Quarterly Journal of the Royal Meteorological Society},
  volume={146},
  number={730},
  pages={1999--2049},
  year={2020},
  publisher={Wiley Online Library}
},
@article{kouki2023evaluation,
  title={Evaluation of snow cover properties in ERA5 and ERA5-Land with several satellite-based datasets in the Northern Hemisphere in spring 1982--2018},
  author={Kouki, Kerttu and Luojus, Kari and Riihel{\"a}, Aku},
  journal={The Cryosphere Discussions},
  volume={2023},
  pages={1--33},
  year={2023},
  publisher={G{\"o}ttingen, Germany}
},
@article{fang2023northern,
  title={Northern Hemisphere Snow Drought in Earth System Model Simulations and ERA5-Land Data in 1980--2014},
  author={Fang, Yilin and Leung, L Ruby},
  journal={Journal of Geophysical Research: Atmospheres},
  volume={128},
  number={23},
  pages={e2023JD039308},
  year={2023},
  publisher={Wiley Online Library}
},
@article{munoz2021era5,
  title={ERA5-Land: A state-of-the-art global reanalysis dataset for land applications},
  author={Mu{\~n}oz-Sabater, Joaqu{\'\i}n and Dutra, Emanuel and Agust{\'\i}-Panareda, Anna and Albergel, Cl{\'e}ment and Arduini, Gabriele and Balsamo, Gianpaolo and Boussetta, Souhail and Choulga, Margarita and Harrigan, Shaun and Hersbach, Hans and others},
  journal={Earth system science data},
  volume={13},
  number={9},
  pages={4349--4383},
  year={2021},
  publisher={Copernicus Publications G{\"o}ttingen, Germany}
},
@article{rounce2021distributed,
  title={Distributed global debris thickness estimates reveal debris significantly impacts glacier mass balance},
  author={Rounce, David R and Hock, Regine and McNabb, RW and Millan, Romain and Sommer, Christian and Braun, MH and Malz, Philipp and Maussion, Fabien and Mouginot, Jeremie and Seehaus, TC and others},
  journal={Geophysical Research Letters},
  volume={48},
  number={8},
  pages={e2020GL091311},
  year={2021},
  publisher={Wiley Online Library}
},
@article{gardner2023glacier,
  title={Glacier Energy and Mass Balance (GEMB): a model of firn processes for cryosphere research},
  author={Gardner, Alex S and Schlegel, Nicole-Jeanne and Larour, Eric},
  journal={Geoscientific Model Development},
  volume={16},
  number={8},
  pages={2277--2302},
  year={2023},
  publisher={Copernicus Publications G{\"o}ttingen, Germany}
}
@inproceedings{ale2024harnessing,
  title={Harnessing Feature Clustering For Enhanced Anomaly Detection With Variational Autoencoder And Dynamic Threshold},
  author={Ale, Tolulope and Janeja, Vandana P and Schlegel, Nicole-Jeanne},
  booktitle={IGARSS 2024-2024 IEEE International Geoscience and Remote Sensing Symposium},
  pages={8692--8696},
  year={2024},
  organization={IEEE}
},
@article{flach2017multivariate,
  title={Multivariate anomaly detection for Earth observations: a comparison of algorithms and feature extraction techniques},
  author={Flach, Milan and Gans, Fabian and Brenning, Alexander and Denzler, Joachim and Reichstein, Markus and Rodner, Erik and Bathiany, Sebastian and Bodesheim, Paul and Guanche, Yanira and Sippel, Sebastian and others},
  journal={Earth System Dynamics},
  volume={8},
  number={3},
  pages={677--696},
  year={2017},
  publisher={Copernicus GmbH}
}
@article{overland2022arctic,
  title={Arctic climate extremes},
  author={Overland, James E},
  journal={Atmosphere},
  volume={13},
  number={10},
  pages={1670},
  year={2022},
  publisher={MDPI}
},
@article{frank2015effects,
  title={Effects of climate extremes on the terrestrial carbon cycle: concepts, processes and potential future impacts},
  author={Frank, Dorothea and Reichstein, Markus and Bahn, Michael and Thonicke, Kirsten and Frank, David and Mahecha, Miguel D and Smith, Pete and Van der Velde, Marijn and Vicca, Sara and Babst, Flurin and others},
  journal={Global change biology},
  volume={21},
  number={8},
  pages={2861--2880},
  year={2015},
  publisher={Wiley Online Library}
},
@inproceedings{kao2009motivating,
  title={Motivating complex dependence structures in data mining: A case study with anomaly detection in climate},
  author={Kao, Shih-Chieh and Ganguly, Auroop R and Steinhaeuser, Karsten},
  booktitle={2009 IEEE International Conference on Data Mining Workshops},
  pages={223--230},
  year={2009},
  organization={IEEE}
},
@article{an2015variational,
  title={Variational autoencoder based anomaly detection using reconstruction probability},
  author={An, Jinwon and Cho, Sungzoon},
  journal={Special lecture on IE},
  volume={2},
  number={1},
  pages={1--18},
  year={2015}
},
@inproceedings{sinha2020variational,
  title={Variational autoencoder anomaly-detection of avalanche deposits in satellite SAR imagery},
  author={Sinha, Saumya and Giffard-Roisin, Sophie and Karbou, Fatima and Deschatres, Michael and Karas, Anna and Eckert, Nicolas and Col{\'e}ou, C{\'e}cile and Monteleoni, Claire},
  booktitle={Proceedings of the 10th International Conference on Climate Informatics},
  pages={113--119},
  year={2020}
},
@article{pang2021deep,
  title={Deep learning for anomaly detection: A review},
  author={Pang, Guansong and Shen, Chunhua and Cao, Longbing and Hengel, Anton Van Den},
  journal={ACM computing surveys (CSUR)},
  volume={54},
  number={2},
  pages={1--38},
  year={2021},
  publisher={ACM New York, NY, USA}
},
@article{tuli2022tranad,
  title={Tranad: Deep transformer networks for anomaly detection in multivariate time series data},
  author={Tuli, Shreshth and Casale, Giuliano and Jennings, Nicholas R},
  journal={arXiv preprint arXiv:2201.07284},
  year={2022}
},
@article{wang2022variational,
  title={Variational transformer-based anomaly detection approach for multivariate time series},
  author={Wang, Xixuan and Pi, Dechang and Zhang, Xiangyan and Liu, Hao and Guo, Chang},
  journal={Measurement},
  volume={191},
  pages={110791},
  year={2022},
  publisher={Elsevier}
},
@article{ergen2019unsupervised,
  title={Unsupervised anomaly detection with LSTM neural networks},
  author={Ergen, Tolga and Kozat, Suleyman Serdar},
  journal={IEEE transactions on neural networks and learning systems},
  volume={31},
  number={8},
  pages={3127--3141},
  year={2019},
  publisher={IEEE}
},
@article{lindemann2021survey,
  title={A survey on anomaly detection for technical systems using LSTM networks},
  author={Lindemann, Benjamin and Maschler, Benjamin and Sahlab, Nada and Weyrich, Michael},
  journal={Computers in Industry},
  volume={131},
  pages={103498},
  year={2021},
  publisher={Elsevier}
},
@inproceedings{he2019temporal,
  title={Temporal convolutional networks for anomaly detection in time series},
  author={He, Yangdong and Zhao, Jiabao},
  booktitle={Journal of Physics: Conference Series},
  volume={1213},
  number={4},
  pages={042050},
  year={2019},
  organization={IOP Publishing}
},
@article{thill2021temporal,
  title={Temporal convolutional autoencoder for unsupervised anomaly detection in time series},
  author={Thill, Markus and Konen, Wolfgang and Wang, Hao and B{\"a}ck, Thomas},
  journal={Applied Soft Computing},
  volume={112},
  pages={107751},
  year={2021},
  publisher={Elsevier}
},
@article{li2023deep,
  title={Deep learning for anomaly detection in multivariate time series: Approaches, applications, and challenges},
  author={Li, Gen and Jung, Jason J},
  journal={Information Fusion},
  volume={91},
  pages={93--102},
  year={2023},
  publisher={Elsevier}
},
@article{kotipalli2024role,
  title={The Role of Attention Mechanisms in Enhancing Transparency and Interpretability of Neural Network Models in Explainable AI},
  author={Kotipalli, Bhargav},
  year={2024}
},
@inproceedings{garreau2020explaining,
  title={Explaining the explainer: A first theoretical analysis of LIME},
  author={Garreau, Damien and Luxburg, Ulrike},
  booktitle={International conference on artificial intelligence and statistics},
  pages={1287--1296},
  year={2020},
  organization={PMLR}
},
@article{lundberg2020local,
  title={From local explanations to global understanding with explainable AI for trees},
  author={Lundberg, Scott M and Erion, Gabriel and Chen, Hugh and DeGrave, Alex and Prutkin, Jordan M and Nair, Bala and Katz, Ronit and Himmelfarb, Jonathan and Bansal, Nisha and Lee, Su-In},
  journal={Nature machine intelligence},
  volume={2},
  number={1},
  pages={56--67},
  year={2020},
  publisher={Nature Publishing Group}
},
@inproceedings{trifunov2021anomaly,
  title={Anomaly attribution of multivariate time series using counterfactual reasoning},
  author={Trifunov, Violeta Teodora and Shadaydeh, Maha and Barz, Bj{\"o}rn and Denzler, Joachim},
  booktitle={2021 20th IEEE International Conference on Machine Learning and Applications (ICMLA)},
  pages={166--172},
  year={2021},
  organization={IEEE}
},
@article{jiang2024interpretable,
  title={How interpretable machine learning can benefit process understanding in the geosciences},
  author={Jiang, Shijie and Sweet, Lily-belle and Blougouras, Georgios and Brenning, Alexander and Li, Wantong and Reichstein, Markus and Denzler, Joachim and Shangguan, Wei and Yu, Guo and Huang, Feini and others},
  journal={Earth's Future},
  volume={12},
  number={7},
  pages={e2024EF004540},
  year={2024},
  publisher={Wiley Online Library}
},
@article{yang2024interpretable,
  title={Interpretable machine learning for weather and climate prediction: A review},
  author={Yang, Ruyi and Hu, Jingyu and Li, Zihao and Mu, Jianli and Yu, Tingzhao and Xia, Jiangjiang and Li, Xuhong and Dasgupta, Aritra and Xiong, Haoyi},
  journal={Atmospheric Environment},
  pages={120797},
  year={2024},
  publisher={Elsevier}
},
@article{barz2018detecting,
  title={Detecting regions of maximal divergence for spatio-temporal anomaly detection},
  author={Barz, Bj{\"o}rn and Rodner, Erik and Garcia, Yanira Guanche and Denzler, Joachim},
  journal={IEEE transactions on pattern analysis and machine intelligence},
  volume={41},
  number={5},
  pages={1088--1101},
  year={2018},
  publisher={IEEE}
},
@inproceedings{su2019robust,
  title={Robust anomaly detection for multivariate time series through stochastic recurrent neural network},
  author={Su, Ya and Zhao, Youjian and Niu, Chenhao and Liu, Rong and Sun, Wei and Pei, Dan},
  booktitle={Proceedings of the 25th ACM SIGKDD international conference on knowledge discovery \& data mining},
  pages={2828--2837},
  year={2019}
},
@article{beckmann2023effects,
  title={Effects of extreme melt events on ice flow and sea level rise of the Greenland Ice Sheet},
  author={Beckmann, Johanna and Winkelmann, Ricarda},
  journal={The Cryosphere},
  volume={17},
  number={7},
  pages={3083--3099},
  year={2023},
  publisher={Copernicus Publications G{\"o}ttingen, Germany}
},
@article{slater2021increased,
  title={Increased variability in Greenland Ice Sheet runoff from satellite observations},
  author={Slater, Thomas and Shepherd, Andrew and McMillan, Malcolm and Leeson, Amber and Gilbert, Lin and Muir, Alan and Munneke, Peter Kuipers and No{\"e}l, Brice and Fettweis, Xavier and van den Broeke, Michiel and others},
  journal={Nature Communications},
  volume={12},
  number={1},
  pages={6069},
  year={2021},
  publisher={Nature Publishing Group UK London}
},
@article{bonsoms2024rising,
  title={Rising extreme meltwater trends in Greenland ice sheet (1950--2022): surface energy balance and large-scale circulation changes},
  author={Bonsoms, Josep and Oliva, Marc and L{\'o}pez-Moreno, Juan I and Fettweis, Xavier},
  journal={Journal of Climate},
  volume={37},
  number={18},
  pages={4851--4866},
  year={2024},
  publisher={American Meteorological Society}
},
@article{krebs2023brief,
  title={Brief communication: Surface energy balance differences over Greenland between ERA5 and ERA-Interim},
  author={Krebs-Kanzow, Uta and Rodehacke, Christian B and Lohmann, Gerrit},
  journal={The Cryosphere},
  volume={17},
  number={12},
  pages={5131--5136},
  year={2023},
  publisher={Copernicus Publications G{\"o}ttingen, Germany}
},
@article{hofer2017decreasing,
  title={Decreasing cloud cover drives the recent mass loss on the Greenland Ice Sheet},
  author={Hofer, Stefan and Tedstone, Andrew J and Fettweis, Xavier and Bamber, Jonathan L},
  journal={Science Advances},
  volume={3},
  number={6},
  pages={e1700584},
  year={2017},
  publisher={American Association for the Advancement of Science}
},
@article{blau2024extreme,
  title={Extreme summer temperature anomalies over Greenland largely result from clear-sky radiation and circulation anomalies},
  author={Blau, Manuel Tobias and Ha, Kyung-Ja and Chung, Eui-Seok},
  journal={Communications Earth \& Environment},
  volume={5},
  number={1},
  pages={405},
  year={2024},
  publisher={Nature Publishing Group UK London}
},
@article{ryan2024contribution,
  title={Contribution of surface and cloud radiative feedbacks to Greenland Ice Sheet meltwater production during 2002--2023},
  author={Ryan, Jonathan C},
  journal={Communications Earth \& Environment},
  volume={5},
  number={1},
  pages={538},
  year={2024},
  publisher={Nature Publishing Group UK London}
},
@article{wang2021greenland,
  title={Greenland surface melt dominated by solar and sensible heating},
  author={Wang, Wenshan and Zender, Charles S and van As, Dirk and Fausto, Robert S and Laffin, Matthew K},
  journal={Geophysical Research Letters},
  volume={48},
  number={7},
  pages={e2020GL090653},
  year={2021},
  publisher={Wiley Online Library}
},
@article{holube2022sources,
  title={Sources of uncertainty in Greenland surface mass balance in the 21st century},
  author={Holube, Katharina M and Zolles, Tobias and Born, Andreas},
  journal={The Cryosphere},
  volume={16},
  number={1},
  pages={315--331},
  year={2022},
  publisher={Copernicus Publications G{\"o}ttingen, Germany}
},
@article{bamber2022ice,
  title={Ice sheet and climate processes driving the uncertainty in projections of future sea level rise: Findings from a structured expert judgement approach},
  author={Bamber, JL and Oppenheimer, Michael and Kopp, RE and Aspinall, WP and Cooke, Roger M},
  journal={Earth's Future},
  volume={10},
  number={10},
  pages={e2022EF002772},
  year={2022},
  publisher={Wiley Online Library}
},
@article{nsidc2019,
    publisher = {National Snow and Ice Data Center},
    title = {Large ice loss on the Greenland ice sheet in 2019} ,
    journal = {National Snow and Ice Data Center-Greenland Ice Sheet Today} ,
    year = {2019},
    URL = {https://nsidc.org/ice-sheets-today/analyses/large-ice-loss-greenland-ice-sheet-2019}
},
@inproceedings{ahmed2017wadi,
  title={WADI: a water distribution testbed for research in the design of secure cyber physical systems},
  author={Ahmed, Chuadhry Mujeeb and Palleti, Venkata Reddy and Mathur, Aditya P},
  booktitle={Proceedings of the 3rd international workshop on cyber-physical systems for smart water networks},
  pages={25--28},
  year={2017}
},
@dataset{schlegel_2024_10806250,
  author       = {Schlegel, Nicole-Jeanne and
                  Gardner, Alex},
  title        = {Output from the Glacier Energy and Mass Balance
                   (GEMB v1.0) forced with 3-hourly ERA5 fields and
                   gridded to 10km, Greenland and Antarctica
                   1979-2023
                  },
  month        = mar,
  year         = 2024,
  publisher    = {Zenodo},
  version      = {1.3-5day},
  doi          = {10.5281/zenodo.10806250},
  url          = {https://doi.org/10.5281/zenodo.10806250},
},
@Article{tc-14-855-2020,
AUTHOR = {Barthel, A. and Agosta, C. and Little, C. M. and Hattermann, T. and Jourdain, N. C. and Goelzer, H. and Nowicki, S. and Seroussi, H. and Straneo, F. and Bracegirdle, T. J.},
TITLE = {CMIP5 model selection for ISMIP6 ice sheet model forcing: Greenland and Antarctica},
JOURNAL = {The Cryosphere},
VOLUME = {14},
YEAR = {2020},
NUMBER = {3},
PAGES = {855--879},
URL = {https://tc.copernicus.org/articles/14/855/2020/},
DOI = {10.5194/tc-14-855-2020}
},

@misc{cmip7,
    key = {https://wcrp-cmip.org/cmip7/}, 
}