@article{10.1145/2184319.2184343,
author = {Cand\`{e}s, Emmanuel and Recht, Benjamin},
title = {Exact matrix completion via convex optimization},
year = {2012},
journal = {Foundations of Computational Mathematics},
volume = {55},
number = {6},
pages = {111--119}
}

@article{10.5555/3305381.3305509,
author = {Ge, Rong and Jin, Chi and Zheng, Yi},
title = {No spurious local minima in nonconvex low rank problems: A unified geometric analysis},
year = {2017},
journal = {International Conference on Machine Learning}
}

@article{Burer2003ANP,
  title={A nonlinear programming algorithm for solving semidefinite programs via low-rank factorization},
  author={Samuel Burer and Renato D. C. Monteiro},
  journal={Mathematical Programming},
  year={2003},
  volume={95},
  pages={329-357}
}

@article{NIPS2016_b139e104,
 author = {Bhojanapalli, Srinadh and Neyshabur, Behnam and Srebro, Nati},
 journal = {Neural Information Processing Systems},
 title = {Global Optimality of Local Search for Low Rank Matrix Recovery},
 year = {2016}
}

@article{ben-zaken-etal-2022-bitfit,
    title = "{B}it{F}it: Simple Parameter-efficient Fine-tuning for Transformer-based Masked Language-models",
    author = "Ben Zaken, Elad  and
      Goldberg, Yoav  and
      Ravfogel, Shauli",
    journal = "Association for Computational Linguistics",
    year = "2022",
}

@article{dayi2024gradient,
  title={Gradient dynamics for low-rank fine-tuning beyond kernels},
  author={Dayi, Arif Kerem and Chen, Sitan},
  journal={arXiv preprint arXiv:2411.15385},
  year={2024}
}

@article{doi:10.1137/070697835,
author = {Recht, Benjamin and Fazel, Maryam and Parrilo, Pablo A.},
title = {Guaranteed Minimum-Rank Solutions of Linear Matrix Equations via Nuclear Norm Minimization},
journal = {SIAM Review},
volume = {52},
number = {3},
pages = {471-501},
year = {2010}}

@article{doi:10.1137/18M1231675,
author = {Ha, Wooseok and Liu, Haoyang and Barber, Rina Foygel},
title = {An Equivalence between Critical Points for Rank Constraints Versus Low-Rank Factorizations},
journal = {SIAM Journal on Optimization},
volume = {30},
number = {4},
pages = {2927-2955},
year = {2020}
}

@article{lester-etal-2021-power,
    title = "The Power of Scale for Parameter-Efficient Prompt Tuning",
    author = "Lester, Brian  and
      Al-Rfou, Rami  and
      Constant, Noah",
    journal = "Empirical Methods in Natural Language Processing",
    year = 2021
}

@article{li-liang-2021-prefix,
    title = "Prefix-Tuning: Optimizing Continuous Prompts for Generation",
    author = "Li, Xiang Lisa  and
      Liang, Percy",
    journal = "Association for Computational Linguistics",
    year = 2021
}

@article{pmlr-v202-malladi23a,
  title = 	 {A Kernel-Based View of Language Model Fine-Tuning},
  author =       {Malladi, Sadhika and Wettig, Alexander and Yu, Dingli and Chen, Danqi and Arora, Sanjeev},
  journal= 	 {International Conference on Machine Learning},
  year = {2023}
}

@article{pmlr-v54-park17a,
  title = 	 {{Non-square matrix sensing without spurious local minima via the {B}urer--{M}onteiro approach}},
  author = 	 {Park, Dohyung and Kyrillidis, Anastasios and Carmanis, Constantine and Sanghavi, Sujay},
  journal = 	 {International Conference on Artificial Intelligence and Statistics},
  year = 	 {2017}
}

@article{wang2024loraprolowrankadaptersproperly,
      title={{LoRA-Pro}: Are Low-Rank Adapters Properly Optimized?}, 
      author={Zhengbo Wang and Jian Liang and Ran He and Zilei Wang and Tieniu Tan},
      year={2024},
      journal ={arXiv preprint arXiv: 2407.18242},
}

@article{zhang2021sharpglobalguaranteesnonconvex,
      title={Sharp Global Guarantees for Nonconvex Low-Rank Matrix Recovery in the Overparameterized Regime}, 
      author={Richard Y. Zhang},
      year={2021},
      journal ={arXiv preprint arXiv: 2104.10790}
}

@article{zhang2024improved,
  title={Improved global guarantees for the nonconvex {B}urer--{M}onteiro factorization via rank overparameterization},
  author={Zhang, Richard Y},
  journal={Mathematical Programming},
  pages={1--30},
  year={2024}
}

