@inproceedings{alsheikh2011whose,
    author = {Alsheikh, Tamara and Rode, Jennifer A. and Lindley, Si\^{a}n E.},
    title = {(Whose) value-sensitive design: a study of long- distance relationships in an Arabic cultural context},
    year = {2011},
    isbn = {9781450305563},
    publisher = {Association for Computing Machinery},
    address = {New York, NY, USA},
    url = {https://doi.org/10.1145/1958824.1958836},
    doi = {10.1145/1958824.1958836},
    booktitle = {Proceedings of the ACM 2011 Conference on Computer Supported Cooperative Work},
    pages = {75–84},
    numpages = {10},
    keywords = {communication, culture, feminism, intimacy, values},
    location = {Hangzhou, China},
    series = {CSCW '11}
}

@inproceedings{escher2024hexing,
    author = {Escher, Nel and Banovic, Nikola},
    title = {Hexing Twitter: Channeling Ancient Magic to Bind Mechanisms of Extraction},
    year = {2024},
    isbn = {9798400703317},
    publisher = {Association for Computing Machinery},
    address = {New York, NY, USA},
    url = {https://doi.org/10.1145/3613905.3644071},
    doi = {10.1145/3613905.3644071},
    booktitle = {Extended Abstracts of the CHI Conference on Human Factors in Computing Systems},
    articleno = {557},
    numpages = {6},
    keywords = {magic, resistance, social media},
    location = {Honolulu, HI, USA},
    series = {CHI EA '24}
}

@inbook{friedman2013value,
    address={Dordrecht},
    title={Value Sensitive Design and Information Systems},
    ISBN={978-94-007-7844-3},
    url={https://doi.org/10.1007/978-94-007-7844-3_4},
    DOI={10.1007/978-94-007-7844-3_4},
    booktitle={Early engagement and new technologies: Opening up the laboratory},
    publisher={Springer Netherlands},
    author={Friedman, Batya and Kahn, Peter H. and Borning, Alan and Huldtgren, Alina},
    year={2013},
    pages={55–95}
}

@article{hammer2022individual,
  title={From individual rights to community obligations: a Jewish approach to speech},
  author={Hammer, Jessica and Reig, Samantha},
  journal={Interactions},
  volume={29},
  number={4},
  pages={30--34},
  year={2022},
  publisher={ACM New York, NY, USA}
}

@article{hiniker2022reclaiming,
  title={Reclaiming attention: Christianity and HCI},
  author={Hiniker, Alexis and Wobbrock, Jacob O},
  journal={Interactions},
  volume={29},
  number={4},
  pages={40--44},
  year={2022},
  publisher={ACM New York, NY, USA}
}

@article{mcguire2020buddhist,
  title={Buddhist-inspired Self-tracking Apps: Tracking Emotions and Values in a Digital Era},
  author={McGuire, Beverley},
  journal={Journal of the Japanese Association for Digital Humanities},
  volume={5},
  number={2},
  pages={43--60},
  year={2020},
  publisher={Japanese Association for Digital Humanities}
}

