
% Journals

% First the Full Name is given, then the abbreviation used in the AMS Math
% Reviews, with an indication if it could not be found there.
% Note the 2nd overwrites the 1st, so swap them if you want the full name.

 %{AMS}
 @String{AMSTrans = "American Mathematical Society Translations" }
 @String{AMSTrans = "Amer. Math. Soc. Transl." }
 @String{BullAMS = "Bulletin of the American Mathematical Society" }
 @String{BullAMS = "Bull. Amer. Math. Soc." }
 @String{ProcAMS = "Proceedings of the American Mathematical Society" }
 @String{ProcAMS = "Proc. Amer. Math. Soc." }
 @String{TransAMS = "Transactions of the American Mathematical Society" }
 @String{TransAMS = "Trans. Amer. Math. Soc." }

 %ACM
 @String{CACM = "Communications of the {ACM}" }
 @String{CACM = "Commun. {ACM}" }
 @String{CompServ = "Comput. Surveys" }
 @String{JACM = "J. ACM" }
 @String{ACMMathSoft = "{ACM} Transactions on Mathematical Software" }
 @String{ACMMathSoft = "{ACM} Trans. Math. Software" }
 @String{SIGNUM = "{ACM} {SIGNUM} Newsletter" }
 @String{SIGNUM = "{ACM} {SIGNUM} Newslett." }

 @String{AmerSocio = "American Journal of Sociology" }
 @String{AmerStatAssoc = "Journal of the American Statistical Association" }
 @String{AmerStatAssoc = "J. Amer. Statist. Assoc." }
 @String{ApplMathComp = "Applied Mathematics and Computation" }
 @String{ApplMathComp = "Appl. Math. Comput." }
 @String{AmerMathMonthly = "American Mathematical Monthly" }
 @String{AmerMathMonthly = "Amer. Math. Monthly" }
 @String{BIT = "{BIT}" }
 @String{BritStatPsych = "British Journal of Mathematical and Statistical
          Psychology" }
 @String{BritStatPsych = "Brit. J. Math. Statist. Psych." }
 @String{CanMathBull = "Canadian Mathematical Bulletin" }
 @String{CanMathBull = "Canad. Math. Bull." }
 @String{CompApplMath = "Journal of Computational and Applied Mathematics" }
 @String{CompApplMath = "J. Comput. Appl. Math." }
 @String{CompPhys = "Journal of Computational Physics" }
 @String{CompPhys = "J. Comput. Phys." }
 @String{CompStruct = "Computers and Structures" }
 @String{CompStruct = "Comput. \& Structures" }
 @String{CompJour = "The Computer Journal" }
 @String{CompJour = "Comput. J." }
 @String{CompSysSci = "Journal of Computer and System Sciences" }
 @String{CompSysSci = "J. Comput. System Sci." }
 @String{Computing = "Computing" }
 @String{ContempMath = "Contemporary Mathematics" }
 @String{ContempMath = "Contemp. Math." }
 @String{Crelle = "Crelle's Journal" }
 @String{GiornaleMath = "Giornale di Mathematiche" }
 @String{GiornaleMath = "Giorn. Mat." } % didn't find in AMS MR., ibid.

 %IEEE
 @String{Computer = "{IEEE} Computer" }
 @String{IEEETransComp = "{IEEE} Transactions on Computers" }
 @String{IEEETransComp = "{IEEE} Trans. Comput." }
 @String{IEEETransAC = "{IEEE} Transactions on Automatic Control" }
 @String{IEEETransAC = "{IEEE} Trans. Automat. Control" }
 @String{IEEESpec = "{IEEE} Spectrum" } % didn't find in AMS MR
 @String{ProcIEEE = "Proceedings of the {IEEE}" }
 @String{ProcIEEE = "Proc. {IEEE}" } % didn't find in AMS MR
 @String{IEEETransAeroElec = "{IEEE} Transactions on Aerospace and Electronic
     Systems" }
 @String{IEEETransAeroElec = "{IEEE} Trans. Aerospace Electron. Systems" }

 @String{IMANumerAna = "{IMA} Journal of Numerical Analysis" }
 @String{IMANumerAna = "{IMA} J. Numer. Anal." }
 @String{InfProcLet = "Information Processing Letters" }
 @String{InfProcLet = "Inform. Process. Lett." }
 @String{InstMathApp = "Journal of the Institute of Mathematics and
     its Applications" }
 @String{InstMathApp = "J. Inst. Math. Appl." }
 @String{IntControl = "International Journal of Control" }
 @String{IntControl = "Internat. J. Control" }
 @String{IntNumerEng = "International Journal for Numerical Methods in
     Engineering" }
 @String{IntNumerEng = "Internat. J. Numer. Methods Engrg." }
 @String{IntSuper = "International Journal of Supercomputing Applications" }
 @String{IntSuper = "Internat. J. Supercomputing Applic." } % didn't find
%% in AMS MR
 @String{Kibernetika = "Kibernetika" }
 @String{JResNatBurStand = "Journal of Research of the National Bureau
     of Standards" }
 @String{JResNatBurStand = "J. Res. Nat. Bur. Standards" }
 @String{LinAlgApp = "Linear Algebra and its Applications" }
 @String{LinAlgApp = "Linear Algebra Appl." }
 @String{MathAnaAppl = "Journal of Mathematical Analysis and Applications" }
 @String{MathAnaAppl = "J. Math. Anal. Appl." }
 @String{MathAnnalen = "Mathematische Annalen" }
 @String{MathAnnalen = "Math. Ann." }
 @String{MathPhys = "Journal of Mathematical Physics" }
 @String{MathPhys = "J. Math. Phys." }
 @String{MathComp = "Mathematics of Computation" }
 @String{MathComp = "Math. Comp." }
 @String{MathScand = "Mathematica Scandinavica" }
 @String{MathScand = "Math. Scand." }
 @String{TablesAidsComp = "Mathematical Tables and Other Aids to Computation" }
 @String{TablesAidsComp = "Math. Tables Aids Comput." }
 @String{NumerMath = "Numerische Mathematik" }
 @String{NumerMath = "Numer. Math." }
 @String{PacificMath = "Pacific Journal of Mathematics" }
 @String{PacificMath = "Pacific J. Math." }
 @String{ParDistComp = "Journal of Parallel and Distributed Computing" }
 @String{ParDistComp = "J. Parallel and Distrib. Comput." } % didn't find
%% in AMS MR
 @String{ParComputing = "Parallel Computing" }
 @String{ParComputing = "Parallel Comput." }
 @String{PhilMag = "Philosophical Magazine" }
 @String{PhilMag = "Philos. Mag." }
 @String{ProcNAS = "Proceedings of the National Academy of Sciences
                    of the USA" }
 @String{ProcNAS = "Proc. Nat. Acad. Sci. U. S. A." }
 @String{Psychometrika = "Psychometrika" }
 @String{QuartMath = "Quarterly Journal of Mathematics, Oxford, Series (2)" }
 @String{QuartMath = "Quart. J. Math. Oxford Ser. (2)" }
 @String{QuartApplMath = "Quarterly of Applied Mathematics" }
 @String{QuartApplMath = "Quart. Appl. Math." }
 @String{RevueInstStat = "Review of the International Statisical Institute" }
 @String{RevueInstStat = "Rev. Inst. Internat. Statist." }

 %SIAM
 @String{JSIAM = "Journal of the Society for Industrial and Applied
     Mathematics" }
 @String{JSIAM = "J. Soc. Indust. Appl. Math." }
 @String{JSIAMB = "Journal of the Society for Industrial and Applied
     Mathematics, Series B, Numerical Analysis" }
 @String{JSIAMB = "J. Soc. Indust. Appl. Math. Ser. B Numer. Anal." }
 @String{SIAMAlgMeth = "{SIAM} Journal on Algebraic and Discrete Methods" }
 @String{SIAMAlgMeth = "{SIAM} J. Algebraic Discrete Methods" }
 @String{SIAMAppMath = "{SIAM} Journal on Applied Mathematics" }
 @String{SIAMAppMath = "{SIAM} J. Appl. Math." }
 @String{SIAMComp = "{SIAM} Journal on Computing" }
 @String{SIAMComp = "{SIAM} J. Comput." }
 @String{SIAMMatrix = "{SIAM} Journal on Matrix Analysis and Applications" }
 @String{SIAMMatrix = "{SIAM} J. Matrix Anal. Appl." }
 @String{SIAMNumAnal = "{SIAM} Journal on Numerical Analysis" }
 @String{SIAMNumAnal = "{SIAM} J. Numer. Anal." }
 @String{SIAMReview = "{SIAM} Review" }
 @String{SIAMReview = "{SIAM} Rev." }
 @String{SIAMSciStat = "{SIAM} Journal on Scientific and Statistical
     Computing" }
 @String{SIAMSciStat = "{SIAM} J. Sci. Statist. Comput." }

 @String{SoftPracExp = "Software Practice and Experience" }
 @String{SoftPracExp = "Software Prac. Experience" } % didn't find in AMS MR
 @String{StatScience = "Statistical Science" }
 @String{StatScience = "Statist. Sci." }
 @String{Techno = "Technometrics" }
 @String{USSRCompMathPhys = "{USSR} Computational Mathematics and Mathematical
     Physics" }
 @String{USSRCompMathPhys = "{U. S. S. R.} Comput. Math. and Math. Phys." }
 @String{VLSICompSys = "Journal of {VLSI} and Computer Systems" }
 @String{VLSICompSys = "J. {VLSI} Comput. Syst." }
 @String{ZAngewMathMech = "Zeitschrift fur Angewandte Mathematik und
     Mechanik" }
 @String{ZAngewMathMech = "Z. Angew. Math. Mech." }
 @String{ZAngewMathPhys = "Zeitschrift fur Angewandte Mathematik und Physik" }
 @String{ZAngewMathPhys = "Z. Angew. Math. Phys." }

% Publishers % ================================================= |

 @String{Academic = "Academic Press" }
 @String{ACMPress = "{ACM} Press" }
 @String{AdamHilger = "Adam Hilger" }
 @String{AddisonWesley = "Addison-Wesley" }
 @String{AllynBacon = "Allyn and Bacon" }
 @String{AMS = "American Mathematical Society" }
 @String{Birkhauser = "Birkha{\"u}ser" }
 @String{CambridgePress = "Cambridge University Press" }
 @String{Chelsea = "Chelsea" }
 @String{ClaredonPress = "Claredon Press" }
 @String{DoverPub = "Dover Publications" }
 @String{Eyolles = "Eyolles" }
 @String{HoltRinehartWinston = "Holt, Rinehart and Winston" }
 @String{Interscience = "Interscience" }
 @String{JohnsHopkinsPress = "The Johns Hopkins University Press" }
 @String{JohnWileySons = "John Wiley and Sons" }
 @String{Macmillan = "Macmillan" }
 @String{MathWorks = "The Math Works Inc." }
 @String{McGrawHill = "McGraw-Hill" }
 @String{NatBurStd = "National Bureau of Standards" }
 @String{NorthHolland = "North-Holland" }
 @String{OxfordPress = "Oxford University Press" }  %address Oxford or London?
 @String{PergamonPress = "Pergamon Press" }
 @String{PlenumPress = "Plenum Press" }
 @String{PrenticeHall = "Prentice-Hall" }
 @String{SIAMPub = "{SIAM} Publications" }
 @String{Springer = "Springer-Verlag" }
 @String{TexasPress = "University of Texas Press" }
 @String{VanNostrand = "Van Nostrand" }
 @String{WHFreeman = "W. H. Freeman and Co." }

%Entries

@book{friedman2019value,
    address={Cambridge, Massachusetts},
    title={Value Sensitive Design: Shaping Technology With Moral Imagination},
    publisher={MIT Press},
    author={Friedman, Batya and Hendry, David},
    year={2019}
}

@article{cho2018collective,
  title={Collective privacy management in social media: A cross-cultural validation},
  author={Cho, Hichang and Knijnenburg, Bart and Kobsa, Alfred and Li, Yao},
  journal={ACM Transactions on Computer-Human Interaction (TOCHI)},
  volume={25},
  number={3},
  pages={1--33},
  year={2018},
  publisher={ACM New York, NY, USA}
}

@inbook{friedman2013value,
    address={Dordrecht},
    title={Value Sensitive Design and Information Systems},
    ISBN={978-94-007-7844-3},
    url={https://doi.org/10.1007/978-94-007-7844-3_4},
    DOI={10.1007/978-94-007-7844-3_4},
    booktitle={Early engagement and new technologies: Opening up the laboratory},
    publisher={Springer Netherlands},
    author={Friedman, Batya and Kahn, Peter H. and Borning, Alan and Huldtgren, Alina},
    year={2013},
    pages={55–95}
}

@inproceedings{borning2012next,
    author = {Borning, Alan and Muller, Michael},
    title = {Next steps for value sensitive design},
    year = {2012},
    isbn = {9781450310154},
    publisher = {Association for Computing Machinery},
    address = {New York, NY, USA},
    url = {https://doi.org/10.1145/2207676.2208560},
    doi = {10.1145/2207676.2208560},
    booktitle = {Proceedings of the SIGCHI Conference on Human Factors in Computing Systems},
    pages = {1125–1134},
    numpages = {10},
    keywords = {voice, value sensitive design, universal values, qualitative research, participatory design, feminism, design, culturally-specific values, collaborative ethnography},
    location = {Austin, Texas, USA},
    series = {CHI '12}
}

@inproceedings{le2009values,
    author = {Le Dantec, Christopher A. and Poole, Erika Shehan and Wyche, Susan P.},
    title = {Values as lived experience: evolving value sensitive design in support of value discovery},
    year = {2009},
    isbn = {9781605582467},
    publisher = {Association for Computing Machinery},
    address = {New York, NY, USA},
    url = {https://doi.org/10.1145/1518701.1518875},
    doi = {10.1145/1518701.1518875},
    booktitle = {Proceedings of the SIGCHI Conference on Human Factors in Computing Systems},
    pages = {1141–1150},
    numpages = {10},
    keywords = {empirical methods, fieldwork, methodology, photo elicitation, value sensitive design, values},
    location = {Boston, MA, USA},
    series = {CHI '09}
}

@inproceedings{ibtasam2021god,
  title={For God’s sake! Considering Religious Beliefs in HCI Research: A Case of Islamic HCI},
  author={Ibtasam, Samia},
  booktitle={Extended Abstracts of the 2021 CHI Conference on Human Factors in Computing Systems},
  pages={1--8},
  year={2021}
}

@article{hiniker2022reclaiming,
  title={Reclaiming attention: Christianity and HCI},
  author={Hiniker, Alexis and Wobbrock, Jacob O},
  journal={Interactions},
  volume={29},
  number={4},
  pages={40--44},
  year={2022},
  publisher={ACM New York, NY, USA}
}

@inproceedings{escher2024hexing,
    author = {Escher, Nel and Banovic, Nikola},
    title = {Hexing Twitter: Channeling Ancient Magic to Bind Mechanisms of Extraction},
    year = {2024},
    isbn = {9798400703317},
    publisher = {Association for Computing Machinery},
    address = {New York, NY, USA},
    url = {https://doi.org/10.1145/3613905.3644071},
    doi = {10.1145/3613905.3644071},
    booktitle = {Extended Abstracts of the CHI Conference on Human Factors in Computing Systems},
    articleno = {557},
    numpages = {6},
    keywords = {magic, resistance, social media},
    location = {Honolulu, HI, USA},
    series = {CHI EA '24}
}

@article{mcguire2020buddhist,
  title={Buddhist-inspired Self-tracking Apps: Tracking Emotions and Values in a Digital Era},
  author={McGuire, Beverley},
  journal={Journal of the Japanese Association for Digital Humanities},
  volume={5},
  number={2},
  pages={43--60},
  year={2020},
  publisher={Japanese Association for Digital Humanities}
}

@book{vallor_2018,
    address={New York, New York},
    title={Technology and the Virtues: A Philosophical Guide to a Future Worth Wanting},
    publisher={Oxford University Press},
    author={Vallor, Shannon},
    year={2018}
}

@article{gorichanaz2024virtuous,
  title={Virtuous search: A framework for intellectual virtue in online search},
  author={Gorichanaz, Tim},
  journal={Journal of the Association for Information Science and Technology},
  volume={75},
  number={5},
  pages={538--549},
  year={2024},
  publisher={Wiley Online Library}
}

@inproceedings{rifat2022integrating,
    author = {Rifat, Mohammad Rashidujjaman and Peer, Firaz Ahmed and Rabaan, Hawra and Mim, Nusrat Jahan and Mustafa, Maryam and Toyama, Kentaro and Markum, Robert B. and Buie, Elizabeth and Hammer, Jessica and Sultana, Sharifa and Sabie, Samar and Ahmed, Syed Ishtiaque},
    title = {Integrating Religion, Faith, and Spirituality in HCI},
    year = {2022},
    isbn = {9781450391566},
    publisher = {Association for Computing Machinery},
    address = {New York, NY, USA},
    url = {https://doi.org/10.1145/3491101.3503705},
    doi = {10.1145/3491101.3503705},
    booktitle = {Extended Abstracts of the 2022 CHI Conference on Human Factors in Computing Systems},
    articleno = {96},
    numpages = {6},
    keywords = {spirituality, religion, faith},
    location = {New Orleans, LA, USA},
    series = {CHI EA '22}
}


@article{hammer2022individual,
  title={From individual rights to community obligations: a Jewish approach to speech},
  author={Hammer, Jessica and Reig, Samantha},
  journal={Interactions},
  volume={29},
  number={4},
  pages={30--34},
  year={2022},
  publisher={ACM New York, NY, USA}
}

@article{toyama2022technology,
  title={Technology and the inward turn of faith},
  author={Toyama, Kentaro},
  journal={Interactions},
  volume={29},
  number={4},
  pages={36--39},
  year={2022},
  publisher={ACM New York, NY, USA}
}

@article{naqshbandi2022making,
  title={Making space for faith, religion, and spirituality in prosocial HCI},
  author={Naqshbandi, Khushnood and Mah, Kristina and Ahmadpour, Naseem},
  journal={Interactions},
  volume={29},
  number={4},
  pages={62--67},
  year={2022},
  publisher={ACM New York, NY, USA}
}

@inproceedings{zhang2024searching,
    author = {Zhang, Haoqi},
    title = {Searching for the Non-Consequential: Dialectical Activities in HCI and the Limits of Computers},
    year = {2024},
    isbn = {9798400703300},
    publisher = {Association for Computing Machinery},
    address = {New York, NY, USA},
    url = {https://doi.org/10.1145/3613904.3641945},
    doi = {10.1145/3613904.3641945},
    booktitle = {Proceedings of the 2024 CHI Conference on Human Factors in Computing Systems},
    articleno = {297},
    numpages = {13},
    keywords = {Dialectical activities, consequentialism, human values in HCI, philosophy in HCI},
    location = {Honolulu, HI, USA},
    series = {CHI '24}
}

@article{devito2021values,
  title={Values (mis) alignment: Exploring tensions between platform and LGBTQ+ community design values},
  author={DeVito, Michael Ann and Walker, Ashley Marie and Fernandez, Julia R},
  journal={Proceedings of the ACM on Human-Computer Interaction},
  volume={5},
  number={CSCW1},
  pages={1--27},
  year={2021},
  publisher={ACM New York, NY, USA}
}

@inproceedings{le2008designs,
  title={Designs on dignity: perceptions of technology among the homeless},
  author={Le Dantec, Christopher A and Edwards, W Keith},
  booktitle={Proceedings of the SIGCHI conference on human factors in computing systems},
  pages={627--636},
  year={2008}
}

@article{schwartz2012overview,
  title={An overview of the Schwartz theory of basic values},
  author={Schwartz, Shalom H},
  journal={Online readings in Psychology and Culture},
  volume={2},
  number={1},
  pages={11},
  year={2012}
}

@inproceedings{friedman2008personlig,
  title={Personlig integritet: A comparative study of perceptions of privacy in public places in Sweden and the United States},
  author={Friedman, Batya and Hook, Kristina and Gill, Brian and Eidmar, Lina and Prien, Catherine Sallmander and Severson, Rachel},
  booktitle={Proceedings of the 5th Nordic conference on Human-computer interaction: building bridges},
  pages={142--151},
  year={2008}
}

@misc{Schroeder_2021,
title={Value theory},
url={http://seop.illc.uva.nl/entries/value-theory/},
journal={Stanford Encyclopedia of Philosophy},
publisher={Stanford University},
author={Schroeder, Mark},
year={2021},
month={Mar}} 

@inproceedings{alsheikh2011whose,
    author = {Alsheikh, Tamara and Rode, Jennifer A. and Lindley, Si\^{a}n E.},
    title = {(Whose) value-sensitive design: a study of long- distance relationships in an Arabic cultural context},
    year = {2011},
    isbn = {9781450305563},
    publisher = {Association for Computing Machinery},
    address = {New York, NY, USA},
    url = {https://doi.org/10.1145/1958824.1958836},
    doi = {10.1145/1958824.1958836},
    booktitle = {Proceedings of the ACM 2011 Conference on Computer Supported Cooperative Work},
    pages = {75–84},
    numpages = {10},
    keywords = {communication, culture, feminism, intimacy, values},
    location = {Hangzhou, China},
    series = {CSCW '11}
}

@misc{Magliano_2012,
    title={Surprise! Catholic social teaching is the church’s best-kept secret},
    url={https://www.ncronline.org/blogs/making-difference/surprise-catholic-social-teaching-churchs-best-kept-secret}, journal={National Catholic Reporter}, publisher={National Catholic Reporter},
    author={Magliano, Tony},
    year={2012},
    month={Apr}
} 

@inproceedings{millett2001cookies,
    author = {Millett, Lynette I. and Friedman, Batya and Felten, Edward},
    title = {Cookies and Web browser design: toward realizing informed consent online},
    year = {2001},
    isbn = {1581133278},
    publisher = {Association for Computing Machinery},
    address = {New York, NY, USA},
    url = {https://doi.org/10.1145/365024.365034},
    doi = {10.1145/365024.365034},
    booktitle = {Proceedings of the SIGCHI Conference on Human Factors in Computing Systems},
    pages = {46–52},
    numpages = {7},
    keywords = {Internet Explorer, Netscape Navigator, Value-Sensitive Design, Web browsers, World Wide Web, computer ethics, cookies, e-business, e-commerce, ethics, human values, human-computer interaction, informed consent, interface design, locus of control, online interactions, personalization, privacy, security, social computing, social impact, tracking},
    location = {Seattle, Washington, USA},
    series = {CHI '01}
}

@book{compendium2004,
  title     = {Compendium of the Social Doctrine of the Church},
  author    = {{Pontifical Council for Justice and Peace}},
  year      = {2004},
  publisher = {Libreria Editrice Vaticana},
  address   = {Vatican City},
}

@misc{usccb,
    url={https://www.usccb.org/beliefs-and-teachings/what-we-believe/catholic-social-teaching/seven-themes-of-catholic-social-teaching},
    title = {Seven Themes of Catholic Social Teaching},
    author = {United States Conference of Catholic Bishops},
    year = {2005}
} 