@article{berthelot2019mixmatch,
  title={Mixmatch: A holistic approach to semi-supervised learning},
  author={Berthelot, David and Carlini, Nicholas and Goodfellow, Ian and Papernot, Nicolas and Oliver, Avital and Raffel, Colin A},
  journal={Advances in Neural Information Processing Systems},
  volume={32},
  year={2019}
}

@inproceedings{bourtoule2021machine,
  title={Machine unlearning},
  author={Bourtoule, Lucas and Chandrasekaran, Varun and Choquette-Choo, Christopher A and Jia, Hengrui and Travers, Adelin and Zhang, Baiwu and Lie, David and Papernot, Nicolas},
  booktitle={IEEE Symposium on Security and Privacy (SP)},
  pages={141--159},
  year={2021},
  organization={IEEE}
}

@inproceedings{chen2023boundary,
  title={Boundary unlearning: Rapid forgetting of deep networks via shifting the decision boundary},
  author={Chen, Min and Gao, Weizhuo and Liu, Gaoyang and Peng, Kai and Wang, Chen},
  booktitle={Proceedings of the IEEE/CVF Conference on Computer Vision and Pattern Recognition},
  pages={7766--7775},
  year={2023}
}

@inproceedings{choi2024towards,
  title={Towards Efficient Machine Unlearning with Data Augmentation: Guided Loss-Increasing (GLI) to Prevent the Catastrophic Model Utility Drop},
  author={Choi, Dasol and Choi, Soora and Lee, Eunsun and Seo, Jinwoo and Na, Dongbin},
  booktitle={Proceedings of the IEEE/CVF Conference on Computer Vision and Pattern Recognition},
  pages={93--102},
  year={2024}
}

@inproceedings{chundawat2023can,
  title={Can bad teaching induce forgetting? unlearning in deep networks using an incompetent teacher},
  author={Chundawat, Vikram S and Tarun, Ayush K and Mandal, Murari and Kankanhalli, Mohan},
  booktitle={Proceedings of the AAAI Conference on Artificial Intelligence},
  volume={37},
  number={6},
  pages={7210--7217},
  year={2023}
}

@article{chundawat2023zero,
  title={Zero-shot machine unlearning},
  author={Chundawat, Vikram S and Tarun, Ayush K and Mandal, Murari and Kankanhalli, Mohan},
  journal={IEEE Transactions on Information Forensics and Security},
  volume={18},
  pages={2345--2354},
  year={2023},
  publisher={IEEE}
}

@inproceedings{golatkar2020eternal,
  title={Eternal sunshine of the spotless net: Selective forgetting in deep networks},
  author={Golatkar, Aditya and Achille, Alessandro and Soatto, Stefano},
  booktitle={Proceedings of the IEEE/CVF Conference on Computer Vision and Pattern Recognition},
  pages={9304--9312},
  year={2020}
}

@inproceedings{golatkar2020forgetting,
  title={Forgetting outside the box: Scrubbing deep networks of information accessible from input-output observations},
  author={Golatkar, Aditya and Achille, Alessandro and Soatto, Stefano},
  booktitle={European Conference on Computer Vision},
  pages={383--398},
  year={2020},
  organization={Springer}
}

@article{jin2024survey,
  title={A Survey on Mixup Augmentations and Beyond},
  author={Jin, Xin and Zhu, Hongyu and Li, Siyuan and Wang, Zedong and Liu, Zicheng and Yu, Chang and Qin, Huafeng and Li, Stan Z},
  journal={arXiv preprint arXiv:2409.05202},
  year={2024}
}

@article{kurmanji2024towards,
  title={Towards unbounded machine unlearning},
  author={Kurmanji, Meghdad and Triantafillou, Peter and Hayes, Jamie and Triantafillou, Eleni},
  journal={Advances in Neural Information Processing Systems},
  volume={36},
  year={2024}
}

@inproceedings{liu2021federaser,
  title={Federaser: Enabling efficient client-level data removal from federated learning models},
  author={Liu, Gaoyang and Ma, Xiaoqiang and Yang, Yang and Wang, Chen and Liu, Jiangchuan},
  booktitle={IEEE/ACM International Symposium on Quality of Service (IWQOS)},
  pages={1--10},
  year={2021},
  organization={IEEE}
}

@inproceedings{liu2022automix,
  title={Automix: Unveiling the power of mixup for stronger classifiers},
  author={Liu, Zicheng and Li, Siyuan and Wu, Di and Liu, Zihan and Chen, Zhiyuan and Wu, Lirong and Li, Stan Z},
  booktitle={European Conference on Computer Vision},
  pages={441--458},
  year={2022},
  organization={Springer}
}

@article{nguyen2020variational,
  title={Variational bayesian unlearning},
  author={Nguyen, Quoc Phong and Low, Bryan Kian Hsiang and Jaillet, Patrick},
  journal={Advances in Neural Information Processing Systems},
  volume={33},
  pages={16025--16036},
  year={2020}
}

@article{tarun2023fast,
  title={Fast yet effective machine unlearning},
  author={Tarun, Ayush K and Chundawat, Vikram S and Mandal, Murari and Kankanhalli, Mohan},
  journal={IEEE Transactions on Neural Networks and Learning Systems},
  year={2023},
  publisher={IEEE}
}

@inproceedings{thudi2022unrolling,
  title={Unrolling sgd: Understanding factors influencing machine unlearning},
  author={Thudi, Anvith and Deza, Gabriel and Chandrasekaran, Varun and Papernot, Nicolas},
  booktitle={IEEE European Symposium on Security and Privacy (EuroS\&P)},
  pages={303--319},
  year={2022},
  organization={IEEE}
}

@article{verma2022interpolation,
  title={Interpolation consistency training for semi-supervised learning},
  author={Verma, Vikas and Kawaguchi, Kenji and Lamb, Alex and Kannala, Juho and Solin, Arno and Bengio, Yoshua and Lopez-Paz, David},
  journal={Neural Networks},
  volume={145},
  pages={90--106},
  year={2022},
  publisher={Elsevier}
}

@inproceedings{zhou2022dynamically,
  title={Dynamically selected mixup machine unlearning},
  author={Zhou, Zhiwen and Liu, Ximeng and Li, Jiayin and Ruan, Junxi and Fan, Mingyuan},
  booktitle={IEEE International Conference on Trust, Security and Privacy in Computing and Communications (TrustCom)},
  pages={514--524},
  year={2022},
  organization={IEEE}
}

