@incollection{Bengio+chapter2007,
author = {Bengio, Yoshua and LeCun, Yann},
booktitle = {Large Scale Kernel Machines},
publisher = {MIT Press},
title = {Scaling Learning Algorithms Towards {AI}},
year = {2007}
}

@article{Hinton06,
author = {Hinton, Geoffrey E. and Osindero, Simon and Teh, Yee Whye},
journal = {Neural Computation},
pages = {1527--1554},
title = {A Fast Learning Algorithm for Deep Belief Nets},
volume = {18},
year = {2006}
}

@book{goodfellow2016deep,
title={Deep Learning},
author={Goodfellow, Ian and Bengio, Yoshua and Courville, Aaron and Bengio, Yoshua},
volume={1},
year={2016},
publisher={MIT Press}
}


@inproceedings{
qin2024adversarial,
title={Adversarial AutoMixup},
author={Huafeng Qin and Xin Jin and Yun Jiang and Moun{\^\i}m El-Yacoubi and Xinbo Gao},
booktitle={International Conference on Learning Representations},
year={2024}
}

@inproceedings{bourtoule2021machine,
  title={Machine unlearning},
  author={Bourtoule, Lucas and Chandrasekaran, Varun and Choquette-Choo, Christopher A and Jia, Hengrui and Travers, Adelin and Zhang, Baiwu and Lie, David and Papernot, Nicolas},
  booktitle={IEEE Symposium on Security and Privacy (SP)},
  pages={141--159},
  year={2021},
  organization={IEEE}
}

@article{krizhevsky2009learning,
  title={Learning multiple layers of features from tiny images},
  author={Krizhevsky, Alex and Hinton, Geoffrey and others},
  year={2009},
  publisher={Toronto, ON, Canada}
}

@inproceedings{netzer2011reading,
  title={Reading digits in natural images with unsupervised feature learning},
  author={Netzer, Yuval and Wang, Tao and Coates, Adam and Bissacco, Alessandro and Wu, Baolin and Ng, Andrew Y and others},
  booktitle={NIPS Workshop on Deep Learning and Unsupervised Feature Learning},
  volume={2011},
  number={2},
  pages={4},
  year={2011}}


@article{deng2012mnist,
  title={The mnist database of handwritten digit images for machine learning research},
  author={Deng, Li},
  journal={IEEE Signal Processing Magazine},
  volume={29},
  number={6},
  pages={141--142},
  year={2012},
  publisher={IEEE}
}

@article{xiao2017fashion,
  title={Fashion-mnist: a novel image dataset for benchmarking machine learning algorithms},
  author={Xiao, Han and Rasul, Kashif and Vollgraf, Roland},
  journal={arXiv preprint arXiv:1708.07747},
  year={2017}
}

@inproceedings{he2016deep,
  title={Deep residual learning for image recognition},
  author={He, Kaiming and Zhang, Xiangyu and Ren, Shaoqing and Sun, Jian},
  booktitle={Proceedings of the IEEE/CVF Conference on Computer Vision and Pattern Recognition},
  pages={770--778},
  year={2016}
}

@article{krizhevsky2012imagenet,
  title={Imagenet classification with deep convolutional neural networks},
  author={Krizhevsky, Alex and Sutskever, Ilya and Hinton, Geoffrey E},
  journal={Advances in Neural Information Processing Systems},
  volume={25},
  year={2012}
}

@inproceedings{chen2023boundary,
  title={Boundary unlearning: Rapid forgetting of deep networks via shifting the decision boundary},
  author={Chen, Min and Gao, Weizhuo and Liu, Gaoyang and Peng, Kai and Wang, Chen},
  booktitle={Proceedings of the IEEE/CVF Conference on Computer Vision and Pattern Recognition},
  pages={7766--7775},
  year={2023}
}


@inproceedings{thudi2022unrolling,
  title={Unrolling sgd: Understanding factors influencing machine unlearning},
  author={Thudi, Anvith and Deza, Gabriel and Chandrasekaran, Varun and Papernot, Nicolas},
  booktitle={IEEE European Symposium on Security and Privacy (EuroS\&P)},
  pages={303--319},
  year={2022},
  organization={IEEE}
}

@inproceedings{chundawat2023can,
  title={Can bad teaching induce forgetting? unlearning in deep networks using an incompetent teacher},
  author={Chundawat, Vikram S and Tarun, Ayush K and Mandal, Murari and Kankanhalli, Mohan},
  booktitle={Proceedings of the AAAI Conference on Artificial Intelligence},
  volume={37},
  number={6},
  pages={7210--7217},
  year={2023}
}

@article{kurmanji2024towards,
  title={Towards unbounded machine unlearning},
  author={Kurmanji, Meghdad and Triantafillou, Peter and Hayes, Jamie and Triantafillou, Eleni},
  journal={Advances in Neural Information Processing Systems},
  volume={36},
  year={2024}
}




@inproceedings{
shen2024label,
title={Label-Agnostic Forgetting: A Supervision-Free Unlearning in Deep Models},
author={Shaofei Shen and Chenhao Zhang and Yawen Zhao and Alina Bialkowski and Weitong Tony Chen and Miao Xu},
booktitle={International Conference on Learning Representations},
year={2024},
}

@inproceedings{shokri2017membership,
  title={Membership inference attacks against machine learning models},
  author={Shokri, Reza and Stronati, Marco and Song, Congzheng and Shmatikov, Vitaly},
  booktitle={IEEE Symposium on Security and Privacy (SP)},
  pages={3--18},
  year={2017},
  organization={IEEE}
}

@inproceedings{kim2022efficient,
  title={Efficient two-stage model retraining for machine unlearning},
  author={Kim, Junyaup and Woo, Simon S},
  booktitle={Proceedings of the IEEE/CVF Conference on Computer Vision and Pattern Recognition},
  pages={4361--4369},
  year={2022}
}

@article{lecun2015deep,
  title={Deep learning},
  author={LeCun, Yann and Bengio, Yoshua and Hinton, Geoffrey},
  journal={nature},
  volume={521},
  number={7553},
  pages={436--444},
  year={2015},
  publisher={Nature Publishing Group UK London}
}


@article{lecun1995convolutional,
  title={Convolutional networks for images, speech, and time series},
  author={LeCun, Yann and Bengio, Yoshua and others},
  journal={The Handbook of Brain Theory and Neural Networks},
  volume={3361},
  number={10},
  pages={1995},
  year={1995},
  publisher={Citeseer}
}


@article{nguyen2020variational,
  title={Variational bayesian unlearning},
  author={Nguyen, Quoc Phong and Low, Bryan Kian Hsiang and Jaillet, Patrick},
  journal={Advances in Neural Information Processing Systems},
  volume={33},
  pages={16025--16036},
  year={2020}
}

@article{tarun2023fast,
  title={Fast yet effective machine unlearning},
  author={Tarun, Ayush K and Chundawat, Vikram S and Mandal, Murari and Kankanhalli, Mohan},
  journal={IEEE Transactions on Neural Networks and Learning Systems},
  year={2023},
  publisher={IEEE}
}


@inproceedings{golatkar2020forgetting,
  title={Forgetting outside the box: Scrubbing deep networks of information accessible from input-output observations},
  author={Golatkar, Aditya and Achille, Alessandro and Soatto, Stefano},
  booktitle={European Conference on Computer Vision},
  pages={383--398},
  year={2020},
  organization={Springer}
}

@article{tarvainen2017mean,
  title={Mean teachers are better role models: Weight-averaged consistency targets improve semi-supervised deep learning results},
  author={Tarvainen, Antti and Valpola, Harri},
  journal={Advances in Neural Information Processing Systems},
  volume={30},
  year={2017}
}


@inproceedings{golatkar2020eternal,
  title={Eternal sunshine of the spotless net: Selective forgetting in deep networks},
  author={Golatkar, Aditya and Achille, Alessandro and Soatto, Stefano},
  booktitle={Proceedings of the IEEE/CVF Conference on Computer Vision and Pattern Recognition},
  pages={9304--9312},
  year={2020}
}


@inproceedings{liu2021federaser,
  title={Federaser: Enabling efficient client-level data removal from federated learning models},
  author={Liu, Gaoyang and Ma, Xiaoqiang and Yang, Yang and Wang, Chen and Liu, Jiangchuan},
  booktitle={IEEE/ACM International Symposium on Quality of Service (IWQOS)},
  pages={1--10},
  year={2021},
  organization={IEEE}
}


@article{chundawat2023zero,
  title={Zero-shot machine unlearning},
  author={Chundawat, Vikram S and Tarun, Ayush K and Mandal, Murari and Kankanhalli, Mohan},
  journal={IEEE Transactions on Information Forensics and Security},
  volume={18},
  pages={2345--2354},
  year={2023},
  publisher={IEEE}
}






@inproceedings{
huang2021unlearnable,
title={Unlearnable Examples: Making Personal Data Unexploitable},
author={Hanxun Huang and Xingjun Ma and Sarah Monazam Erfani and James Bailey and Yisen Wang},
booktitle={International Conference on Learning Representations},
year={2021}}

@inproceedings{choi2024towards,
  title={Towards Efficient Machine Unlearning with Data Augmentation: Guided Loss-Increasing (GLI) to Prevent the Catastrophic Model Utility Drop},
  author={Choi, Dasol and Choi, Soora and Lee, Eunsun and Seo, Jinwoo and Na, Dongbin},
  booktitle={Proceedings of the IEEE/CVF Conference on Computer Vision and Pattern Recognition},
  pages={93--102},
  year={2024}
}

@article{verma2022interpolation,
  title={Interpolation consistency training for semi-supervised learning},
  author={Verma, Vikas and Kawaguchi, Kenji and Lamb, Alex and Kannala, Juho and Solin, Arno and Bengio, Yoshua and Lopez-Paz, David},
  journal={Neural Networks},
  volume={145},
  pages={90--106},
  year={2022},
  publisher={Elsevier}
}

@article{berthelot2019mixmatch,
  title={Mixmatch: A holistic approach to semi-supervised learning},
  author={Berthelot, David and Carlini, Nicholas and Goodfellow, Ian and Papernot, Nicolas and Oliver, Avital and Raffel, Colin A},
  journal={Advances in Neural Information Processing Systems},
  volume={32},
  year={2019}
}


@article{zhang2020does,
  title={How does mixup help with robustness and generalization?},
  author={Zhang, Linjun and Deng, Zhun and Kawaguchi, Kenji and Ghorbani, Amirata and Zou, James},
  journal={arXiv preprint arXiv:2010.04819},
  year={2020}
}

@article{archambault2019mixup,
  title={Mixup as directional adversarial training},
  author={Archambault, Guillaume P and Mao, Yongyi and Guo, Hongyu and Zhang, Richong},
  journal={arXiv preprint arXiv:1906.06875},
  year={2019}
}

@inproceedings{
zhang2018mixup,
title={mixup: Beyond Empirical Risk Minimization},
author={Hongyi Zhang and Moustapha Cisse and Yann N. Dauphin and David Lopez-Paz},
booktitle={International Conference on Learning Representations},
year={2018}
}

@inproceedings{liu2022automix,
  title={Automix: Unveiling the power of mixup for stronger classifiers},
  author={Liu, Zicheng and Li, Siyuan and Wu, Di and Liu, Zihan and Chen, Zhiyuan and Wu, Lirong and Li, Stan Z},
  booktitle={European Conference on Computer Vision},
  pages={441--458},
  year={2022},
  organization={Springer}
}

@inproceedings{kingma2013auto,
  title={Auto-encoding variational bayes},
  author={Kingma, Diederik P and Welling, Max},
  booktitle={International Conference on Learning Representations},
  year={2014}
}


@inproceedings{zhou2022dynamically,
  title={Dynamically selected mixup machine unlearning},
  author={Zhou, Zhiwen and Liu, Ximeng and Li, Jiayin and Ruan, Junxi and Fan, Mingyuan},
  booktitle={IEEE International Conference on Trust, Security and Privacy in Computing and Communications (TrustCom)},
  pages={514--524},
  year={2022},
  organization={IEEE}
}

@article{jin2024survey,
  title={A Survey on Mixup Augmentations and Beyond},
  author={Jin, Xin and Zhu, Hongyu and Li, Siyuan and Wang, Zedong and Liu, Zicheng and Yu, Chang and Qin, Huafeng and Li, Stan Z},
  journal={arXiv preprint arXiv:2409.05202},
  year={2024}
}




@inproceedings{
dosovitskiy2020image,
title={An Image is Worth 16x16 Words: Transformers for Image Recognition at Scale},
author={Alexey Dosovitskiy and Lucas Beyer and Alexander Kolesnikov and Dirk Weissenborn and Xiaohua Zhai and Thomas Unterthiner and Mostafa Dehghani and Matthias Minderer and Georg Heigold and Sylvain Gelly and Jakob Uszkoreit and Neil Houlsby},
booktitle={International Conference on Learning Representations},
year={2021}
}

@inproceedings{deng2009imagenet,
  title={Imagenet: A large-scale hierarchical image database},
  author={Deng, Jia and Dong, Wei and Socher, Richard and Li, Li-Jia and Li, Kai and Fei-Fei, Li},
  booktitle={Proceedings of the IEEE/CVF Conference on Computer Vision and Pattern Recognition},
  pages={248--255},
  year={2009},
}

@article{lecun1998gradient,
  title={Gradient-based learning applied to document recognition},
  author={LeCun, Yann and Bottou, L{\'e}on and Bengio, Yoshua and Haffner, Patrick},
  journal={Proceedings of the IEEE},
  volume={86},
  number={11},
  pages={2278--2324},
  year={1998},
  publisher={IEEE}
}