@inproceedings{DBLP:conf/acl/HeZ0KCGT23,
  author    = {Tianxing He and Jingyu Zhang and Tianle Wang and Sachin Kumar and Kyunghyun Cho and James R. Glass and Yulia Tsvetkov},
  title     = {On the blind spots of model-based evaluation metrics for text generation},
  booktitle = {ACL (1)},
  pages     = {12067--12097},
  year      = {2023},
  publisher = {Association for Computational Linguistics}
}

@inproceedings{DBLP:conf/emnlp/KarpinskaRTSGI22,
  author    = {Marzena Karpinska and Nishant Raj and Katherine Thai and Yixiao Song and Ankita Gupta and Mohit Iyyer},
  title     = {DEMETR: diagnosing evaluation metrics for translation},
  booktitle = {EMNLP},
  pages     = {9540--9561},
  year      = {2022},
  publisher = {Association for Computational Linguistics}
}

@inproceedings{DBLP:conf/emnlp/SaiDSMK21,
  author    = {Ananya B. Sai and Tanay Dixit and Dev Yashpal Sheth and Sreyas Mohan and Mitesh M. Khapra},
  title     = {Perturbation checklists for evaluating NLG evaluation metrics},
  booktitle = {EMNLP (1)},
  pages     = {7219--7234},
  year      = {2021},
  publisher = {Association for Computational Linguistics}
}

@misc{DBLP:journals/corr/abs-2305-14658,
  author       = {Yongkang Liu and Shi Feng and Daling Wang and Yifei Zhang and Hinrich Sch{\"u}tze},
  title        = {Evaluate what you can't evaluate: Unassessable generated responses quality},
  howpublished = {\url{https://arxiv.org/abs/2305.14658}},
  year         = {2023},
  note         = {CoRR, abs/2305.14658}
}

@misc{DBLP:journals/corr/abs-2312-15407,
  author       = {Chen Zhang and Luis Fernando D'Haro and Yiming Chen and Malu Zhang and Haizhou Li},
  title        = {A comprehensive analysis of the effectiveness of large language models as automatic dialogue evaluators},
  howpublished = {\url{https://arxiv.org/abs/2312-15407}},
  year         = {2023},
  note         = {CoRR, abs/2312-15407}
}

@inproceedings{deshpande2023toxicity,
  title={Toxicity in chatgpt: Analyzing persona-assigned language models},
  author={Deshpande, Ameet and Murahari, Vishvak and Rajpurohit, Tanmay and Kalyan, Ashwin and Narasimhan, Karthik},
  booktitle={Findings of the Association for Computational Linguistics: EMNLP 2023},
  pages={1236--1270},
  year={2023}
}

@article{gallegos2024bias,
  title={Bias and fairness in large language models: A survey},
  author={Gallegos, Isabel O and Rossi, Ryan A and Barrow, Joe and Tanjim, Md Mehrab and Kim, Sungchul and Dernoncourt, Franck and Yu, Tong and Zhang, Ruiyi and Ahmed, Nesreen K},
  journal={Computational Linguistics},
  pages={1--79},
  year={2024},
  publisher={MIT Press 255 Main Street, 9th Floor, Cambridge, Massachusetts 02142, USA~â€¦}
}

@inproceedings{jin2024agentreview,
    title = "{A}gent{R}eview: Exploring Peer Review Dynamics with {LLM} Agents",
    author = "Jin, Yiqiao  and
      Zhao, Qinlin  and
      Wang, Yiyang  and
      Chen, Hao  and
      Zhu, Kaijie  and
      Xiao, Yijia  and
      Wang, Jindong",
    editor = "Al-Onaizan, Yaser  and
      Bansal, Mohit  and
      Chen, Yun-Nung",
    booktitle = "Proceedings of the 2024 Conference on Empirical Methods in Natural Language Processing",
    month = nov,
    year = "2024",
    address = "Miami, Florida, USA",
    publisher = "Association for Computational Linguistics",
    url = "https://aclanthology.org/2024.emnlp-main.70",
    pages = "1208--1226",
}

@article{latona2024ai,
  title={The AI Review Lottery: Widespread AI-Assisted Peer Reviews Boost Paper Scores and Acceptance Rates},
  author={Latona, Giuseppe Russo and Ribeiro, Manoel Horta and Davidson, Tim R and Veselovsky, Veniamin and West, Robert},
  journal={arXiv preprint arXiv:2405.02150},
  year={2024}
}

@article{liang2024can,
  title={Can large language models provide useful feedback on research papers? A large-scale empirical analysis},
  author={Liang, Weixin and Zhang, Yuhui and Cao, Hancheng and Wang, Binglu and Ding, Daisy Yi and Yang, Xinyu and Vodrahalli, Kailas and He, Siyu and Smith, Daniel Scott and Yin, Yian and others},
  journal={NEJM AI},
  volume={1},
  number={8},
  pages={AIoa2400196},
  year={2024},
  publisher={Massachusetts Medical Society}
}

@inproceedings{liangmonitoring,
  title={Monitoring AI-Modified Content at Scale: A Case Study on the Impact of ChatGPT on AI Conference Peer Reviews},
  author={Liang, Weixin and Izzo, Zachary and Zhang, Yaohui and Lepp, Haley and Cao, Hancheng and Zhao, Xuandong and Chen, Lingjiao and Ye, Haotian and Liu, Sheng and Huang, Zhi and others},
  booktitle={Forty-first International Conference on Machine Learning},
  year={2024}
}

@article{lu2024ai,
  title={The ai scientist: Towards fully automated open-ended scientific discovery},
  author={Lu, Chris and Lu, Cong and Lange, Robert Tjarko and Foerster, Jakob and Clune, Jeff and Ha, David},
  journal={arXiv preprint arXiv:2408.06292},
  year={2024}
}

@article{ye2024we,
  title={Are We There Yet? Revealing the Risks of Utilizing Large Language Models in Scholarly Peer Review},
  author={Ye, Rui and Pang, Xianghe and Chai, Jingyi and Chen, Jiaao and Yin, Zhenfei and Xiang, Zhen and Dong, Xiaowen and Shao, Jing and Chen, Siheng},
  journal={arXiv preprint arXiv:2412.01708},
  year={2024}
}

@inproceedings{yu2024automated,
  title={Automated Peer Reviewing in Paper SEA: Standardization, Evaluation, and Analysis},
  author={Yu, Jianxiang and Ding, Zichen and Tan, Jiaqi and Luo, Kangyang and Weng, Zhenmin and Gong, Chenghua and Zeng, Long and Cui, RenJing and Han, Chengcheng and Sun, Qiushi and others},
  booktitle={Findings of the Association for Computational Linguistics: EMNLP 2024},
  pages={10164--10184},
  year={2024}
}

@article{zeng2024johnny,
  title={How johnny can persuade llms to jailbreak them: Rethinking persuasion to challenge ai safety by humanizing llms},
  author={Zeng, Yi and Lin, Hongpeng and Zhang, Jingwen and Yang, Diyi and Jia, Ruoxi and Shi, Weiyan},
  journal={arXiv preprint arXiv:2401.06373},
  year={2024}
}

