@article{akib2024analysis,
  title={Analysis on LLMs Performance for Code Summarization},
  author={Akib, Md Ahnaf and Mazumder, Md Muktadir and Ahsan, Salman},
  journal={arXiv preprint arXiv:2412.17094},
  year={2024}
}

@inproceedings{becker2023programming,
  title={Programming is hard-or at least it used to be: Educational opportunities and challenges of ai code generation},
  author={Becker, Brett A and Denny, Paul and Finnie-Ansley, James and Luxton-Reilly, Andrew and Prather, James and Santos, Eddie Antonio},
  booktitle={Proceedings of the 54th ACM Technical Symposium on Computer Science Education V. 1},
  pages={500--506},
  year={2023}
}

@misc{chen2021evaluatinglargelanguagemodels,
      title={Evaluating Large Language Models Trained on Code}, 
      author={Mark Chen and others},
      Xauthor={Mark Chen and Jerry Tworek and Heewoo Jun and Qiming Yuan and Henrique Ponde de Oliveira Pinto and Jared Kaplan and Harri Edwards and Yuri Burda and Nicholas Joseph and Greg Brockman and Alex Ray and Raul Puri and Gretchen Krueger and Michael Petrov and Heidy Khlaaf and Girish Sastry and Pamela Mishkin and Brooke Chan and Scott Gray and Nick Ryder and Mikhail Pavlov and Alethea Power and Lukasz Kaiser and Mohammad Bavarian and Clemens Winter and Philippe Tillet and Felipe Petroski Such and Dave Cummings and Matthias Plappert and Fotios Chantzis and Elizabeth Barnes and Ariel Herbert-Voss and William Hebgen Guss and Alex Nichol and Alex Paino and Nikolas Tezak and Jie Tang and Igor Babuschkin and Suchir Balaji and Shantanu Jain and William Saunders and Christopher Hesse and Andrew N. Carr and Jan Leike and Josh Achiam and Vedant Misra and Evan Morikawa and Alec Radford and Matthew Knight and Miles Brundage and Mira Murati and Katie Mayer and Peter Welinder and Bob McGrew and Dario Amodei and Sam McCandlish and Ilya Sutskever and Wojciech Zaremba},
      year={2021},
      eprint={2107.03374},
      archivePrefix={arXiv},
      primaryClass={cs.LG},
      url={https://arxiv.org/abs/2107.03374}, 
}

@misc{chen2022codetcodegenerationgenerated,
      title={CodeT: Code Generation with Generated Tests}, 
      author={Bei Chen and Fengji Zhang and Anh Nguyen and Daoguang Zan and Zeqi Lin and Jian-Guang Lou and Weizhu Chen},
      year={2022},
      eprint={2207.10397},
      archivePrefix={arXiv},
      primaryClass={cs.CL},
      url={https://arxiv.org/abs/2207.10397}, 
}

@inproceedings{hayati2018retrieval,
  title={Retrieval-Based Neural Code Generation},
  author={Hayati, Shirley Anugrah and Olivier, Raphael and Avvaru, Pravalika and Yin, Pengcheng and Tomasic, Anthony and Neubig, Graham},
  booktitle={Proceedings of the 2018 Conference on Empirical Methods in Natural Language Processing},
  pages={925--930},
  year={2018}
}

@misc{huang2024agentcodermultiagentbasedcodegeneration,
      title={AgentCoder: Multi-Agent-based Code Generation with Iterative Testing and Optimisation}, 
      author={Dong Huang and Jie M. Zhang and Michael Luck and Qingwen Bu and Yuhao Qing and Heming Cui},
      year={2024},
      eprint={2312.13010},
      archivePrefix={arXiv},
      primaryClass={cs.CL},
      url={https://arxiv.org/abs/2312.13010}, 
}

@inproceedings{khoury2023secure,
  title={How secure is code generated by chatgpt?},
  author={Khoury, Rapha{\"e}l and Avila, Anderson R and Brunelle, Jacob and Camara, Baba Mamadou},
  booktitle={2023 IEEE International Conference on Systems, Man, and Cybernetics (SMC)},
  pages={2445--2451},
  year={2023},
  organization={IEEE}
}

@misc{li2016mutualinformationdiversedecoding,
      title={Mutual Information and Diverse Decoding Improve Neural Machine Translation}, 
      author={Jiwei Li and Dan Jurafsky},
      year={2016},
      eprint={1601.00372},
      archivePrefix={arXiv},
      primaryClass={cs.CL},
      url={https://arxiv.org/abs/1601.00372}, 
}

@article{ling2016latent,
  title={Latent predictor networks for code generation},
  author={Ling, Wang and Grefenstette, Edward and Hermann, Karl Moritz and Ko{\v{c}}isk{\`y}, Tom{\'a}{\v{s}} and Senior, Andrew and Wang, Fumin and Blunsom, Phil},
  journal={arXiv preprint arXiv:1603.06744},
  year={2016}
}

@article{ni2024l2ceval,
  title={L2ceval: Evaluating language-to-code generation capabilities of large language models},
  author={Ni, Ansong and Yin, Pengcheng and Zhao, Yilun and Riddell, Martin and Feng, Troy and Shen, Rui and Yin, Stephen and Liu, Ye and Yavuz, Semih and Xiong, Caiming and others},
  journal={Transactions of the Association for Computational Linguistics},
  volume={12},
  pages={1311--1329},
  year={2024},
  publisher={MIT Press 255 Main Street, 9th Floor, Cambridge, Massachusetts 02142, USA~â€¦}
}

@inproceedings{rabinovich2017abstract,
  title={Abstract Syntax Networks for Code Generation and Semantic Parsing},
  author={Rabinovich, Maxim and Stern, Mitchell and Klein, Dan},
  booktitle={Proceedings of the 55th Annual Meeting of the Association for Computational Linguistics (Volume 1: Long Papers)},
  pages={1139--1149},
  year={2017}
}

@inproceedings{schuster2024spreadnala,
  title={SpreadNaLa: A Naturalistic Code Generation Evaluation Dataset of Spreadsheet Formulas},
  author={Schuster, Sebastian and Ansar, Ayesha and Agarwal, Om and Demberg, Vera},
  booktitle={Proceedings of the 2024 Joint International Conference on Computational Linguistics, Language Resources and Evaluation (LREC-COLING 2024)},
  pages={15216--15225},
  year={2024}
}

@article{vaswani2017attention,
  title={Attention is all you need},
  author={Vaswani, A},
  journal={Advances in Neural Information Processing Systems},
  year={2017}
}

@article{yeticstiren2023evaluating,
  title={Evaluating the code quality of ai-assisted code generation tools: An empirical study on github copilot, amazon codewhisperer, and chatgpt},
  author={Yeti{\c{s}}tiren, Burak and {\"O}zsoy, I{\c{s}}{\i}k and Ayerdem, Miray and T{\"u}z{\"u}n, Eray},
  journal={arXiv preprint arXiv:2304.10778},
  year={2023}
}

@inproceedings{zhang2022coderreviewerrerankingcode,
  title={Coder reviewer reranking for code generation},
  author={Zhang, Tianyi and Yu, Tao and Hashimoto, Tatsunori B and Lewis, Mike and Yih, Wen-tau and Fried, Daniel and Wang, Sida I},
  booktitle={Proceedings of the 40th International Conference on Machine Learning},
  pages={41832--41846},
  year={2023}
}

