@article{basch2014technology,
  title={Technology-related distracted walking behaviours in Manhattan's most dangerous intersections},
  author={Basch, Corey H and Ethan, Danna and Rajan, Sonali and Basch, Charles E},
  journal={Injury prevention},
  volume={20},
  number={5},
  pages={343--346},
  year={2014},
  publisher={BMJ Publishing Group Ltd}
}

@article{deb2017efficacy,
  title={Efficacy of virtual reality in pedestrian safety research},
  author={Deb, Shuchisnigdha and Carruth, Daniel W and Sween, Richard and Strawderman, Lesley and Garrison, Teena M},
  journal={Applied ergonomics},
  volume={65},
  pages={449--460},
  year={2017},
  publisher={Elsevier}
}

@article{gaarder1989pedestrian,
  title={Pedestrian safety at traffic signals: a study carried out with the help of a traffic conflicts technique},
  author={G{\aa}rder, Per},
  journal={Accident Analysis \& Prevention},
  volume={21},
  number={5},
  pages={435--444},
  year={1989},
  publisher={Elsevier}
}

@article{https://publications.polymtl.ca/9169/,
    author = {Miladi, M},
    title = {Analysing Pedestrian Safety Behavior at Urban Signalized Intersections },
    journal = {polymtl},
    year = {2021}
}

@inproceedings{kalatian2018mobility,
  title={Mobility mode detection using WiFi signals},
  author={Kalatian, Arash and Farooq, Bilal},
  booktitle={2018 IEEE international smart cities conference (ISC2)},
  pages={1--7},
  year={2018},
  organization={IEEE}
}

@article{ni2016evaluation,
  title={Evaluation of pedestrian safety at intersections: A theoretical framework based on pedestrian-vehicle interaction patterns},
  author={Ni, Ying and Wang, Menglong and Sun, Jian and Li, Keping},
  journal={Accident Analysis \& Prevention},
  volume={96},
  pages={118--129},
  year={2016},
  publisher={Elsevier}
}

@article{russo2018pedestrian,
  title={Pedestrian behavior at signalized intersection crosswalks: observational study of factors associated with distracted walking, pedestrian violations, and walking speed},
  author={Russo, Brendan J and James, Emmanuel and Aguilar, Cristopher Y and Smaglik, Edward J},
  journal={Transportation research record},
  volume={2672},
  number={35},
  pages={1--12},
  year={2018},
  publisher={SAGE Publications Sage CA: Los Angeles, CA}
}

@article{schwebel2012distraction,
  title={Distraction and pedestrian safety: how talking on the phone, texting, and listening to music impact crossing the street},
  author={Schwebel, David C and Stavrinos, Despina and Byington, Katherine W and Davis, Tiffany and O’Neal, Elizabeth E and De Jong, Desiree},
  journal={Accident Analysis \& Prevention},
  volume={45},
  pages={266--271},
  year={2012},
  publisher={Elsevier}
}

@article{sobhani2018impact,
  title={Impact of smartphone distraction on pedestrians’ crossing behaviour: An application of head-mounted immersive virtual reality},
  author={Sobhani, Anae and Farooq, Bilal},
  journal={Transportation research part F: traffic psychology and behaviour},
  volume={58},
  pages={228--241},
  year={2018},
  publisher={Elsevier}
}

@article{stavrinos2009effect,
  title={Effect of cell phone distraction on pediatric pedestrian injury risk},
  author={Stavrinos, Despina and Byington, Katherine W and Schwebel, David C},
  journal={Pediatrics},
  volume={123},
  number={2},
  pages={e179--e185},
  year={2009},
  publisher={American Academy of Pediatrics}
}

@article{stavrinos2011distracted,
  title={Distracted walking: cell phones increase injury risk for college pedestrians},
  author={Stavrinos, Despina and Byington, Katherine W and Schwebel, David C},
  journal={Journal of safety research},
  volume={42},
  number={2},
  pages={101--107},
  year={2011},
  publisher={Elsevier}
}

@article{thompson2013impact,
  title={Impact of social and technological distraction on pedestrian crossing behaviour: an observational study},
  author={Thompson, Leah L and Rivara, Frederick P and Ayyagari, Rajiv C and Ebel, Beth E},
  journal={Injury prevention},
  volume={19},
  number={4},
  pages={232--237},
  year={2013},
  publisher={BMJ Publishing Group Ltd}
}

@article{villena2022effects,
  title={Effects of virtual reality on learning outcomes in K-6 education: A meta-analysis},
  author={Villena-Taranilla, Rafael and Tirado-Olivares, Sergio and C{\'o}zar-Guti{\'e}rrez, Ram{\'o}n and Gonz{\'a}lez-Calero, Jos{\'e} Antonio},
  journal={Educational Research Review},
  volume={35},
  pages={100434},
  year={2022},
  publisher={Elsevier}
}

@article{wang2022effect,
  title={The effect of age and sensation seeking on pedestrian crossing safety in a virtual reality street},
  author={Wang, Huarong and Wang, Anni and Su, Fen and Schwebel, David C},
  journal={Transportation research part F: traffic psychology and behaviour},
  volume={88},
  pages={99--110},
  year={2022},
  publisher={Elsevier}
}

