@article{appel2021virtual,
  title={Virtual reality to promote wellbeing in persons with dementia: A scoping review},
  author={Appel, Lora and Ali, Suad and Narag, Tanya and Mozeson, Krystyna and Pasat, Zain and Orchanian-Cheff, Ani and Campos, Jennifer L},
  journal={Journal of rehabilitation and assistive technologies engineering},
  volume={8},
  pages={20556683211053952},
  year={2021},
  publisher={SAGE Publications Sage UK: London, England}
}

@article{raoniar2024digital,
  title={Digital and social distractions’ impact on pedestrian road crossing behavior at signalized intersection crosswalks},
  author={Raoniar, Rahul and Maurya, Akhilesh Kumar},
  journal={Transportation Letters},
  volume={16},
  number={7},
  pages={672--687},
  year={2024},
  publisher={Taylor \& Francis}
}


@article{schneider2020virtually,
  title={Virtually the same? Analysing pedestrian behaviour by means of virtual reality},
  author={Schneider, Sonja and Bengler, Klaus},
  journal={Transportation research part F: traffic psychology and behaviour},
  volume={68},
  pages={231--256},
  year={2020},
  publisher={Elsevier}
}

@article{hallewell2024field,
  title={A field evaluation of an in-ground lighting intervention for safety at a road crossing},
  author={Hallewell, Madeline and Dadashi, Nastaran and Ryan, Brendan},
  journal={Transportation research part F: traffic psychology and behaviour},
  volume={101},
  pages={78--91},
  year={2024},
  publisher={Elsevier}
}

@article{boulagouas2024effects,
  title={Effects of mobile phone-related distraction on driving performance at roundabouts: Eye movements tracking perspective},
  author={Boulagouas, Wafa and Catalina, Ortega Carlos Alberto and Mariscal, Miguel Angel and Herrera, Sixto and Garc{\'\i}a-Herrero, Susana},
  journal={Heliyon},
  volume={10},
  number={8},
  year={2024},
  publisher={Elsevier}
}


@article{vankov2021effects,
  title={Effects of using headset-delivered virtual reality in road safety research: A systematic review of empirical studies},
  author={Vankov, Daniel and Jankovszky, David},
  journal={Virtual Reality \& Intelligent Hardware},
  volume={3},
  number={5},
  pages={351--368},
  year={2021},
  publisher={Elsevier}
}


@article{arafat2023effectiveness,
  title={Effectiveness of interventions for mobile phone distracted pedestrians: a systematic review},
  author={Arafat, Md Eaysir and Larue, Gr{\'e}goire S and Dehkordi, Sepehr Ghasemi},
  journal={Journal of safety research},
  volume={84},
  pages={330--346},
  year={2023},
  publisher={Elsevier}
}

@article{chen2018smartphone,
  title={Smartphone gaming is associated with pedestrians' head-turning performances: An observational study of street-crossing behaviors at uncontrolled intersection in Taipei},
  author={Chen, Ping-Ling and Pai, Chih-Wei},
  journal={International journal of sustainable transportation},
  volume={12},
  number={1},
  pages={12--18},
  year={2018},
  publisher={Taylor \& Francis}
}

@article{retting2017pedestrian,
  title={Pedestrian traffic fatalities by state},
  author={Retting, Richard and others},
  journal={Governors Highway Safety Association: Washington, DC, USA},
  year={2017}
}

@article{radun2024systematic,
  title={A systematic review of road traffic suicides: Do we know enough to propose effective preventive measures?},
  author={Radun, Igor and Kannan, Pragathy and Partonen, Timo and Hawton, Keith},
  journal={Transportation Research Part F: Traffic Psychology and Behaviour},
  year={2024},
  publisher={Elsevier}
}

@book{world2023pedestrian,
  title={Pedestrian safety: a road safety manual for decision-makers and practitioners},
  author={World Health Organization},
  year={2023},
  publisher={World Health Organization}
}

@article{banducci2016effects,
  title={The effects of cell phone and text message conversations on simulated street crossing},
  author={Banducci, Sarah E and Ward, Nathan and Gaspar, John G and Schab, Kurt R and Crowell, James A and Kaczmarski, Henry and Kramer, Arthur F},
  journal={Human factors},
  volume={58},
  number={1},
  pages={150--162},
  year={2016},
  publisher={SAGE Publications Sage CA: Los Angeles, CA}
}

@article{basch2014technology,
  title={Technology-related distracted walking behaviours in Manhattan's most dangerous intersections},
  author={Basch, Corey H and Ethan, Danna and Rajan, Sonali and Basch, Charles E},
  journal={Injury prevention},
  volume={20},
  number={5},
  pages={343--346},
  year={2014},
  publisher={BMJ Publishing Group Ltd}
}

@article{carrese2023assessing,
  title={Assessing the impact of LED-illuminated crosswalks on pedestrian safety},
  author={Carrese, Stefano and Pallante, Luigi and Patella, Sergio Maria and Sportiello, Simone},
  journal={Transportation research procedia},
  volume={69},
  pages={719--726},
  year={2023},
  publisher={Elsevier}
}

@article{cunningham2018driver,
  title={Driver distraction and inattention in the realm of automated driving},
  author={Cunningham, Mitchell L and Regan, Michael A},
  journal={IET Intelligent Transport Systems},
  volume={12},
  number={6},
  pages={407--413},
  year={2018},
  publisher={Wiley Online Library}
}

@article{desjardins2023evaluation,
  title={Evaluation of a road safety awareness campaign deployed along the roadside in Saguenay (Qu{\'e}bec, Canada)},
  author={Desjardins, France and Lavalli{\`e}re, Martin},
  journal={International journal of environmental research and public health},
  volume={20},
  number={11},
  pages={6012},
  year={2023},
  publisher={MDPI}
}

@techreport{figueroa2020study,
  title={Study of Gap Acceptance and Walking Speeds of Pedestrians Using Virtual Reality Simulation},
  author={Figueroa-Medina, Alberto M and Valdes-Diaz, Didier M and Colucci-R{\'\i}os, Benjam{\'\i}n and Cardona-Rodriguez, Natacha N and Bustillo, Alcibiades and Chamorro, Andres and others},
  year={2020},
  institution={Safety Research Using Simulation (SAFER-SIM) University Transportation Center}
}

@article{forster2009harnessing,
  title={Harnessing the wandering mind: The role of perceptual load},
  author={Forster, Sophie and Lavie, Nilli},
  journal={Cognition},
  volume={111},
  number={3},
  pages={345--355},
  year={2009},
  publisher={Elsevier}
}

@misc{ghsaPedestrianTraffic,
	author = {GHSA},
	title = {{P}edestrian {T}raffic {F}atalities by {S}tate: 2023 {P}reliminary {D}ata ({J}anuary-{D}ecember) | {G}{H}{S}{A} --- ghsa.org},
	howpublished = {\url{https://www.ghsa.org/resources/Pedestrians24}},
	year = {2023},
	note = {[Accessed 03-11-2024]},
}

@article{haque2015impact,
  title={The impact of mobile phone distraction on the braking behaviour of young drivers: a hazard-based duration model},
  author={Haque, Md Mazharul and Washington, Simon},
  journal={Transportation research part C: emerging technologies},
  volume={50},
  pages={13--27},
  year={2015},
  publisher={Elsevier}
}


@inproceedings{kalatian2018mobility,
  title={Mobility mode detection using WiFi signals},
  author={Kalatian, Arash and Farooq, Bilal},
  booktitle={2018 IEEE international smart cities conference (ISC2)},
  pages={1--7},
  year={2018},
  organization={IEEE}
}

@article{mwakalonge2015distracted,
  title={Distracted walking: Examining the extent to pedestrian safety problems},
  author={Mwakalonge, Judith and Siuhi, Saidi and White, Jamario},
  journal={Journal of traffic and transportation engineering (English edition)},
  volume={2},
  number={5},
  pages={327--337},
  year={2015},
  publisher={Elsevier}
}

@article{neider2011walking,
  title={Walking and talking: dual-task effects on street crossing behavior in older adults.},
  author={Neider, Mark B and Gaspar, John G and McCarley, Jason S and Crowell, James A and Kaczmarski, Henry and Kramer, Arthur F},
  journal={Psychology and aging},
  volume={26},
  number={2},
  pages={260},
  year={2011},
  publisher={American Psychological Association}
}

@article{neider2010pedestrians,
  title={Pedestrians, vehicles, and cell phones},
  author={Neider, Mark B and McCarley, Jason S and Crowell, James A and Kaczmarski, Henry and Kramer, Arthur F},
  journal={Accident Analysis \& Prevention},
  volume={42},
  number={2},
  pages={589--594},
  year={2010},
  publisher={Elsevier}
}

@misc{nhtsaPedestrianSafety,
	author = {NHTSA},
	title = {{P}edestrian {S}afety},
	year = {2023},
	note = {[Accessed 03-11-2024]},
}

@article{oviedo2016understanding,
  title={Understanding the impacts of mobile phone distraction on driving performance: A systematic review},
  author={Oviedo-Trespalacios, Oscar and Haque, Md Mazharul and King, Mark and Washington, Simon},
  journal={Transportation research part C: emerging technologies},
  volume={72},
  pages={360--380},
  year={2016},
  publisher={Elsevier}
}

@article{parab2010choosing,
  title={Choosing statistical test},
  author={Parab, Shraddha and Bhalerao, Supriya},
  journal={International journal of Ayurveda research},
  volume={1},
  number={3},
  pages={187},
  year={2010},
  publisher={Wolters Kluwer--Medknow Publications}
}

@article{patella2020effect,
  title={The effect of a LED lighting crosswalk on pedestrian safety: Some experimental results},
  author={Patella, Sergio Maria and Sportiello, Simone and Carrese, Stefano and Bella, Francesco and Asdrubali, Francesco},
  journal={Safety},
  volume={6},
  number={2},
  pages={20},
  year={2020},
  publisher={MDPI}
}


@article{pressey2024problematic,
  title={The problematic use of smartphones in public: The development and validation of a measure of smartphone “zombie” behaviour},
  author={Pressey, Andrew and Houghton, David and Istanbulluoglu, Doga},
  journal={Information Technology \& People},
  volume={37},
  number={1},
  pages={479--501},
  year={2024},
  publisher={Emerald Publishing Limited}
}

@article{ralph2020distracted,
  title={Distracted by “distracted pedestrians”?},
  author={Ralph, Kelcie and Girardeau, Ian},
  journal={Transportation research interdisciplinary perspectives},
  volume={5},
  pages={100118},
  year={2020},
  publisher={Elsevier}
}


@article{schwebel2020using,
  title={Using Bluetooth beacon technology to reduce distracted pedestrian behaviour: a cross-over trial study protocol},
  author={Schwebel, David C and Hasan, Ragib and Griffin, Russell},
  journal={Injury prevention},
  volume={26},
  number={3},
  pages={295--298},
  year={2020},
  publisher={BMJ Publishing Group Ltd}
}

@article{schwebel2012distraction,
  title={Distraction and pedestrian safety: how talking on the phone, texting, and listening to music impact crossing the street},
  author={Schwebel, David C and Stavrinos, Despina and Byington, Katherine W and Davis, Tiffany and O’Neal, Elizabeth E and De Jong, Desiree},
  journal={Accident Analysis \& Prevention},
  volume={45},
  pages={266--271},
  year={2012},
  publisher={Elsevier}
}

@article{sobhani2018impact,
  title={Impact of smartphone distraction on pedestrians’ crossing behaviour: An application of head-mounted immersive virtual reality},
  author={Sobhani, Anae and Farooq, Bilal},
  journal={Transportation research part F: traffic psychology and behaviour},
  volume={58},
  pages={228--241},
  year={2018},
  publisher={Elsevier}
}

@article{sokolowska2023impact,
  title={Impact of virtual reality cognitive and motor exercises on brain health},
  author={Soko{\l}owska, Beata},
  journal={International journal of environmental research and public health},
  volume={20},
  number={5},
  pages={4150},
  year={2023},
  publisher={MDPI}
}

@article{stavrinos2009effect,
  title={Effect of cell phone distraction on pediatric pedestrian injury risk},
  author={Stavrinos, Despina and Byington, Katherine W and Schwebel, David C},
  journal={Pediatrics},
  volume={123},
  number={2},
  pages={e179--e185},
  year={2009},
  publisher={American Academy of Pediatrics}
}

@article{stavrinos2011distracted,
  title={Distracted walking: cell phones increase injury risk for college pedestrians},
  author={Stavrinos, Despina and Byington, Katherine W and Schwebel, David C},
  journal={Journal of safety research},
  volume={42},
  number={2},
  pages={101--107},
  year={2011},
  publisher={Elsevier}
}


@inproceedings{tapiro2016older,
  title={Where do older pedestrians glance before deciding to cross a simulated two-lane road? A pedestrian simulator paradigm},
  author={Tapiro, Hagai and Borowsky, Avinoam and Oron-Gilad, Tal and Parmet, Yisrael},
  booktitle={Proceedings of the human factors and ergonomics society annual meeting},
  volume={60},
  number={1},
  pages={11--15},
  year={2016},
  organization={SAGE Publications Sage CA: Los Angeles, CA}
}


@article{villena2022effects,
  title={Effects of virtual reality on learning outcomes in K-6 education: A meta-analysis},
  author={Villena-Taranilla, Rafael and Tirado-Olivares, Sergio and C{\'o}zar-Guti{\'e}rrez, Ram{\'o}n and Gonz{\'a}lez-Calero, Jos{\'e} Antonio},
  journal={Educational Research Review},
  volume={35},
  pages={100434},
  year={2022},
  publisher={Elsevier}
}

@inproceedings{yager2012effects,
  title={The effects of reading and writing text-based messages while driving},
  author={Yager, Christine E and Cooper, Joel M and Chrysler, Susan T},
  booktitle={Proceedings of the Human Factors and Ergonomics Society Annual Meeting},
  volume={56},
  number={1},
  pages={2196--2200},
  year={2012},
  organization={Sage Publications Sage CA: Los Angeles, CA}
}

@article{schwebel2022distracted,
  title={Distracted pedestrian behavior: an observational study of risk by situational environments},
  author={Schwebel, David C and Canter, Margaret F and Hasan, Ragib and Griffin, Russell and White, Taylor R and Johnston, Anna},
  journal={Traffic injury prevention},
  volume={23},
  number={6},
  pages={346--351},
  year={2022},
  publisher={Taylor \& Francis}
}

@article{chavis2023comparative,
  title={A Comparative Study of Pedestrian Crossing Behavior and Safety in Baltimore, MD and Washington, DC Using Video Surveillance},
  author={Chavis, Celeste and Nyarko, Kofi and Cirillo, Cinzia and Center, Equity and others},
  year={2023},
  publisher={Urban Mobility \& Equity Center}
}

@article{feng2021data,
  title={Data collection methods for studying pedestrian behaviour: A systematic review},
  author={Feng, Yan and Duives, Dorine and Daamen, Winnie and Hoogendoorn, Serge},
  journal={Building and Environment},
  volume={187},
  pages={107329},
  year={2021},
  publisher={Elsevier}
}

@article{yadav2022systematic,
  title={A systematic review of observational studies investigating the influence of mobile phone distraction on road crossing behaviour of pedestrians},
  author={Yadav, Ankit Kumar and Velaga, Nagendra R},
  journal={Transportation research part F: traffic psychology and behaviour},
  volume={91},
  pages={236--259},
  year={2022},
  publisher={Elsevier}
}

@article{aghabayk2021observational,
  title={Observational-based study to explore pedestrian crossing behaviors at signalized and unsignalized crosswalks},
  author={Aghabayk, Kayvan and Esmailpour, Javad and Jafari, Ahmad and Shiwakoti, Nirajan},
  journal={Accident Analysis \& Prevention},
  volume={151},
  pages={105990},
  year={2021},
  publisher={Elsevier}
}

@article{haghani2016simple,
  title={How simple hypothetical-choice experiments can be utilized to learn humans’ navigational escape decisions in emergencies},
  author={Haghani, Milad and Sarvi, Majid and Shahhoseini, Zahra and Boltes, Maik},
  journal={PloS one},
  volume={11},
  number={11},
  pages={e0166908},
  year={2016},
  publisher={Public Library of Science San Francisco, CA USA}
}

@article{vilar2014indoor,
  title={Indoor human wayfinding performance using vertical and horizontal signage in virtual reality},
  author={Vilar, Elis{\^a}ngela and Rebelo, Francisco and Noriega, Paulo},
  journal={Human Factors and Ergonomics in Manufacturing \& Service Industries},
  volume={24},
  number={6},
  pages={601--615},
  year={2014},
  publisher={Wiley Online Library}
}

@article{sobrinho2022risks,
  title={Risks of accidents caused by the use of smartphone by pedestrians are task-and environment-dependent},
  author={Sobrinho-Junior, Sidney Afonso and de Almeida, Azriel Cancian Nepomuceno and Ceabras, Amanda Aparecida Paniago and da Silva Carvalho, Carolina Leonel and Lino, Tayla Borges and Christofoletti, Gustavo},
  journal={International journal of environmental research and public health},
  volume={19},
  number={16},
  pages={10320},
  year={2022},
  publisher={MDPI}
}

@article{stavrinos2018distracted,
  title={Distracted walking, bicycling, and driving: Systematic review and meta-analysis of mobile technology and youth crash risk},
  author={Stavrinos, Despina and Pope, Caitlin N and Shen, Jiabin and Schwebel, David C},
  journal={Child development},
  volume={89},
  number={1},
  pages={118--128},
  year={2018},
  publisher={Wiley Online Library}
}

@article{jiang2018effects,
  title={Effects of mobile phone distraction on pedestrians’ crossing behavior and visual attention allocation at a signalized intersection: An outdoor experimental study},
  author={Jiang, Kang and Ling, Feiyang and Feng, Zhongxiang and Ma, Changxi and Kumfer, Wesley and Shao, Chen and Wang, Kun},
  journal={Accident Analysis \& Prevention},
  volume={115},
  pages={170--177},
  year={2018},
  publisher={Elsevier}
}

@article{pevsic2016effects,
  title={The effects of mobile phone use on pedestrian crossing behaviour at unsignalized intersections--Models for predicting unsafe pedestrians behaviour},
  author={Pe{\v{s}}i{\'c}, Dalibor and Anti{\'c}, Boris and Glavi{\'c}, Dra{\v{z}}enko and Milenkovi{\'c}, Marina},
  journal={Safety science},
  volume={82},
  pages={1--8},
  year={2016},
  publisher={Elsevier}
}
@article{sajewicz2023texting,
  title={Texting on a smartphone while walking affects gait parameters},
  author={Sajewicz, Julia and Dziuba-S{\l}onina, Alicja},
  journal={International Journal of Environmental Research and Public Health},
  volume={20},
  number={5},
  pages={4590},
  year={2023},
  publisher={MDPI}
}

@article{thompson2013impact,
  title={Impact of social and technological distraction on pedestrian crossing behaviour: an observational study},
  author={Thompson, Leah L and Rivara, Frederick P and Ayyagari, Rajiv C and Ebel, Beth E},
  journal={Injury prevention},
  volume={19},
  number={4},
  pages={232--237},
  year={2013},
  publisher={BMJ Publishing Group Ltd}
}

@article{https://publications.polymtl.ca/9169/,
    author = {Miladi, M},
    title = {Analysing Pedestrian Safety Behavior at Urban Signalized Intersections },
    journal = {polymtl},
    year = {2021}
}

@article{russo2018pedestrian,
  title={Pedestrian behavior at signalized intersection crosswalks: observational study of factors associated with distracted walking, pedestrian violations, and walking speed},
  author={Russo, Brendan J and James, Emmanuel and Aguilar, Cristopher Y and Smaglik, Edward J},
  journal={Transportation research record},
  volume={2672},
  number={35},
  pages={1--12},
  year={2018},
  publisher={SAGE Publications Sage CA: Los Angeles, CA}
}

@article{wang2022effect,
  title={The effect of age and sensation seeking on pedestrian crossing safety in a virtual reality street},
  author={Wang, Huarong and Wang, Anni and Su, Fen and Schwebel, David C},
  journal={Transportation research part F: traffic psychology and behaviour},
  volume={88},
  pages={99--110},
  year={2022},
  publisher={Elsevier}
}

@article{deb2017efficacy,
  title={Efficacy of virtual reality in pedestrian safety research},
  author={Deb, Shuchisnigdha and Carruth, Daniel W and Sween, Richard and Strawderman, Lesley and Garrison, Teena M},
  journal={Applied ergonomics},
  volume={65},
  pages={449--460},
  year={2017},
  publisher={Elsevier}
}

@article{gaarder1989pedestrian,
  title={Pedestrian safety at traffic signals: a study carried out with the help of a traffic conflicts technique},
  author={G{\aa}rder, Per},
  journal={Accident Analysis \& Prevention},
  volume={21},
  number={5},
  pages={435--444},
  year={1989},
  publisher={Elsevier}
}

@article{ni2016evaluation,
  title={Evaluation of pedestrian safety at intersections: A theoretical framework based on pedestrian-vehicle interaction patterns},
  author={Ni, Ying and Wang, Menglong and Sun, Jian and Li, Keping},
  journal={Accident Analysis \& Prevention},
  volume={96},
  pages={118--129},
  year={2016},
  publisher={Elsevier}
}

@article{desjardins2023evaluation,
  title={Evaluation of a road safety awareness campaign deployed along the roadside in Saguenay (Qu{\'e}bec, Canada)},
  author={Desjardins, France and Lavalli{\`e}re, Martin},
  journal={International journal of environmental research and public health},
  volume={20},
  number={11},
  pages={6012},
  year={2023},
  publisher={MDPI}
}

@article{chakravarthy2007pedestrian,
  title={Pedestrian injuries: emergency care considerations},
  author={Chakravarthy, Bharath and Lotfipour, Shahram and Vaca, Federico E},
  journal={The California journal of emergency medicine},
  volume={8},
  number={1},
  pages={15},
  year={2007},
  publisher={California Chapter of the American Academy of Emergency Medicine (Cal/AAEM)}
}

@article{o2023impact,
  title={The impact of pedestrian distraction on safety behaviours at controlled and uncontrolled crossings},
  author={O’Dell, Amy and Morris, Andrew and Filtness, Ashleigh and Barnes, Jo},
  journal={Future transportation},
  volume={3},
  number={4},
  pages={1195--1208},
  year={2023},
  publisher={MDPI}
}


@misc{metaquestpro,
  title = {Meta Quest Pro VR Headset},
  url = {\\https://immersive-display.com/en/vr-headsets/798-meta-quest-pro-.html},
  author={Meta},
  year={2024},
  note = {Accessed: 2024-11-19}
}


@article{brookes2020studying,
  title={Studying human behavior with virtual reality: The Unity Experiment Framework},
  author={Brookes, Jack and Warburton, Matthew and Alghadier, Mshari and Mon-Williams, Mark and Mushtaq, Faisal},
  journal={Behavior research methods},
  volume={52},
  pages={455--463},
  year={2020},
  publisher={Springer}
}