% Use this file for citations not found in the ACL Anthology (contained in "anthology.bib").


@inproceedings{beyer1999nearest,
  title={When is “nearest neighbor” meaningful?},
  author={Beyer, Kevin and Goldstein, Jonathan and Ramakrishnan, Raghu and Shaft, Uri},
  booktitle={Database Theory—ICDT’99: 7th International Conference Jerusalem, Israel, January 10--12, 1999 Proceedings 7},
  pages={217--235},
  year={1999},
  organization={Springer}
}

@inproceedings{aggarwal2001surprising,
  title={On the surprising behavior of distance metrics in high dimensional space},
  author={Aggarwal, Charu C and Hinneburg, Alexander and Keim, Daniel A},
  booktitle={Database theory—ICDT 2001: 8th international conference London, UK, January 4--6, 2001 proceedings 8},
  pages={420--434},
  year={2001},
  organization={Springer}
}

@article{zelnik2004self,
  title={Self-tuning spectral clustering},
  author={Zelnik-Manor, Lihi and Perona, Pietro},
  journal={Advances in neural information processing systems},
  volume={17},
  year={2004},
  url = {https://proceedings.neurips.cc/paper/2004/file/40173ea48d9567f1f393b20c855bb40b-Paper.pdf}
}

@article{durrant2009nearest,
  title={When is ‘nearest neighbour’meaningful: A converse theorem and implications},
  author={Durrant, Robert J and Kab{\'a}n, Ata},
  journal={Journal of Complexity},
  volume={25},
  number={4},
  pages={385--397},
  year={2009},
  publisher={Elsevier}
}

@article{radovanovic2010hubs,
  title={Hubs in space: Popular nearest neighbors in high-dimensional data},
  author={Radovanovic, Milos and Nanopoulos, Alexandros and Ivanovic, Mirjana},
  journal={Journal of Machine Learning Research},
  volume={11},
  number={sept},
  pages={2487--2531},
  year={2010}
}

@inproceedings{flexer2016empirical,
  title={An empirical analysis of hubness in unsupervised distance-based outlier detection},
  author={Flexer, Arthur},
  booktitle={2016 IEEE 16th International Conference on Data Mining Workshops (ICDMW)},
  pages={716--723},
  year={2016},
  organization={IEEE}
}


@article{schnitzer2012local,
  title={Local and global scaling reduce hubs in space},
  author={Schnitzer, Dominik and Flexer, Arthur and Schedl, Markus and Widmer, Gerhard},
  journal={Journal of Machine Learning Research},
  volume={13},
  number={10},
  year={2012},
  url={https://jmlr.csail.mit.edu/papers/volume13/schnitzer12a/schnitzer12a.pdf}
}

@article{Dinu2014ImprovingZL,
  title={Improving zero-shot learning by mitigating the hubness problem},
  author={Georgiana Dinu and Marco Baroni},
  journal={CoRR},
  year={2014},
  volume={abs/1412.6568},
  url={https://api.semanticscholar.org/CorpusID:17910711}
}

@inproceedings{
smith2017offline,
title={Offline bilingual word vectors, orthogonal transformations and the inverted softmax},
author={Samuel L. Smith and David H. P. Turban and Steven Hamblin and Nils Y. Hammerla},
booktitle={International Conference on Learning Representations},
year={2017},
url={https://openreview.net/forum?id=r1Aab85gg}
}



@inproceedings{
lample2018word,
title={Word translation without parallel data},
author={Guillaume Lample and Alexis Conneau and Marc'Aurelio Ranzato and Ludovic Denoyer and Hervé Jégou},
booktitle={International Conference on Learning Representations},
year={2018},
url={https://openreview.net/forum?id=H196sainb},
}


@article{feldbauer2019comprehensive,
  title={A comprehensive empirical comparison of hubness reduction in high-dimensional spaces},
  author={Feldbauer, Roman and Flexer, Arthur},
  journal={Knowledge and Information Systems},
  volume={59},
  number={1},
  pages={137--166},
  year={2019},
  publisher={Springer},
  doi={https://doi.org/10.1007/s10115-018-1205-y}
}

@inproceedings{huang2020improving,
  title={Improving bilingual lexicon induction for low frequency words},
  author={Huang, Jiaji and Cai, Xingyu and Church, Kenneth},
  booktitle={Proceedings of the 2020 Conference on Empirical Methods in Natural Language Processing (EMNLP)},
  pages={1310--1314},
  year={2020}
}

@inproceedings{bogolin2022cross,
  title={Cross modal retrieval with querybank normalisation},
  author={Bogolin, Simion-Vlad and Croitoru, Ioana and Jin, Hailin and Liu, Yang and Albanie, Samuel},
  booktitle={Proceedings of the IEEE/CVF Conference on Computer Vision and Pattern Recognition},
  pages={5194--5205},
  year={2022}
}






@InProceedings{pmlr-v233-nielsen24a,
  title = 	 {Hubness Reduction Improves Sentence-{BERT} Semantic Spaces},
  author =       {Nielsen, Beatrix Miranda Ginn and Hansen, Lars Kai},
  booktitle = 	 {Proceedings of the 5th Northern Lights Deep Learning Conference ({NLDL})},
  pages = 	 {181--204},
  year = 	 {2024},
  editor = 	 {Lutchyn, Tetiana and Ramírez Rivera, Adín and Ricaud, Benjamin},
  volume = 	 {233},
  series = 	 {Proceedings of Machine Learning Research},
  month = 	 {09--11 Jan},
  publisher =    {PMLR},
  pdf = 	 {https://proceedings.mlr.press/v233/nielsen24a/nielsen24a.pdf},
  url = 	 {https://proceedings.mlr.press/v233/nielsen24a.html}
}

@article{zhou2024test,
  title={Test-time distribution normalization for contrastively learned visual-language models},
  author={Zhou, Yifei and Ren, Juntao and Li, Fengyu and Zabih, Ramin and Lim, Ser Nam},
  journal={Advances in Neural Information Processing Systems},
  volume={36},
  year={2024}
}






@book{Aho:72,
    author  = {Alfred V. Aho and Jeffrey D. Ullman},
    title   = {The Theory of Parsing, Translation and Compiling},
    year    = "1972",
    volume  = "1",
    publisher = {Prentice-Hall},
    address = {Englewood Cliffs, NJ}
}

@book{APA:83,
    author  = {{American Psychological Association}},
    title   = {Publications Manual},
    year    = "1983",
    publisher = {American Psychological Association},
    address = {Washington, DC}
}

@article{Chandra:81,
	author = {Ashok K. Chandra and Dexter C. Kozen and Larry J. Stockmeyer},
	year = "1981",
	title = {Alternation},
	journal = {Journal of the Association for Computing Machinery},
	volume = "28",
	number = "1",
	pages = "114--133",
	doi = "10.1145/322234.322243",
}

@inproceedings{andrew2007scalable,
  title={Scalable training of {L1}-regularized log-linear models},
  author={Andrew, Galen and Gao, Jianfeng},
  booktitle={Proceedings of the 24th International Conference on Machine Learning},
  pages={33--40},
  year={2007},
}

@book{Gusfield:97,
    author  = {Dan Gusfield},
    title   = {Algorithms on Strings, Trees and Sequences},
    year    = "1997",
    publisher = {Cambridge University Press},
    address = {Cambridge, UK}
}

@article{rasooli-tetrault-2015,
    author    = {Mohammad Sadegh Rasooli and Joel R. Tetreault},
    title     = {Yara Parser: {A} Fast and Accurate Dependency Parser},
    journal   = {Computing Research Repository},
    volume    = {arXiv:1503.06733},
    year      = {2015},
    url       = {http://arxiv.org/abs/1503.06733},
    note    = {version 2}
}

@article{Ando2005,
	Acmid = {1194905},
	Author = {Ando, Rie Kubota and Zhang, Tong},
	Issn = {1532-4435},
	Issue_Date = {12/1/2005},
	Journal = {Journal of Machine Learning Research},
	Month = dec,
	Numpages = {37},
	Pages = {1817--1853},
	Publisher = {JMLR.org},
	Title = {A Framework for Learning Predictive Structures from Multiple Tasks and Unlabeled Data},
	Volume = {6},
	Year = {2005}
}

@article{tomavsev2015hubness,
  title={Hubness-aware classification, instance selection and feature construction: Survey and extensions to time-series},
  author={Toma{\v{s}}ev, Nenad and Buza, Krisztian and Marussy, Krist{\'o}f and Kis, Piroska B},
  journal={Feature selection for data and pattern recognition},
  pages={231--262},
  year={2015},
  publisher={Springer}
}


@inproceedings{tomavsev2011role,
  title={The role of hubness in clustering high-dimensional data},
  author={Toma{\v{s}}ev, Nenad and Radovanovi{\'c}, Milo{\v{s}} and Mladeni{\'c}, Dunja and Ivanovi{\'c}, Mirjana},
  booktitle={Pacific-Asia Conference on Knowledge Discovery and Data Mining},
  pages={183--195},
  year={2011},
  organization={Springer}
}


@article{elhage2021mathematical,
  title={A mathematical framework for transformer circuits},
  author={Elhage, Nelson and Nanda, Neel and Olsson, Catherine and Henighan, Tom and Joseph, Nicholas and Mann, Ben and Askell, Amanda and Bai, Yuntao and Chen, Anna and Conerly, Tom and others},
  journal={Transformer Circuits Thread},
  volume={1},
  number={1},
  pages={12},
  year={2021}
}
