@article{Dinu2014ImprovingZL,
  title={Improving zero-shot learning by mitigating the hubness problem},
  author={Georgiana Dinu and Marco Baroni},
  journal={CoRR},
  year={2014},
  volume={abs/1412.6568},
  url={https://api.semanticscholar.org/CorpusID:17910711}
}

@inproceedings{bogolin2022cross,
  title={Cross modal retrieval with querybank normalisation},
  author={Bogolin, Simion-Vlad and Croitoru, Ioana and Jin, Hailin and Liu, Yang and Albanie, Samuel},
  booktitle={Proceedings of the IEEE/CVF Conference on Computer Vision and Pattern Recognition},
  pages={5194--5205},
  year={2022}
}

@article{feldbauer2019comprehensive,
  title={A comprehensive empirical comparison of hubness reduction in high-dimensional spaces},
  author={Feldbauer, Roman and Flexer, Arthur},
  journal={Knowledge and Information Systems},
  volume={59},
  number={1},
  pages={137--166},
  year={2019},
  publisher={Springer},
  doi={https://doi.org/10.1007/s10115-018-1205-y}
}

@inproceedings{huang2020improving,
  title={Improving bilingual lexicon induction for low frequency words},
  author={Huang, Jiaji and Cai, Xingyu and Church, Kenneth},
  booktitle={Proceedings of the 2020 Conference on Empirical Methods in Natural Language Processing (EMNLP)},
  pages={1310--1314},
  year={2020}
}

@InProceedings{pmlr-v233-nielsen24a,
  title = 	 {Hubness Reduction Improves Sentence-{BERT} Semantic Spaces},
  author =       {Nielsen, Beatrix Miranda Ginn and Hansen, Lars Kai},
  booktitle = 	 {Proceedings of the 5th Northern Lights Deep Learning Conference ({NLDL})},
  pages = 	 {181--204},
  year = 	 {2024},
  editor = 	 {Lutchyn, Tetiana and Ramírez Rivera, Adín and Ricaud, Benjamin},
  volume = 	 {233},
  series = 	 {Proceedings of Machine Learning Research},
  month = 	 {09--11 Jan},
  publisher =    {PMLR},
  pdf = 	 {https://proceedings.mlr.press/v233/nielsen24a/nielsen24a.pdf},
  url = 	 {https://proceedings.mlr.press/v233/nielsen24a.html}
}

@article{radovanovic2010hubs,
  title={Hubs in space: Popular nearest neighbors in high-dimensional data},
  author={Radovanovic, Milos and Nanopoulos, Alexandros and Ivanovic, Mirjana},
  journal={Journal of Machine Learning Research},
  volume={11},
  number={sept},
  pages={2487--2531},
  year={2010}
}

@article{schnitzer2012local,
  title={Local and global scaling reduce hubs in space},
  author={Schnitzer, Dominik and Flexer, Arthur and Schedl, Markus and Widmer, Gerhard},
  journal={Journal of Machine Learning Research},
  volume={13},
  number={10},
  year={2012},
  url={https://jmlr.csail.mit.edu/papers/volume13/schnitzer12a/schnitzer12a.pdf}
}

@article{zelnik2004self,
  title={Self-tuning spectral clustering},
  author={Zelnik-Manor, Lihi and Perona, Pietro},
  journal={Advances in neural information processing systems},
  volume={17},
  year={2004},
  url = {https://proceedings.neurips.cc/paper/2004/file/40173ea48d9567f1f393b20c855bb40b-Paper.pdf}
}

