@article{chen2024large,
  title={Large circuit models: opportunities and challenges},
  author={Chen, Lei and Chen, Yiqi and Chu, Zhufei and Fang, Wenji and Ho, Tsung-Yi and Huang, Ru and Huang, Yu and Khan, Sadaf and Li, Min and Li, Xingquan and others},
  journal={Science China Information Sciences},
  volume={67},
  number={10},
  pages={1--42},
  year={2024},
  publisher={Springer}
}

@article{deng2024less,
  title={Less is More: Hop-Wise Graph Attention for Scalable and Generalizable Learning on Circuits},
  author={Deng, Chenhui and Yue, Zichao and Yu, Cunxi and Sarar, Gokce and Carey, Ryan and Jain, Rajeev and Zhang, Zhiru},
  journal={arXiv preprint arXiv:2403.01317},
  year={2024}
}

@article{huang2013match,
  title={Match and replace: A functional ECO engine for multierror circuit rectification},
  author={Huang, Shao-Lun and Lin, Wei-Hsun and Huang, Po-Kai and Huang, Chung-Yang},
  journal={IEEE Transactions on Computer-Aided Design of Integrated Circuits and Systems},
  volume={32},
  number={3},
  pages={467--478},
  year={2013},
  publisher={IEEE}
}

@article{jaeger2007virtually,
  title={Virtually every ASIC ends up an FPGA},
  author={Jaeger, J},
  journal={EE Times},
  year={2007}
}

@inproceedings{khan2024deepseq,
  title={DeepSeq: Deep Sequential Circuit Learning},
  author={Khan, Sadaf and Shi, Zhengyuan and Li, Min and Xu, Qiang},
  booktitle={2024 Design, Automation \& Test in Europe Conference \& Exhibition (DATE)},
  pages={1--2},
  year={2024},
  organization={IEEE}
}

@inproceedings{li2022deepgate,
  title={Deepgate: Learning neural representations of logic gates},
  author={Li, Min and Khan, Sadaf and Shi, Zhengyuan and Wang, Naixing and Yu, Huang and Xu, Qiang},
  booktitle={Proceedings of the 59th ACM/IEEE Design Automation Conference},
  pages={667--672},
  year={2022}
}

@inproceedings{shi2022deeptpi,
  title={Deeptpi: Test point insertion with deep reinforcement learning},
  author={Shi, Zhengyuan and Li, Min and Khan, Sadaf and Wang, Liuzheng and Wang, Naixing and Huang, Yu and Xu, Qiang},
  booktitle={2022 IEEE International Test Conference (ITC)},
  pages={194--203},
  year={2022},
  organization={IEEE}
}

@inproceedings{shi2023deepgate2,
  title={Deepgate2: Functionality-aware circuit representation learning},
  author={Shi, Zhengyuan and Pan, Hongyang and Khan, Sadaf and Li, Min and Liu, Yi and Huang, Junhua and Zhen, Hui-Ling and Yuan, Mingxuan and Chu, Zhufei and Xu, Qiang},
  booktitle={2023 IEEE/ACM International Conference on Computer Aided Design (ICCAD)},
  pages={1--9},
  year={2023},
  organization={IEEE}
}

@inproceedings{wang2022functionality,
  title={Functionality matters in netlist representation learning},
  author={Wang, Ziyi and Bai, Chen and He, Zhuolun and Zhang, Guangliang and Xu, Qiang and Ho, Tsung-Yi and Yu, Bei and Huang, Yu},
  booktitle={Proceedings of the 59th ACM/IEEE Design Automation Conference},
  pages={61--66},
  year={2022}
}

@inproceedings{wu2023gamora,
  title={Gamora: Graph learning based symbolic reasoning for large-scale boolean networks},
  author={Wu, Nan and Li, Yingjie and Hao, Cong and Dai, Steve and Yu, Cunxi and Xie, Yuan},
  booktitle={2023 60th ACM/IEEE Design Automation Conference (DAC)},
  pages={1--6},
  year={2023},
  organization={IEEE}
}

