@article{chen2024large,
  title={Large circuit models: opportunities and challenges},
  author={Chen, Lei and Chen, Yiqi and Chu, Zhufei and Fang, Wenji and Ho, Tsung-Yi and Huang, Ru and Huang, Yu and Khan, Sadaf and Li, Min and Li, Xingquan and others},
  journal={Science China Information Sciences},
  volume={67},
  number={10},
  pages={1--42},
  year={2024},
  publisher={Springer}
}

@inproceedings{khan2024deepseq,
  title={DeepSeq: Deep Sequential Circuit Learning},
  author={Khan, Sadaf and Shi, Zhengyuan and Li, Min and Xu, Qiang},
  booktitle={2024 Design, Automation \& Test in Europe Conference \& Exhibition (DATE)},
  pages={1--2},
  year={2024},
  organization={IEEE}
}

@inproceedings{li2022deepgate,
  title={Deepgate: Learning neural representations of logic gates},
  author={Li, Min and Khan, Sadaf and Shi, Zhengyuan and Wang, Naixing and Yu, Huang and Xu, Qiang},
  booktitle={Proceedings of the 59th ACM/IEEE Design Automation Conference},
  pages={667--672},
  year={2022}
}

@inproceedings{shi2023deepgate2,
  title={Deepgate2: Functionality-aware circuit representation learning},
  author={Shi, Zhengyuan and Pan, Hongyang and Khan, Sadaf and Li, Min and Liu, Yi and Huang, Junhua and Zhen, Hui-Ling and Yuan, Mingxuan and Chu, Zhufei and Xu, Qiang},
  booktitle={2023 IEEE/ACM International Conference on Computer Aided Design (ICCAD)},
  pages={1--9},
  year={2023},
  organization={IEEE}
}

@inproceedings{shi2022deeptpi,
  title={Deeptpi: Test point insertion with deep reinforcement learning},
  author={Shi, Zhengyuan and Li, Min and Khan, Sadaf and Wang, Liuzheng and Wang, Naixing and Huang, Yu and Xu, Qiang},
  booktitle={2022 IEEE International Test Conference (ITC)},
  pages={194--203},
  year={2022},
  organization={IEEE}
}

@inproceedings{li2023eda,
  title={On EDA-Driven Learning for SAT Solving},
  author={Li, Min and Shi, Zhengyuan and Lai, Qiuxia and Khan, Sadaf and Cai, Shaowei and Xu, Qiang},
  booktitle={2023 60th ACM/IEEE Design Automation Conference (DAC)},
  pages={1--6},
  year={2023},
  organization={IEEE}
}

@article{shi2024eda,
  title={EDA-Driven Preprocessing for SAT Solving},
  author={Shi, Zhengyuan and Tang, Tiebing and Khan, Sadaf and Zhen, Hui-Ling and Yuan, Mingxuan and Chu, Zhufei and Xu, Qiang},
  journal={arXiv preprint arXiv:2403.19446},
  year={2024}
}

@inproceedings{wu2023gamora,
  title={Gamora: Graph learning based symbolic reasoning for large-scale boolean networks},
  author={Wu, Nan and Li, Yingjie and Hao, Cong and Dai, Steve and Yu, Cunxi and Xie, Yuan},
  booktitle={2023 60th ACM/IEEE Design Automation Conference (DAC)},
  pages={1--6},
  year={2023},
  organization={IEEE}
}

@article{deng2024less,
  title={Less is More: Hop-Wise Graph Attention for Scalable and Generalizable Learning on Circuits},
  author={Deng, Chenhui and Yue, Zichao and Yu, Cunxi and Sarar, Gokce and Carey, Ryan and Jain, Rajeev and Zhang, Zhiru},
  journal={arXiv preprint arXiv:2403.01317},
  year={2024}
}

@article{shi2024deepgate3,
  title={DeepGate3: towards scalable circuit representation learning},
  author={Shi, Zhengyuan and Zheng, Ziyang and Khan, Sadaf and Zhong, Jianyuan and Li, Min and Xu, Qiang},
  journal={arXiv preprint arXiv:2407.11095},
  year={2024}
}

@inproceedings{wang2022functionality,
  title={Functionality matters in netlist representation learning},
  author={Wang, Ziyi and Bai, Chen and He, Zhuolun and Zhang, Guangliang and Xu, Qiang and Ho, Tsung-Yi and Yu, Bei and Huang, Yu},
  booktitle={Proceedings of the 59th ACM/IEEE Design Automation Conference},
  pages={61--66},
  year={2022}
}

@article{devlin2018bert,
  title={Bert: Pre-training of deep bidirectional transformers for language understanding},
  author={Devlin, Jacob},
  journal={arXiv preprint arXiv:1810.04805},
  year={2018}
}

@article{ISCAS89,
  title={Notes on the ISCAS'89 benchmark circuits},
  author={Brglez, Franc and Bryan, David and Kozminski, Krzysztof},
  journal={North-Carolina State University},
  year={1989}
}

@inproceedings{ITC99,
  title={Characteristics of the ITC’99 benchmark circuits},
  author={Davidson, Scott},
  booktitle={ITSW},
  year={1999}
}

@inproceedings{EPFLBenchmarks,
  title={The EPFL combinational benchmark suite},
  author={Amar{\'u}, Luca and Gaillardon, Pierre-Emmanuel and De Micheli, Giovanni},
  booktitle={IWLS},
  number={CONF},
  year={2015}
}

@techreport{edwards2021introduction,
  title={Introduction to the SkyWater PDK: The New Age of Open Source Silicon},
  author={Edwards, T},
  year={2021},
  institution={tech. rep}
}

@inproceedings{yu2019dag,
  title={DAG-GNN: DAG structure learning with graph neural networks},
  author={Yu, Yue and Chen, Jie and Gao, Tian and Yu, Mo},
  booktitle={International conference on machine learning},
  pages={7154--7163},
  year={2019},
  organization={PMLR}
}

@article{kipf2016semi,
  title={Semi-supervised classification with graph convolutional networks},
  author={Kipf, Thomas N and Welling, Max},
  journal={arXiv preprint arXiv:1609.02907},
  year={2016}
}

@inproceedings{dao2018efficient,
  title={Efficient computation of ECO patch functions},
  author={Dao, Ai Quoc and Lee, Nian-Ze and Chen, Li-Cheng and Lin, Mark Po-Hung and Jiang, Jie-Hong R and Mishchenko, Alan and Brayton, Robert},
  booktitle={Proceedings of the 55th Annual Design Automation Conference},
  pages={1--6},
  year={2018}
}

@inproceedings{huang20172017,
  title={2017 ICCAD CAD Contest Problem A: Resource-aware patch generation},
  author={Huang, CY and Hsu, CJ and Wu, CA},
  booktitle={Proc. ICCAD},
  year={2017}
}

@inproceedings{wu2010robust,
  title={A robust functional ECO engine by SAT proof minimization and interpolation techniques},
  author={Wu, Bo-Han and Yang, Chun-Ju and Huang, Chung-Yang and Jiang, Jie-Hong Roland},
  booktitle={2010 IEEE/ACM International Conference on Computer-Aided Design (ICCAD)},
  pages={729--734},
  year={2010},
  organization={IEEE}
}

@inproceedings{mishchenko2018canonical,
  title={Canonical computation without canonical representation},
  author={Mishchenko, Alan and Brayton, Robert and Petkovska, Ana and Soeken, Mathias and Amar{\'u}, Luca and Domic, Antun},
  booktitle={Proceedings of the 55th Annual Design Automation Conference},
  pages={1--6},
  year={2018}
}

@article{huang2013match,
  title={Match and replace: A functional ECO engine for multierror circuit rectification},
  author={Huang, Shao-Lun and Lin, Wei-Hsun and Huang, Po-Kai and Huang, Chung-Yang},
  journal={IEEE Transactions on Computer-Aided Design of Integrated Circuits and Systems},
  volume={32},
  number={3},
  pages={467--478},
  year={2013},
  publisher={IEEE}
}

@article{li2022deepsat,
  title={Deepsat: An eda-driven learning framework for sat},
  author={Li, Min and Shi, Zhengyuan and Lai, Qiuxia and Khan, Sadaf and Cai, Shaowei and Xu, Qiang},
  journal={arXiv preprint arXiv:2205.13745},
  year={2022}
}


@article{velivckovic2017graph,
  title={Graph attention networks},
  author={Veli{\v{c}}kovi{\'c}, Petar and Cucurull, Guillem and Casanova, Arantxa and Romero, Adriana and Lio, Pietro and Bengio, Yoshua},
  journal={arXiv preprint arXiv:1710.10903},
  year={2017}
}

@inproceedings{liu2024polargate,
  title={PolarGate: Breaking the Functionality Representation Bottleneck of And-Inverter Graph Neural Network},
  author={Liu, Jiawei and Zhai, Jianwang and Zhao, Mingyu and Lin, Zhe and Yu, Bei and Shi, Chuan},
  booktitle={2024 IEEE/ACM International Conference on Computer Aided Design (ICCAD)},
  pages={1--9},
  year={2024},
  organization={IEEE}
}

@inproceedings{brglez1989combinational,
  title={Combinational profiles of sequential benchmark circuits},
  author={Brglez, Franc and Bryan, David and Kozminski, Krzysztof},
  booktitle={1989 IEEE International Symposium on Circuits and Systems (ISCAS)},
  pages={1929--1934},
  year={1989},
  organization={IEEE}
}

@inproceedings{davidson1999characteristics,
  title={Characteristics of the ITC’99 benchmark circuits},
  author={Davidson, Scott},
  booktitle={IEEE International Test Synthesis Workshop (ITSW)},
  pages={87},
  year={1999}
}

@inproceedings{albrecht2005iwls,
  title={IWLS 2005 benchmarks},
  author={Albrecht, Christoph},
  booktitle={International Workshop for Logic Synthesis (IWLS)},
  volume={9},
  year={2005}
}

@article{jaeger2007virtually,
  title={Virtually every ASIC ends up an FPGA},
  author={Jaeger, J},
  journal={EE Times},
  year={2007}
}

@article{shi2024deepgate3,
  title={Deepgate3: Towards scalable circuit representation learning},
  author={Shi, Zhengyuan and Zheng, Ziyang and Khan, Sadaf and Zhong, Jianyuan and Li, Min and Xu, Qiang},
  journal={arXiv preprint arXiv:2407.11095},
  year={2024}
}