@article{abdin2024phi,
  title={Phi-3 technical report: A highly capable language model locally on your phone},
  author={Abdin, Marah and Jacobs, Sam Ade and Awan, Ammar Ahmad and Aneja, Jyoti and Awadallah, Ahmed and Awadalla, Hany and Bach, Nguyen and Bahree, Amit and Bakhtiari, Arash and Behl, Harkirat and others},
  journal={arXiv preprint arXiv:2404.14219},
  year={2024}
}

@article{achiam2023gpt,
  title={Gpt-4 technical report},
  author={Achiam, Josh and Adler, Steven and Agarwal, Sandhini and Ahmad, Lama and Akkaya, Ilge and Aleman, Florencia Leoni and Almeida, Diogo and Altenschmidt, Janko and Altman, Sam and Anadkat, Shyamal and others},
  journal={arXiv preprint arXiv:2303.08774},
  year={2023}
}

@article{alayrac2022flamingo,
  title={Flamingo: a visual language model for few-shot learning},
  author={Alayrac, Jean-Baptiste and Donahue, Jeff and Luc, Pauline and Miech, Antoine and Barr, Iain and Hasson, Yana and Lenc, Karel and Mensch, Arthur and Millican, Katherine and Reynolds, Malcolm and others},
  journal={Advances in neural information processing systems},
  volume={35},
  pages={23716--23736},
  year={2022}
}

@article{bai2023qwen,
  title={{Qwen-VL}: A Versatile Vision-Language Model for Understanding, Localization, Text Reading, and Beyond},
  author={Bai, Jinze and Bai, Shuai and Yang, Shusheng and Wang, Shijie and Tan, Sinan and Wang, Peng and Lin, Junyang and Zhou, Chang and Zhou, Jingren},
  journal={arXiv preprint arXiv:2308.12966},
  year={2023}
}

@article{beyer2024paligemma,
  title={Paligemma: A versatile 3b vlm for transfer},
  author={Beyer, Lucas and Steiner, Andreas and Pinto, Andr{\'e} Susano and Kolesnikov, Alexander and Wang, Xiao and Salz, Daniel and Neumann, Maxim and Alabdulmohsin, Ibrahim and Tschannen, Michael and Bugliarello, Emanuele and others},
  journal={arXiv preprint arXiv:2407.07726},
  year={2024}
}

@article{chen2022pali,
  title={Pali: A jointly-scaled multilingual language-image model},
  author={Chen, Xi and Wang, Xiao and Changpinyo, Soravit and Piergiovanni, AJ and Padlewski, Piotr and Salz, Daniel and Goodman, Sebastian and Grycner, Adam and Mustafa, Basil and Beyer, Lucas and others},
  journal={arXiv preprint arXiv:2209.06794},
  year={2022}
}

@article{chen2024far,
  title={How far are we to gpt-4v? closing the gap to commercial multimodal models with open-source suites},
  author={Chen, Zhe and Wang, Weiyun and Tian, Hao and Ye, Shenglong and Gao, Zhangwei and Cui, Erfei and Tong, Wenwen and Hu, Kongzhi and Luo, Jiapeng and Ma, Zheng and others},
  journal={arXiv preprint arXiv:2404.16821},
  year={2024}
}

@inproceedings{jaegle2021perceiver,
  title={Perceiver: General perception with iterative attention},
  author={Jaegle, Andrew and Gimeno, Felix and Brock, Andy and Vinyals, Oriol and Zisserman, Andrew and Carreira, Joao},
  booktitle={International conference on machine learning},
  pages={4651--4664},
  year={2021},
  organization={PMLR}
}

@article{laurenccon2024building,
  title={Building and better understanding vision-language models: insights and future directions},
  author={Lauren{\c{c}}on, Hugo and Marafioti, Andr{\'e}s and Sanh, Victor and Tronchon, L{\'e}o},
  journal={arXiv preprint arXiv:2408.12637},
  year={2024}
}

@article{laurenccon2024matters,
  title={What matters when building vision-language models?},
  author={Lauren{\c{c}}on, Hugo and Tronchon, L{\'e}o and Cord, Matthieu and Sanh, Victor},
  journal={arXiv preprint arXiv:2405.02246},
  year={2024}
}

@inproceedings{liu2024improved,
  title={Improved baselines with visual instruction tuning},
  author={Liu, Haotian and Li, Chunyuan and Li, Yuheng and Lee, Yong Jae},
  booktitle={Proceedings of the IEEE/CVF Conference on Computer Vision and Pattern Recognition},
  pages={26296--26306},
  year={2024}
}

@article{liu2024visual,
  title={Visual instruction tuning},
  author={Liu, Haotian and Li, Chunyuan and Wu, Qingyang and Lee, Yong Jae},
  journal={Advances in neural information processing systems},
  volume={36},
  year={2023}
}

@inproceedings{lu2024unified,
  title={Unified-IO 2: Scaling Autoregressive Multimodal Models with Vision Language Audio and Action},
  author={Lu, Jiasen and Clark, Christopher and Lee, Sangho and Zhang, Zichen and Khosla, Savya and Marten, Ryan and Hoiem, Derek and Kembhavi, Aniruddha},
  booktitle={Proceedings of the IEEE/CVF Conference on Computer Vision and Pattern Recognition},
  pages={26439--26455},
  year={2024}
}

@article{maaz2024palo,
  title={PALO: A Polyglot Large Multimodal Model for 5B People},
  author={Maaz, Muhammad and Rasheed, Hanoona and Shaker, Abdelrahman and Khan, Salman and Cholakal, Hisham and Anwer, Rao M and Baldwin, Tim and Felsberg, Michael and Khan, Fahad S},
  journal={arXiv preprint arXiv:2402.14818},
  year={2024}
}

@article{team2024chameleon,
  title={Chameleon: Mixed-modal early-fusion foundation models},
  author={Team Chameleon},
  journal={arXiv preprint arXiv:2405.09818},
  year={2024}
}

@article{tong2024cambrian,
  title={Cambrian-1: A fully open, vision-centric exploration of multimodal llms},
  author={Tong, Shengbang and Brown, Ellis and Wu, Penghao and Woo, Sanghyun and Middepogu, Manoj and Akula, Sai Charitha and Yang, Jihan and Yang, Shusheng and Iyer, Adithya and Pan, Xichen and others},
  journal={arXiv preprint arXiv:2406.16860},
  year={2024}
}

@article{wang2023cogvlm,
  title={Cogvlm: Visual expert for pretrained language models},
  author={Wang, Weihan and Lv, Qingsong and Yu, Wenmeng and Hong, Wenyi and Qi, Ji and Wang, Yan and Ji, Junhui and Yang, Zhuoyi and Zhao, Lei and Song, Xixuan and others},
  journal={arXiv preprint arXiv:2311.03079},
  year={2023}
}

@inproceedings{xiao2024florence,
  title={Florence-2: Advancing a unified representation for a variety of vision tasks},
  author={Xiao, Bin and Wu, Haiping and Xu, Weijian and Dai, Xiyang and Hu, Houdong and Lu, Yumao and Zeng, Michael and Liu, Ce and Yuan, Lu},
  booktitle={Proceedings of the IEEE/CVF Conference on Computer Vision and Pattern Recognition},
  pages={4818--4829},
  year={2024}
}

