@article{Huang2021,
  title={Therapeutics Data Commons: Machine learning datasets and tasks for drug discovery and development},
  author={Huang, Kexin and Fu, Tianfan and Gao, Wenhao and Zhao, Yue and Roohani, Yusuf and Leskovec, Jure and Coley, Connor W and Xiao, Cao and Sun, Jimeng and Zitnik, Marinka},
  journal={arXiv preprint arXiv:2102.09548},
  year={2021}
}


@inproceedings{Ducamp2020,
  title={aGrUM/pyAgrum: a toolbox to build models and algorithms for Probabilistic Graphical Models in Python},
  author={Ducamp, Gaspard and Gonzales, Christophe and Wuillemin, Pierre-Henri},
  booktitle={International Conference on Probabilistic Graphical Models},
  year={2020},
  organization={PMLR}
}

@article{Friedman1997,
  title={Bayesian network classifiers},
  author={Friedman, Nir and Geiger, Dan and Goldszmidt, Moises},
  journal={Machine learning},
  volume={29},
  pages={131--163},
  year={1997},
  publisher={Springer}
}


@article{Pelikan2005,
  title={Bayesian Optimization Algorithm},
  author={Pelikan, Martin and Pelikan, Martin},
  journal={Hierarchical Bayesian optimization algorithm: toward a new generation of evolutionary algorithms},
  pages={31--48},
  year={2005},
  publisher={Springer}
}

@article{Li2025,
    author = {Li, Xinqi and Pascual-Diaz, Sergio and Hand, Calum and Garland, Rory and Abbas, Waseem and Khan, Faiz M. and Das, Nikhil M. and Desai, Vedant and AbouZleikha, Mohamed and Clark, Matthew},   
    title = {Scalable Drug Property Prediction via Automated Machine Learning},
    journal = {ChemRxiv},
    year = {2025}
}

@article{Gangwal2024,
    author = {Gangwal, Amit and Lavecchia, Antonio},
    title = {Unleashing the power of generative AI in drug discovery},
    journal = {Drug Discovery Today},
    volume={29},
    number = {6},
    pages = {103992},
    year = {2024}
}
}@article{Arnold2023,
  title={Inside the nascent industry of AI-designed drugs},
  author={Arnold, Carrie},
  year={2023},
  publisher={Nature Publishing Group},
  journal={Nature Medicine },
  volume={29},
  pages={1292–-1295}
}


@inproceedings{daSilva2024,
  title={A Generative Evolutionary Many-Objective Framework: A Case Study in Antimicrobial Agent Design},
  author={da Silva, Matheus Muller Pereira and Angelo, Jaqueline Silva and Guedes, Isabella Alvim and Dardenne, Laurent Emmanuel},
  booktitle={Proceedings of the Genetic and Evolutionary Computation Conference Companion},
  pages={1623--1630},
  year={2024},
  publisher={ACM}
}


@inproceedings{deSa2024,
  title={Towards Evolutionary-based Automated Machine Learning for Small Molecule Pharmacokinetic Prediction},
 author={de S\'a, Alex G. C. and Ascher, David B.},
  booktitle={Proceedings of the Genetic and Evolutionary Computation Conference Companion},
  pages={1544--1553},
  year={2024},
  publisher={ACM}
}

@article{Correia2024,
  title={DeepMol: An Automated Machine and Deep Learning Framework for Computational Chemistry},
  author={Correia, Jo\~ao and Capela, Jo\~ao and Rocha, Miguel},
  journal={Journal of Cheminformatics},
  volume={16},
  number={1},
  year={2024},
  publisher={BMC}
}

@article{Mak2023,
  title={Artificial intelligence in drug discovery and development},
  author={Mak, Kit-Kay and Wong, Yi-Hang and Pichika, Mallikarjuna Rao},
  journal={Drug Discovery and Evaluation: Safety and Pharmacokinetic Assays},
  pages={1--38},
  year={2023},
  publisher={Springer}
}

@incollection{Serghini2023,
  title={AI-driven enhancements in drug screening and optimization},
  author={Serghini, Adam and Portelli, Stephanie and Ascher, David B.},
  booktitle={Computational Drug Discovery and Design},
  pages={269--294},
  year={2023},
  publisher={Springer}
}

@article{Jang2001,
  title={Pharmacokinetics and its role in small molecule drug discovery research},
  author={Jang, Graham R. and Harris, Robert Z. and Lau, David T.},
  journal={Medicinal Research Reviews},
  volume={21},
  number={5},
  pages={382--396},
  year={2001},
  publisher={Wiley Online Library}
}

@article{Yu2010,
  title={The role of pharmacokinetic and pharmacokinetic/pharmacodynamic modeling in drug discovery and development},
  author={Yu, Xiang-Qing and Wilson, Alan G.E.},
  journal={Future Medicinal Chemistry},
  volume={2},
  number={6},
  pages={923--928},
  year={2010},
  publisher={Future Science}
}

@article{Ruiz2008,
  title={Pharmacokinetics in drug discovery},
  author={Ruiz-Garcia, Ana and Bermejo, Marival and Moss, Aaron and Casabo, Vicente Gs},
  journal={Journal of Pharmaceutical Sciences},
  volume={97},
  number={2},
  pages={654--690},
  year={2008},
  publisher={Elsevier}
}

@article{Hasselgren2024,
  title={Artificial intelligence for drug discovery: Are we there yet?},
  author={Hasselgren, Catrin and Oprea, Tudor I.},
  journal={Annual Review of Pharmacology and Toxicology},
  volume={64},
  pages={527--550},
  year={2024},
  publisher={Annual Reviews}
}

@article{Pirmohamed2023,
  title={Pharmacogenomics: current status and future perspectives},
  author={Pirmohamed, Munir},
  journal={Nature Reviews Genetics},
  volume={24},
  number={6},
  pages={350--362},
  year={2023},
  publisher={Nature Publishing Group UK London}
}


@article{deSa2022,
  title={{toxCSM:} comprehensive prediction of small molecule toxicity profiles},
  author={de S{\'a}, Alex G.C. and Long, Yangyang and Portelli, Stephanie and Pires, Douglas E.V. and Ascher, David B.},
  journal={Briefings in Bioinformatics},
  volume={23},
  number={5},
  pages={bbac337},
  year={2022},
  publisher={Oxford University Press}
}

@article{Pires2015,
  title={pkCSM: predicting small-molecule pharmacokinetic and toxicity properties using graph-based signatures},
  author={Pires, Douglas E.V. and Blundell, Tom L. and Ascher, David B.},
  journal={Journal of Medicinal Chemistry},
  volume={58},
  number={9},
  pages={4066--4072},
  year={2015},
  publisher={ACS Publications}
}

@article{Xiong2021,
  title={{ADMETlab 2.0}: an integrated online platform for accurate and comprehensive predictions of ADMET properties},
  author={Xiong, Guoli and Wu, Zhenxing and Yi, Jiacai and Fu, Li and Yang, Zhijiang and Hsieh, Changyu and Yin, Mingzhu and Zeng, Xiangxiang and Wu, Chengkun and Lu, Aiping and others},
  journal={Nucleic Acids Research},
  volume={49},
  number={W1},
  pages={W5--W14},
  year={2021},
  publisher={Oxford University Press}
}

@article{Southey2023,
  title={Introduction to Small Molecule Drug Discovery and Preclinical Development},
  author={Southey, Michelle and Brunavs, Mike},
  journal={Frontiers in Drug Discovery},
  volume={3},
  pages={1314077},
  publisher={Frontiers},
  year={2023}
}

@article{Makurvet2021,
  title={Biologics vs. small molecules: Drug costs and patient access},
  author={Makurvet, Favour D.},
  journal={Medicine in Drug Discovery},
  volume={9},
  pages={100075},
  year={2021},
  publisher={Elsevier}
}

@incollection{Lenci2020,
  title={Synthetic approaches toward small molecule libraries},
  author={Lenci, Elena and Trabocchi, Andrea},
  booktitle={Small Molecule Drug Discovery},
  pages={1--34},
  year={2020},
  publisher={Elsevier}
}

@article{Daina2017,
  title={{SwissADME}: a free web tool to evaluate pharmacokinetics, drug-likeness and medicinal chemistry friendliness of small molecules},
  author={Daina, Antoine and Michielin, Olivier and Zoete, Vincent},
  journal={Scientific Reports},
  volume={7},
  number={1},
  pages={42717},
  year={2017},
  publisher={Nature Publishing Group UK London}
}


@article{Myung2024,
  title={{Deep-PK}: deep learning for small molecule pharmacokinetic and toxicity prediction},
  author={Myung, YooChan and de S'{a}, Alex G. C. and Ascher, David B.},
  journal={Nucleic Acids Research},
  pages={gkae254},
  year={2024},
  publisher={Oxford University Press}
}

@article{Fu2024,
  title={ADMETlab 3.0: an updated comprehensive online ADMET prediction platform enhanced with broader coverage, improved performance, API functionality and decision support},
  author={Fu, Li and Shi, Shaohua and Yi, Jiacai and Wang, Ningning and He, Yuanhang and Wu, Zhenxing and Peng, Jinfu and Deng, Youchao and Wang, Wenxuan and Wu, Chengkun and others},
  journal={Nucleic Acids Research},
  pages={gkae236},
  year={2024},
  publisher={Oxford University Press}
}

@article{Gu2024,
  title={admetSAR3.0: a comprehensive platform for exploration, prediction and optimization of chemical ADMET properties},
  author={Gu, Yaxin and Yu, Zhuohang and Wang, Yimeng and Chen, Long and Lou, Chaofeng and Yang, Chen and Li, Weihua and Liu, Guixia and Tang, Yun},
  journal={Nucleic Acids Research},
  pages={gkae298},
  year={2024},
  publisher={Oxford University Press}
}

@article{Wei2022,
  title={{Interpretable-ADMET:} a web service for ADMET prediction and optimization based on deep neural representation},
  author={Wei, Yu and Li, Shanshan and Li, Zhonglin and Wan, Ziwei and Lin, Jianping},
  journal={Bioinformatics},
  volume={38},
  number={10},
  pages={2863--2871},
  year={2022},
  publisher={Oxford University Press}
}

@article{Dong2018,
  title={{ADMETlab:} a platform for systematic ADMET evaluation based on a comprehensively collected ADMET database},
  author={Dong, Jie and Wang, Ning-Ning and Yao, Zhi-Jiang and Zhang, Lin and Cheng, Yan and Ouyang, Defang and Lu, Ai-Ping and Cao, Dong-Sheng},
  journal={Journal of Cheminformatics},
  volume={10},
  pages={1--11},
  year={2018},
  publisher={Springer}
}

@article{Cheng2012,
  title={{admetSAR:} a comprehensive source and free tool for assessment of chemical ADMET properties},
  author={Cheng, Feixiong and Li, Weihua and Zhou, Yadi and Shen, Jie and Wu, Zengrui and Liu, Guixia and Lee, Philip W. and Tang, Yun},
  year={2012},
  journal = {Journal of Chemical Information and Modeling},
  pages = {3099-–3105},
  publisher={ACS Publications}
}

@article{Yang2019,
  title={{admetSAR 2.0:} web-service for prediction and optimization of chemical ADMET properties},
  author={Yang, Hongbin and Lou, Chaofeng and Sun, Lixia and Li, Jie and Cai, Yingchun and Wang, Zhuang and Li, Weihua and Liu, Guixia and Tang, Yun},
  journal={Bioinformatics},
  volume={35},
  number={6},
  pages={1067--1069},
  year={2019},
  publisher={Oxford University Press}
}

@article{Ferreira2019,
  title={ADMET modeling approaches in drug discovery},
  author={Ferreira, Leonardo LG and Andricopulo, Adriano D.},
  journal={Drug Discovery Today},
  volume={24},
  number={5},
  pages={1157--1165},
  year={2019},
  publisher={Elsevier}
}

@book{Hutter2019,
  title={Automated machine learning: methods, systems, challenges},
  author={Hutter, Frank and Kotthoff, Lars and Vanschoren, Joaquin},
  year={2019},
  publisher={Springer Nature}
}

@book{Raschka2019,
  title={Python machine learning},
  author={Raschka, Sebastian and Mirjalili, Vahid},
  year={2019},
  publisher={Packt publishing ltd}
}

@article{Wigh2022,
  title={A review of molecular representation in the age of machine learning},
  author={Wigh, Daniel S. and Goodman, Jonathan M. and Lapkin, Alexei A.},
  journal={Wiley Interdisciplinary Reviews: Computational Molecular Science},
  volume={12},
  number={5},
  pages={e1603},
  year={2022},
  publisher={Wiley Online Library}
}

@article{Raghunathan2022,
  title={Molecular representations for machine learning applications in chemistry},
  author={Raghunathan, Shampa and Priyakumar, U. Deva},
  journal={International Journal of Quantum Chemistry},
  volume={122},
  number={7},
  pages={e26870},
  year={2022},
  publisher={Wiley Online Library}
}

@article{David2020,
  title={Molecular representations in AI-driven drug discovery: a review and practical guide},
  author={David, Laurianne and Thakkar, Amol and Mercado, Roc{\'\i}o and Engkvist, Ola},
  journal={Journal of Cheminformatics},
  volume={12},
  number={1},
  pages={56},
  year={2020},
  publisher={Springer}
}

@article{Mckay2010,
  title={Grammar-based genetic programming: a survey},
  author={McKay, Robert I and Hoai, Nguyen Xuan and Whigham, Peter Alexander and Shan, Yin and O’neill, Michael},
  journal={Genetic Programming and Evolvable Machines},
  volume={11},
  pages={365--396},
  year={2010},
  publisher={Springer}
}

@book{Sipser2012,
  title={Introduction to the theory of computation},
  author={Michael Sipser},
  edition={3rd},
  year={2012},
  publisher={Cengage Learning}
}

@inproceedings{Soto2008a,
  title={A wrapper-based feature selection method for ADMET prediction using evolutionary computing},
  author={Soto, Axel J. and Cecchini, Roc{\'\i}o L. and Vazquez, Gustavo E. and Ponzoni, Ignacio},
  booktitle={Proceedings of the European Conference on Evolutionary Computation, Machine Learning and Data Mining in Bioinformatics},
  series = {EvoBio},
  pages={188--199},
  year={2008},
  publisher={Springer}
}

@techreport{Madsen2004,
    title={Methods for Non-Linear Least Squares Problems},
    author={Madsen, Kaj and Nielsen, Hans B. and Tingleff, Ole},
    institution = {University of Denmark},
    edition = {2nd},
    year = {2004}
}


@inproceedings{Soto2008b,
  title={An evolutionary approach for multi-objective feature selection in ADMET Prediction},
  author={Soto, Axel J. and Cecchini, Roc{\'\i}o L. and Palomba, Dami{\'a}n and Vazquez, Gustavo E. and Ponzoni, Ignacio},
  booktitle={Proceedings of the Conferencia Latinoamericana de Informática},
  series = {CLEI},
  pages={112--121},
  year={2008},
}

@article{Deb2002,
  title={A fast and elitist multiobjective genetic algorithm: NSGA-II},
  author={Deb, Kalyanmoy and Pratap, Amrit and Agarwal, Sameer and Meyarivan, TAMT},
  journal={IEEE Transactions on Evolutionary Computation},
  volume={6},
  number={2},
  pages={182--197},
  year={2002},
  publisher={IEEE}
}

@article{Zitzler2001,
  title={SPEA2: Improving the strength Pareto evolutionary algorithm},
  author={Zitzler, Eckart and Laumanns, Marco and Thiele, Lothar},
  journal={TIK Report},
  volume={103},
  year={2001},
  publisher={ETH Zurich}
}

@book{Breiman1984,
  title={Classification and regression trees},
  author={Breiman, Leo},
  year={1984},
  publisher={Routledge}
}

@article{Aha1991,
  title={Instance-based learning algorithms},
  author={Aha, David W and Kibler, Dennis and Albert, Marc K},
  journal={Machine Learning},
  volume={6},
  pages={37--66},
  year={1991},
  publisher={Springer}
}

@article{Yaffe2002,
  title={Fuzzy ARTMAP and Back-Propagation Neural Networks Based Quantitative Structure-Property Relationships (QSPRs) for Octanol- Water Partition Coefficient of Organic Compounds},
  author={Yaffe, Denise and Cohen, Yoram and Espinosa, Gabriela and Arenas, Alex and Giralt, Francesc},
  journal={Journal of Chemical Information and Computer Sciences},
  volume={42},
  number={2},
  pages={162--183},
  year={2002},
  publisher={ACS Publications}
}

@article{Liu2018,
  author={Liu, Zhi-Zhong and Huang, Jia-Wei and Wang, Yong and Cao, Dong-Sheng},
  journal={IEEE Access}, 
  title={{ECoFFeS}: A software using evolutionary computation for feature selection in drug discovery}, 
  year={2018},
  volume={6},
  number={},
  pages={20950-20963},
  publisher={IEEE},
}

@article{Dorigo1996,
  title={Ant system: optimization by a colony of cooperating agents},
  author={Dorigo, Marco and Maniezzo, Vittorio and Colorni, Alberto},
  journal={IEEE Transactions on Systems, Man, and Cybernetics, Part b (Cybernetics)},
  volume={26},
  number={1},
  pages={29--41},
  year={1996},
  publisher={{IEEE}}
}

@article{Storn1997,
  title={Differential evolution--a simple and efficient heuristic for global optimization over continuous spaces},
  author={Storn, Rainer and Price, Kenneth},
  journal={Journal of Global Optimization},
  volume={11},
  pages={341--359},
  year={1997},
  publisher={Springer}
}

@book{Holland1992,
  title={Adaptation in natural and artificial systems: an introductory analysis with applications to biology, control, and artificial intelligence},
  author={Holland, John H.},
  year={1992},
  publisher={MIT Press}
}

@inproceedings{Kennedy1995,
  title={Particle swarm optimization},
  author={Kennedy, James and Eberhart, Russell},
  booktitle={Proceedings of International Conference on Neural Networks},
  volume={4},
  pages={1942--1948},
  year={1995},
  organization={IEEE}
}

@article{Zhang2007,
  title={{MOEA/D}: A multiobjective evolutionary algorithm based on decomposition},
  author={Zhang, Qingfu and Li, Hui},
  journal={IEEE Transactions on Evolutionary Computation},
  volume={11},
  number={6},
  pages={712--731},
  year={2007},
  publisher={IEEE}
}

@article{Fromer2023,
  title={Computer-aided multi-objective optimization in small molecule discovery},
  author={Fromer, Jenna C. and Coley, Connor W.},
  journal={Patterns},
  volume={4},
  number={2},
  year={2023},
  publisher={Elsevier}
}

@article{Lameijer2005,
  title={Evolutionary algorithms in drug design},
  author={Lameijer, Eric-Wubbo and B{\"a}ck, Thomas and Kok, Joost N. and Ijzerman, AD P.},
  journal={Natural Computing},
  volume={4},
  pages={177--243},
  year={2005},
  publisher={Springer}
}

@article{Dixon2016,
  title={{AutoQSAR}: an automated machine learning tool for best-practice quantitative structure-activity relationship modeling},
  author={Dixon, Steven L and Duan, Jianxin and Smith, Ethan and Von Bargen, Christopher D and Sherman, Woody and Repasky, Matthew P},
  journal={Future Medicinal Chemistry},
  volume={8},
  number={15},
  pages={1825--1839},
  year={2016},
  publisher={Future Science}
}

@article{Liu2021,
  title={{Pharm-AutoML}: An open-source, end-to-end automated machine learning package for clinical outcome prediction},
  author={Liu, Gengbo and Lu, Dan and Lu, James},
  journal={CPT: Pharmacometrics \& Systems Pharmacology},
  volume={10},
  number={5},
  pages={478--488},
  year={2021},
  publisher={Wiley Online Library}
}

@article{Turon2023,
  title={First fully-automated AI/ML virtual screening cascade implemented at a drug discovery centre in Africa},
  author={Turon, Gemma and Hlozek, Jason and Woodland, John G and Kumar, Ankur and Chibale, Kelly and Duran-Frigola, Miquel},
  journal={Nature Communications},
  volume={14},
  number={1},
  pages={5736},
  year={2023},
  publisher={Nature Publishing Group}
}

@article{Wang2021,
  title={{FLAML}: A fast and lightweight automl library},
  author={Wang, Chi and Wu, Qingyun and Weimer, Markus and Zhu, Erkang},
  journal={Proceedings of Machine Learning and Systems},
  volume={3},
  pages={434--447},
  year={2021}
}

@article{Gao2023,
  title={Uni-QSAR: an Auto-ML Tool for Molecular Property Prediction},
  author={Gao, Zhifeng and Ji, Xiaohong and Zhao, Guojiang and Wang, Hongshuai and Zheng, Hang and Ke, Guolin and Zhang, Linfeng},
  journal={arXiv preprint arXiv:2304.12239},
  year={2023}
}

@article{Mervin2024,
  title={QSARtuna: an automated {QSAR} modeling platform for molecular property prediction in drug design},
  author={Mervin, Lewis and Voronov, Alexey and Kabeshov, Mikhail and Engkvist, Ola},
  journal={Journal of Chemical Information and Modeling},
  volume={64},
  number={14},
  pages={5365--5374},
  year={2024},
  publisher={ACS Publications}
}

@article{Yu2024,
  title={A survey on evolutionary computation based drug discovery},
  author={Yu, Qiyuan and Lin, Qiuzhen and Ji, Junkai and Zhou, Wei and He, Shan and Zhu, Zexuan and Tan, Kay Chen},
  journal={IEEE Transactions on Evolutionary Computation},
  year={2024},
  publisher={IEEE}
}

@article{Pedregosa2011,
  title={Scikit-learn: Machine learning in Python},
  author={Pedregosa, Fabian and Varoquaux, Ga{\"e}l and Gramfort, Alexandre and Michel, Vincent and Thirion, Bertrand and Grisel, Olivier and Blondel, Mathieu and Prettenhofer, Peter and Weiss, Ron and Dubourg, Vincent and others},
  journal={the Journal of machine Learning research},
  volume={12},
  pages={2825--2830},
  year={2011},
  publisher={JMLR.org}
}


@article{Raschka2018,
  title={Model evaluation, model selection, and algorithm selection in machine learning},
  author={Raschka, Sebastian},
  journal={arXiv preprint arXiv:1811.12808},
  year={2018}
}

@article{Chicco2020,
  title={The advantages of the Matthews correlation coefficient (MCC) over F1 score and accuracy in binary classification evaluation},
  author={Chicco, Davide and Jurman, Giuseppe},
  journal={BMC Genomics},
  volume={21},
  pages={1--13},
  year={2020},
  publisher={Springer}
}

@article{Demvsar2006,
  title={Statistical comparisons of classifiers over multiple data sets},
  author={Dem{\v{s}}ar, Janez},
  journal={The Journal of Machine Learning Research},
  volume={7},
  pages={1--30},
  year={2006},
  publisher={JMLR.org}
}

@inproceedings{Olson2016,
  title={Evaluation of a tree-based pipeline optimization tool for automating data science},
  author={Olson, Randal S. and Bartley, Nathan and Urbanowicz, Ryan J. and Moore, Jason H.},
  booktitle={Proceedings of the Genetic and Evolutionary Computation Conference},
  pages={485--492},
  year={2016},
  publisher={ACM}
}

@inproceedings{deSa2017,
  title={RECIPE: a grammar-based framework for automatically evolving classification pipelines},
  author={de S{\'a}, Alex G. C. and Pinto, Walter J. G. S. and Oliveira, Luiz O. V. B. and Pappa, Gisele L.},
  booktitle={Proceedings of the European Conference on Genetic Programming},
  pages={246--261},
  year={2017},
  publisher={Springer}
}

@inproceedings{deSa2020,
  title={A robust experimental evaluation of automated multi-label classification methods},
  author={de S{\'a}, Alex G. C. and Pimenta, Cristiano G. and Pappa, Gisele L. and Freitas, Alex A.},
  booktitle={Proceedings of the Genetic and Evolutionary Computation Conference},
  pages={175--183},
  year={2020},
  publisher={ACM}
}

@inproceedings{Chen2016,
  title={{XGBoost}: a scalable tree boosting system},
  author={Chen, Tianqi and Guestrin, Carlos},
  booktitle={Proceedings of the 22nd ACM SIGKDD International Conference on Knowledge Discovery and Data Mining},
  pages={785--794},
  year={2016},
  publisher={ACM}
}