@article{Cheng2012,
  title={{admetSAR:} a comprehensive source and free tool for assessment of chemical ADMET properties},
  author={Cheng, Feixiong and Li, Weihua and Zhou, Yadi and Shen, Jie and Wu, Zengrui and Liu, Guixia and Lee, Philip W. and Tang, Yun},
  year={2012},
  journal = {Journal of Chemical Information and Modeling},
  pages = {3099-–3105},
  publisher={ACS Publications}
}

@article{Correia2024,
  title={DeepMol: An Automated Machine and Deep Learning Framework for Computational Chemistry},
  author={Correia, Jo\~ao and Capela, Jo\~ao and Rocha, Miguel},
  journal={Journal of Cheminformatics},
  volume={16},
  number={1},
  year={2024},
  publisher={BMC}
}

@article{Daina2017,
  title={{SwissADME}: a free web tool to evaluate pharmacokinetics, drug-likeness and medicinal chemistry friendliness of small molecules},
  author={Daina, Antoine and Michielin, Olivier and Zoete, Vincent},
  journal={Scientific Reports},
  volume={7},
  number={1},
  pages={42717},
  year={2017},
  publisher={Nature Publishing Group UK London}
}

@article{Deb2002,
  title={A fast and elitist multiobjective genetic algorithm: NSGA-II},
  author={Deb, Kalyanmoy and Pratap, Amrit and Agarwal, Sameer and Meyarivan, TAMT},
  journal={IEEE Transactions on Evolutionary Computation},
  volume={6},
  number={2},
  pages={182--197},
  year={2002},
  publisher={IEEE}
}

@article{Dixon2016,
  title={{AutoQSAR}: an automated machine learning tool for best-practice quantitative structure-activity relationship modeling},
  author={Dixon, Steven L and Duan, Jianxin and Smith, Ethan and Von Bargen, Christopher D and Sherman, Woody and Repasky, Matthew P},
  journal={Future Medicinal Chemistry},
  volume={8},
  number={15},
  pages={1825--1839},
  year={2016},
  publisher={Future Science}
}

@article{Dong2018,
  title={{ADMETlab:} a platform for systematic ADMET evaluation based on a comprehensively collected ADMET database},
  author={Dong, Jie and Wang, Ning-Ning and Yao, Zhi-Jiang and Zhang, Lin and Cheng, Yan and Ouyang, Defang and Lu, Ai-Ping and Cao, Dong-Sheng},
  journal={Journal of Cheminformatics},
  volume={10},
  pages={1--11},
  year={2018},
  publisher={Springer}
}

@article{Dorigo1996,
  title={Ant system: optimization by a colony of cooperating agents},
  author={Dorigo, Marco and Maniezzo, Vittorio and Colorni, Alberto},
  journal={IEEE Transactions on Systems, Man, and Cybernetics, Part b (Cybernetics)},
  volume={26},
  number={1},
  pages={29--41},
  year={1996},
  publisher={{IEEE}}
}

@article{Fromer2023,
  title={Computer-aided multi-objective optimization in small molecule discovery},
  author={Fromer, Jenna C. and Coley, Connor W.},
  journal={Patterns},
  volume={4},
  number={2},
  year={2023},
  publisher={Elsevier}
}

@article{Fu2024,
  title={ADMETlab 3.0: an updated comprehensive online ADMET prediction platform enhanced with broader coverage, improved performance, API functionality and decision support},
  author={Fu, Li and Shi, Shaohua and Yi, Jiacai and Wang, Ningning and He, Yuanhang and Wu, Zhenxing and Peng, Jinfu and Deng, Youchao and Wang, Wenxuan and Wu, Chengkun and others},
  journal={Nucleic Acids Research},
  pages={gkae236},
  year={2024},
  publisher={Oxford University Press}
}

@article{Gao2023,
  title={Uni-QSAR: an Auto-ML Tool for Molecular Property Prediction},
  author={Gao, Zhifeng and Ji, Xiaohong and Zhao, Guojiang and Wang, Hongshuai and Zheng, Hang and Ke, Guolin and Zhang, Linfeng},
  journal={arXiv preprint arXiv:2304.12239},
  year={2023}
}

@article{Gu2024,
  title={admetSAR3.0: a comprehensive platform for exploration, prediction and optimization of chemical ADMET properties},
  author={Gu, Yaxin and Yu, Zhuohang and Wang, Yimeng and Chen, Long and Lou, Chaofeng and Yang, Chen and Li, Weihua and Liu, Guixia and Tang, Yun},
  journal={Nucleic Acids Research},
  pages={gkae298},
  year={2024},
  publisher={Oxford University Press}
}

@book{Holland1992,
  title={Adaptation in natural and artificial systems: an introductory analysis with applications to biology, control, and artificial intelligence},
  author={Holland, John H.},
  year={1992},
  publisher={MIT Press}
}

@inproceedings{Kennedy1995,
  title={Particle swarm optimization},
  author={Kennedy, James and Eberhart, Russell},
  booktitle={Proceedings of International Conference on Neural Networks},
  volume={4},
  pages={1942--1948},
  year={1995},
  organization={IEEE}
}

@article{Li2025,
    author = {Li, Xinqi and Pascual-Diaz, Sergio and Hand, Calum and Garland, Rory and Abbas, Waseem and Khan, Faiz M. and Das, Nikhil M. and Desai, Vedant and AbouZleikha, Mohamed and Clark, Matthew},   
    title = {Scalable Drug Property Prediction via Automated Machine Learning},
    journal = {ChemRxiv},
    year = {2025}
}

@article{Liu2018,
  author={Liu, Zhi-Zhong and Huang, Jia-Wei and Wang, Yong and Cao, Dong-Sheng},
  journal={IEEE Access}, 
  title={{ECoFFeS}: A software using evolutionary computation for feature selection in drug discovery}, 
  year={2018},
  volume={6},
  number={},
  pages={20950-20963},
  publisher={IEEE},
}

@article{Mervin2024,
  title={QSARtuna: an automated {QSAR} modeling platform for molecular property prediction in drug design},
  author={Mervin, Lewis and Voronov, Alexey and Kabeshov, Mikhail and Engkvist, Ola},
  journal={Journal of Chemical Information and Modeling},
  volume={64},
  number={14},
  pages={5365--5374},
  year={2024},
  publisher={ACS Publications}
}

@article{Myung2024,
  title={{Deep-PK}: deep learning for small molecule pharmacokinetic and toxicity prediction},
  author={Myung, YooChan and de S'{a}, Alex G. C. and Ascher, David B.},
  journal={Nucleic Acids Research},
  pages={gkae254},
  year={2024},
  publisher={Oxford University Press}
}

@article{Pires2015,
  title={pkCSM: predicting small-molecule pharmacokinetic and toxicity properties using graph-based signatures},
  author={Pires, Douglas E.V. and Blundell, Tom L. and Ascher, David B.},
  journal={Journal of Medicinal Chemistry},
  volume={58},
  number={9},
  pages={4066--4072},
  year={2015},
  publisher={ACS Publications}
}

@inproceedings{Soto2008a,
  title={A wrapper-based feature selection method for ADMET prediction using evolutionary computing},
  author={Soto, Axel J. and Cecchini, Roc{\'\i}o L. and Vazquez, Gustavo E. and Ponzoni, Ignacio},
  booktitle={Proceedings of the European Conference on Evolutionary Computation, Machine Learning and Data Mining in Bioinformatics},
  series = {EvoBio},
  pages={188--199},
  year={2008},
  publisher={Springer}
}

@inproceedings{Soto2008b,
  title={An evolutionary approach for multi-objective feature selection in ADMET Prediction},
  author={Soto, Axel J. and Cecchini, Roc{\'\i}o L. and Palomba, Dami{\'a}n and Vazquez, Gustavo E. and Ponzoni, Ignacio},
  booktitle={Proceedings of the Conferencia Latinoamericana de Informática},
  series = {CLEI},
  pages={112--121},
  year={2008},
}

@article{Storn1997,
  title={Differential evolution--a simple and efficient heuristic for global optimization over continuous spaces},
  author={Storn, Rainer and Price, Kenneth},
  journal={Journal of Global Optimization},
  volume={11},
  pages={341--359},
  year={1997},
  publisher={Springer}
}

@article{Turon2023,
  title={First fully-automated AI/ML virtual screening cascade implemented at a drug discovery centre in Africa},
  author={Turon, Gemma and Hlozek, Jason and Woodland, John G and Kumar, Ankur and Chibale, Kelly and Duran-Frigola, Miquel},
  journal={Nature Communications},
  volume={14},
  number={1},
  pages={5736},
  year={2023},
  publisher={Nature Publishing Group}
}

@article{Wei2022,
  title={{Interpretable-ADMET:} a web service for ADMET prediction and optimization based on deep neural representation},
  author={Wei, Yu and Li, Shanshan and Li, Zhonglin and Wan, Ziwei and Lin, Jianping},
  journal={Bioinformatics},
  volume={38},
  number={10},
  pages={2863--2871},
  year={2022},
  publisher={Oxford University Press}
}

@article{Xiong2021,
  title={{ADMETlab 2.0}: an integrated online platform for accurate and comprehensive predictions of ADMET properties},
  author={Xiong, Guoli and Wu, Zhenxing and Yi, Jiacai and Fu, Li and Yang, Zhijiang and Hsieh, Changyu and Yin, Mingzhu and Zeng, Xiangxiang and Wu, Chengkun and Lu, Aiping and others},
  journal={Nucleic Acids Research},
  volume={49},
  number={W1},
  pages={W5--W14},
  year={2021},
  publisher={Oxford University Press}
}

@article{Yang2019,
  title={{admetSAR 2.0:} web-service for prediction and optimization of chemical ADMET properties},
  author={Yang, Hongbin and Lou, Chaofeng and Sun, Lixia and Li, Jie and Cai, Yingchun and Wang, Zhuang and Li, Weihua and Liu, Guixia and Tang, Yun},
  journal={Bioinformatics},
  volume={35},
  number={6},
  pages={1067--1069},
  year={2019},
  publisher={Oxford University Press}
}

@article{Yu2024,
  title={A survey on evolutionary computation based drug discovery},
  author={Yu, Qiyuan and Lin, Qiuzhen and Ji, Junkai and Zhou, Wei and He, Shan and Zhu, Zexuan and Tan, Kay Chen},
  journal={IEEE Transactions on Evolutionary Computation},
  year={2024},
  publisher={IEEE}
}

@article{Zhang2007,
  title={{MOEA/D}: A multiobjective evolutionary algorithm based on decomposition},
  author={Zhang, Qingfu and Li, Hui},
  journal={IEEE Transactions on Evolutionary Computation},
  volume={11},
  number={6},
  pages={712--731},
  year={2007},
  publisher={IEEE}
}

@inproceedings{daSilva2024,
  title={A Generative Evolutionary Many-Objective Framework: A Case Study in Antimicrobial Agent Design},
  author={da Silva, Matheus Muller Pereira and Angelo, Jaqueline Silva and Guedes, Isabella Alvim and Dardenne, Laurent Emmanuel},
  booktitle={Proceedings of the Genetic and Evolutionary Computation Conference Companion},
  pages={1623--1630},
  year={2024},
  publisher={ACM}
}

@article{deSa2022,
  title={{toxCSM:} comprehensive prediction of small molecule toxicity profiles},
  author={de S{\'a}, Alex G.C. and Long, Yangyang and Portelli, Stephanie and Pires, Douglas E.V. and Ascher, David B.},
  journal={Briefings in Bioinformatics},
  volume={23},
  number={5},
  pages={bbac337},
  year={2022},
  publisher={Oxford University Press}
}

@inproceedings{deSa2024,
  title={Towards Evolutionary-based Automated Machine Learning for Small Molecule Pharmacokinetic Prediction},
 author={de S\'a, Alex G. C. and Ascher, David B.},
  booktitle={Proceedings of the Genetic and Evolutionary Computation Conference Companion},
  pages={1544--1553},
  year={2024},
  publisher={ACM}
}

