@article{bunz2017graph,
  title={Graph neural networks and boolean satisfiability},
  author={B{\"u}nz, Benedikt and Lamm, Matthew},
  journal={arXiv preprint arXiv:1702.03592},
  year={2017}
}

@inproceedings{cameron2020predicting,
  title={Predicting propositional satisfiability via end-to-end learning},
  author={Cameron, Chris and Chen, Rex and Hartford, Jason and Leyton-Brown, Kevin},
  booktitle={Proceedings of the 34th AAAI Conference on Artificial Intelligence},
  volume={34},
  pages={3324--3331},
  year={2020}
}

@inproceedings{kuhlmann2021algorithms,
  title={Algorithms for inconsistency measurement using answer set programming},
  author={Kuhlmann, Isabelle and Thimm, Matthias},
  booktitle={Proceedings of the 19th International Workshop on Non-Monotonic Reasoning},
  pages={159--168},
  year={2021}
}

@inproceedings{kuhlmann2023computing,
  title={Computing MUS-based inconsistency measures},
  author={Kuhlmann, Isabelle and Niskanen, Andreas and J{\"a}rvisalo, Matti},
  booktitle={European Conference on Logics in Artificial Intelligence},
  pages={745--755},
  year={2023},
  organization={Springer}
}

@inproceedings{selsam2019guiding,
  title={Guiding high-performance SAT solvers with unsat-core predictions},
  author={Selsam, Daniel and Bj{\o}rner, Nikolaj},
  booktitle={Proceedings of the 22nd International Conference on Theory and Applications of Satisfiability Testing},
  pages={336--353},
  year={2019},
  organization={Springer}
}

@article{shirokikh2023machine,
  title={Machine learning for SAT: Restricted heuristics and new graph representations},
  author={Shirokikh, Mikhail and Shenbin, Ilya and Alekseev, Anton and Nikolenko, Sergey},
  journal={arXiv preprint arXiv:2307.09141},
  year={2023}
}

@inproceedings{van2020towards,
  title={Towards unsatisfiable core learning for chuffed},
  author={van Driel, Ronald and Yorke-Smith, Neil},
  booktitle={Proceeding of the Workshop on Progress Towards the Holy Grail},
  year={2020}
}

