@inproceedings{thimm2019inconsistency,
  title={Inconsistency measurement},
  author={Thimm, Matthias},
  booktitle={Proceedings of the 13th International Conference on Scalable Uncertainty Management},
  pages={9--23},
  year={2019},
  organization={Springer}
}
@article{bunz2017graph,
  title={Graph neural networks and boolean satisfiability},
  author={B{\"u}nz, Benedikt and Lamm, Matthew},
  journal={arXiv preprint arXiv:1702.03592},
  year={2017}
}

@book{molnar2020interpretable,
  title={Interpretable machine learning},
  author={Molnar, Christoph},
  year={2020},
  publisher={Lulu.com}
}
% %number={04},
@inproceedings{cameron2020predicting,
  title={Predicting propositional satisfiability via end-to-end learning},
  author={Cameron, Chris and Chen, Rex and Hartford, Jason and Leyton-Brown, Kevin},
  booktitle={Proceedings of the 34th AAAI Conference on Artificial Intelligence},
  volume={34},
  pages={3324--3331},
  year={2020}
}
@inproceedings{kuhlmann2021algorithms,
  title={Algorithms for inconsistency measurement using answer set programming},
  author={Kuhlmann, Isabelle and Thimm, Matthias},
  booktitle={Proceedings of the 19th International Workshop on Non-Monotonic Reasoning},
  pages={159--168},
  year={2021}
}
@article{creignou2014belief,
  title={Belief revision within fragments of propositional logic},
  author={Creignou, Nadia and Papini, Odile and Pichler, Reinhard and Woltran, Stefan},
  journal={Journal of Computer and System Sciences},
  volume={80},
  number={2},
  pages={427--449},
  year={2014},
  publisher={Elsevier}
}
@inproceedings{thimm2019experimental,
  title={An experimental study on the behaviour of inconsistency measures},
  author={Thimm, Matthias},
  booktitle={Proceedings of the 13th Conference on Scalable Uncertainty Management},
  pages={1--8},
  year={2019},
  organization={Springer}
}

@article{lecun2015deep,
  title={Deep learning},
  author={LeCun, Yann and Bengio, Yoshua and Hinton, Geoffrey},
  journal={Nature},
  volume={521},
  number={7553},
  pages={436--444},
  year={2015},
  publisher={Nature Publishing Group}
}

@inproceedings{belle2020symbolic,
  title={Symbolic logic meets machine learning: A brief survey in infinite domains},
  author={Belle, Vaishak},
  booktitle={Proceedings of the 14th International conference on Scalable Uncertainty Management},
  pages={3--16},
  year={2020},
  organization={Springer}
}

@article{kusumoto2018automated,
  title={Automated theorem proving in intuitionistic propositional logic by deep reinforcement learning},
  author={Kusumoto, Mitsuru and Yahata, Keisuke and Sakai, Masahiro},
  journal={arXiv preprint arXiv:1811.00796},
  year={2018}
}

@article{shirokikh2023machine,
  title={Machine learning for SAT: Restricted heuristics and new graph representations},
  author={Shirokikh, Mikhail and Shenbin, Ilya and Alekseev, Anton and Nikolenko, Sergey},
  journal={arXiv preprint arXiv:2307.09141},
  year={2023}
}
@inproceedings{selsam2019guiding,
  title={Guiding high-performance SAT solvers with unsat-core predictions},
  author={Selsam, Daniel and Bj{\o}rner, Nikolaj},
  booktitle={Proceedings of the 22nd International Conference on Theory and Applications of Satisfiability Testing},
  pages={336--353},
  year={2019},
  organization={Springer}
}
@inproceedings{van2020towards,
  title={Towards unsatisfiable core learning for chuffed},
  author={van Driel, Ronald and Yorke-Smith, Neil},
  booktitle={Proceeding of the Workshop on Progress Towards the Holy Grail},
  year={2020}
}
@article{grant2021measuring,
  title={Measuring inconsistency in some branching time logics},
  author={Grant, John},
  journal={Journal of Applied Non-Classical Logics},
  volume={31},
  number={2},
  pages={85--107},
  year={2021},
  publisher={Taylor \& Francis}
}
% number={1},
@inproceedings{corea2021measuring,
  title={Measuring Inconsistency over Sequences of Business Rule Cases},
  author={Corea, Carl and Thimm, Matthias and Delfmann, Patrick},
  booktitle={Proceedings of the International Conference on Principles of Knowledge Representation and Reasoning},
  volume={18},
  pages={656--660},
  year={2021}
}
@article{liffiton2016fast,
  title={Fast, flexible MUS enumeration},
  author={Liffiton, Mark H and Previti, Alessandro and Malik, Ammar and Marques-Silva, Joao},
  journal={Constraints},
  volume={21},
  pages={223--250},
  year={2016},
  publisher={Springer}
}
@inproceedings{kuhlmann2023computing,
  title={Computing MUS-based inconsistency measures},
  author={Kuhlmann, Isabelle and Niskanen, Andreas and J{\"a}rvisalo, Matti},
  booktitle={European Conference on Logics in Artificial Intelligence},
  pages={745--755},
  year={2023},
  organization={Springer}
}

@article{von2021informed,
  title={Informed machine learning--A taxonomy and survey of integrating prior knowledge into learning systems},
  author={Von Rueden, Laura and Mayer, Sebastian and Beckh, Katharina and Georgiev, Bogdan and Giesselbach, Sven and Heese, Raoul and Kirsch, Birgit and Pfrommer, Julius and Pick, Annika and Ramamurthy, Rajkumar and others},
  journal={IEEE Transactions on Knowledge and Data Engineering},
  volume={35},
  number={1},
  pages={614--633},
  year={2021},
  publisher={IEEE}
}

@article{besold2017neural,
  title={Neural-symbolic learning and reasoning: A survey and interpretation},
  author={Besold, Tarek R and Garcez, Artur d'Avila and Bader, Sebastian and Bowman, Howard and Domingos, Pedro and Hitzler, Pascal and Kuehnberger, Kai-Uwe and Lamb, Luis C and Lowd, Daniel and Lima, Priscila Machado Vieira and others},
  journal={arXiv preprint arXiv:1711.03902},
  year={2017}
}

@article{kautz2022nesy,
    author = {Kautz, Henry A.},
    title = {The third AI summer: AAAI Robert S. Engelmore Memorial Lecture},
    journal = {AI Magazine},
    volume = {43},
    number = {1},
    pages = {105-125},
    doi = {https://doi.org/10.1002/aaai.12036},
    url = {https://onlinelibrary.wiley.com/doi/abs/10.1002/aaai.12036},
    eprint = {https://onlinelibrary.wiley.com/doi/pdf/10.1002/aaai.12036},
    year = {2022}
}
@article{thimm2016expressivity,
  title={On the expressivity of inconsistency measures},
  author={Thimm, Matthias},
  journal={Artificial Intelligence},
  volume={234},
  pages={120--151},
  year={2016},
  publisher={Elsevier}
}

@inproceedings{garcez2015neural,
  title={Neural-symbolic learning and reasoning: contributions and challenges},
  author={Garcez, Artur d'Avila and Besold, Tarek R and De Raedt, Luc and F{\"o}ldiak, Peter and Hitzler, Pascal and Icard, Thomas and K{\"u}hnberger, Kai-Uwe and Lamb, Luis C and Miikkulainen, Risto and Silver, Daniel L},
  booktitle={Proceedings of the 2015 AAAI Spring Symposium Series},
  year={2015}
}

@incollection{thimm2018evaluation,
	Author = {Matthias Thimm},
	Booktitle = {Measuring Inconsistency in Information},
	Editor = {John Grant and Maria Vanina Martinez},
	Publisher = {College Publications},
	Title = {On the evaluation of inconsistency neasures},
	Volume = {73},
	Year = {2018}}

@article{hunter2006shapley,
  title={Shapley inconsistency values.},
  author={Hunter, Anthony and Konieczny, S{\'e}bastien and others},
  journal={KR},
  volume={6},
  pages={249--259},
  year={2006}
}
@incollection{hunter2005approaches,
  title={Approaches to measuring inconsistent information},
  author={Hunter, Anthony and Konieczny, S{\'e}bastien},
  booktitle={Inconsistency tolerance},
  pages={191--236},
  year={2005},
  publisher={Springer}
}
@article{thimm2019complexity,
  title={On the complexity of inconsistency measurement},
  author={Thimm, Matthias and Wallner, Johannes P},
  journal={Artificial Intelligence},
  volume={275},
  pages={411--456},
  year={2019},
  publisher={Elsevier}
}

@article{kautz2022third,
  title={The third AI summer: AAAI Robert S. Engelmore Memorial Lecture},
  author={Kautz, Henry},
  journal={AI Magazine},
  volume={43},
  number={1},
  pages={105--125},
  year={2022}
}