 @article{Cen_Ilyas_Allen_Li_Madry_2024, title={Measuring Strategization in Recommendation: Users Adapt Their Behavior to Shape Future Content}, url={http://arxiv.org/abs/2405.05596},  note={arXiv:2405.05596 [cs, stat]}, number={arXiv:2405.05596}, publisher={arXiv}, author={Cen, Sarah H. and Ilyas, Andrew and Allen, Jennifer and Li, Hannah and Madry, Aleksander}, year={2024}, month=may }
@inproceedings{serim2019explicating,
  title={Explicating "Implicit Interaction" An examination of the concept and challenges for research},
  author={Serim, Bar{\i}{\c{s}} and Jacucci, Giulio},
  booktitle={Proceedings of the 2019 CHI conference on human factors in computing systems},
  pages={1--16},
  year={2019}
}
@book{corbin2014basics,
  title={Basics of qualitative research: Techniques and procedures for developing grounded theory},
  author={Corbin, Juliet and Strauss, Anselm},
  year={2014},
  publisher={Sage publications}
}
@book{miles1994qualitative,
  title={Qualitative data analysis: An expanded sourcebook},
  author={Miles, Matthew B and Huberman, A Michael},
  year={1994},
  publisher={sage}
}
@incollection{jannach2018recommending,
  title={Recommending based on implicit feedback},
  author={Jannach, Dietmar and Lerche, Lukas and Zanker, Markus},
  booktitle={Social information access: systems and technologies},
  pages={510--569},
  year={2018},
  publisher={Springer}
}
@inproceedings{kelly2003implicit,
  title={Implicit feedback for inferring user preference: a bibliography},
  author={Kelly, Diane and Teevan, Jaime},
  booktitle={ACM SIGIR Forum},
  volume={37},
  number={2},
  pages={18--28},
  year={2003},
  organization={ACM New York, NY, USA}
}
@inproceedings{white2005study,
  title={A study of factors affecting the utility of implicit relevance feedback},
  author={White, Ryen W and Ruthven, Ian and Jose, Joemon M},
  booktitle={Proceedings of the 28th annual international ACM SIGIR conference on Research and development in information retrieval},
  pages={35--42},
  year={2005}
}
@article{adomavicius2005toward,
  title={Toward the next generation of recommender systems: A survey of the state-of-the-art and possible extensions},
  author={Adomavicius, Gediminas and Tuzhilin, Alexander},
  journal={IEEE transactions on knowledge and data engineering},
  volume={17},
  number={6},
  pages={734--749},
  year={2005},
  publisher={IEEE}
}
@incollection{gillespie2014relevance,
  author    = {Gillespie, Tarleton and Boczkowski, Pablo J. and Foot, Kirsten A.},
  title     = {The Relevance of Algorithms},
  booktitle = {Media Technologies: Essays on Communication, Materiality, and Society},
  editor    = {Tarleton Gillespie and Pablo Boczkowski and Kirsten Foot},
  publisher = {MIT Press},
  address   = {Cambridge, MA},
  year      = {2013},
  pages     = {167--193}
}

@article{carr2015social,
  title={Social media: Defining, developing, and divining},
  author={Carr, Caleb T and Hayes, Rebecca A},
  journal={Atlantic journal of communication},
  volume={23},
  number={1},
  pages={46--65},
  year={2015},
  publisher={Taylor \& Francis}
}
@article{alhabash2017tale,
  title={A tale of four platforms: Motivations and uses of Facebook, Twitter, Instagram, and Snapchat among college students?},
  author={Alhabash, Saleem and Ma, Mengyan},
  journal={Social media+ society},
  volume={3},
  number={1},
  pages={2056305117691544},
  year={2017},
  publisher={SAGE Publications Sage UK: London, England}
}

@inproceedings{devito2018people,
  title={How people form folk theories of social media feeds and what it means for how we study self-presentation},
  author={DeVito, Michael Ann and Birnholtz, Jeremy and Hancock, Jeffery T and French, Megan and Liu, Sunny},
  booktitle={Proceedings of the 2018 CHI conference on human factors in computing systems},
  pages={1--12},
  year={2018}
}
@article{eriksson2021algorithmic,
  title={Algorithmic closeness in mourning: Vernaculars of the hashtag \# grief on TikTok},
  author={Eriksson Krutr{\"o}k, Moa},
  journal={Social Media+ Society},
  volume={7},
  number={3},
  pages={20563051211042396},
  year={2021},
  publisher={Sage Publications Sage UK: London, England}
}
@inproceedings{Huang_2021, series={KDD ’21},
   title={Sliding Spectrum Decomposition for Diversified Recommendation},
   url={http://dx.doi.org/10.1145/3447548.3467108},
   DOI={10.1145/3447548.3467108},
   booktitle={Proceedings of the 27th ACM SIGKDD Conference on Knowledge Discovery \& Data Mining},
   publisher={ACM},
   author={Huang, Yanhua and Wang, Weikun and Zhang, Lei and Xu, Ruiwen},
   year={2021},
   month=aug, collection={KDD ’21} }

@inproceedings{klug2021trick,
author = {Klug, Daniel and Qin, Yiluo and Evans, Morgan and Kaufman, Geoff},
title = {Trick and Please. A Mixed-Method Study On User Assumptions About the TikTok Algorithm},
year = {2021},
isbn = {9781450383301},
publisher = {Association for Computing Machinery},
address = {New York, NY, USA},
url = {https://doi.org/10.1145/3447535.3462512},
doi = {10.1145/3447535.3462512},
booktitle = {Proceedings of the 13th ACM Web Science Conference 2021},
pages = {84–92},
numpages = {9},
keywords = {user assumptions, short-video app, qualitative interviews, hashtag analysis, algorithm, TikTok},
location = {Virtual Event, United Kingdom},
series = {WebSci '21}
}
@inproceedings{Chen2019,
author = {Chen, Zhuang and He, Qian and Mao, Zhifei and Chung, Hwei-Ming and Maharjan, Sabita},
title = {A study on the characteristics of douyin short videos and implications for edge caching},
year = {2019},
isbn = {9781450371582},
publisher = {Association for Computing Machinery},
address = {New York, NY, USA},
url = {https://doi.org/10.1145/3321408.3323082},
doi = {10.1145/3321408.3323082},
booktitle = {Proceedings of the ACM Turing Celebration Conference - China},
articleno = {13},
numpages = {6},
keywords = {Douyin (TikTok), QoE, Weibull distribution, Zipfian distribution, edge caching, video popularity},
location = {Chengdu, China},
series = {ACM TURC '19}
}
@article{simpson2021,
    author = {Simpson, Ellen and Semaan, Bryan},
    title = {For You, or For"You"? Everyday LGBTQ+ Encounters with TikTok},
    year = {2021},
    issue_date = {December 2020},
    publisher = {Association for Computing Machinery},
    address = {New York, NY, USA},
    volume = {4},
    number = {CSCW3},
    url = {https://doi.org/10.1145/3432951},
    doi = {10.1145/3432951},
    journal = {Proc. ACM Hum.-Comput. Interact.},
    month = {jan},
    articleno = {252},
    numpages = {34},
    keywords = {algorithmic exclusion, algorithms, exclusion, identity work, lgbtq, resilience, tiktok}
}

@InProceedings{lu2020,
author="Lu, Xing
and Lu, Zhicong
and Liu, Changqing",
title = {Exploring TikTok Use and Non-use Practices and Experiences in China},
year = {2020},
publisher = {Springer-Verlag},
address = {Berlin, Heidelberg},
doi = {10.1007/978-3-030-49576-3_5},
booktitle = {Social Computing and Social Media. Participation, User Experience, Consumer Experience,  and Applications of Social Computing: 12th International Conference, SCSM 2020, Held as Part of the 22nd HCI International Conference, HCII 2020, Copenhagen, Denmark, July 19–24, 2020, Proceedings, Part  II},
pages = {57–70},
numpages = {14},
keywords = {Short video sharing, Uses and gratifications, User engagement, Social computing, Non-use, TikTok},
location = {Copenhagen, Denmark}
}

@article{pasquale2011restoring,
  title={Restoring transparency to automated authority},
  author={Pasquale, Frank},
  journal={J. on Telecomm. \& High Tech. L.},
  volume={9},
  pages={235},
  year={2011},
  publisher={HeinOnline}
}
@inproceedings{eslami2015always,
  title={"I always assumed that I wasn't really that close to [her]" Reasoning about Invisible Algorithms in News Feeds},
  author={Eslami, Motahhare and Rickman, Aimee and Vaccaro, Kristen and Aleyasen, Amirhossein and Vuong, Andy and Karahalios, Karrie and Hamilton, Kevin and Sandvig, Christian},
  booktitle={Proceedings of the 33rd annual ACM conference on human factors in computing systems},
  pages={153--162},
  year={2015}
}
@inproceedings{eslami2016first,
  title={First I "like" it, then I hide it: Folk Theories of Social Feeds},
  author={Eslami, Motahhare and Karahalios, Karrie and Sandvig, Christian and Vaccaro, Kristen and Rickman, Aimee and Hamilton, Kevin and Kirlik, Alex},
  booktitle={Proceedings of the 2016 CHI conference on human factors in computing systems},
  pages={2371--2382},
  year={2016}
}
@inproceedings{devito2017algorithms,
  title={"Algorithms ruin everything" \#RIPTwitter, Folk Theories, and Resistance to Algorithmic Change in Social Media},
  author={DeVito, Michael Ann and Gergle, Darren and Birnholtz, Jeremy},
  booktitle={Proceedings of the 2017 CHI conference on human factors in computing systems},
  pages={3163--3174},
  year={2017}
}
@article{burrell2019users,
  title={When users control the algorithms: Values expressed in practices on twitter},
  author={Burrell, Jenna and Kahn, Zoe and Jonas, Anne and Griffin, Daniel},
  journal={Proceedings of the ACM on human-computer interaction},
  volume={3},
  number={CSCW},
  pages={1--20},
  year={2019},
  publisher={ACM New York, NY, USA}
}
@article{bambauer2018algorithm,
  title={The algorithm game},
  author={Bambauer, Jane R and Zarsky, Tal},
  journal={Notre Dame L. Rev.},
  volume={94},
  pages={1},
  year={2018},
  publisher={HeinOnline}
}
@inproceedings{hardt2016strategic,
  title={Strategic classification},
  author={Hardt, Moritz and Megiddo, Nimrod and Papadimitriou, Christos and Wootters, Mary},
  booktitle={Proceedings of the 2016 ACM conference on innovations in theoretical computer science},
  pages={111--122},
  year={2016}
}
@article{shen2021everyday,
  title={Everyday algorithm auditing: Understanding the power of everyday users in surfacing harmful algorithmic behaviors},
  author={Shen, Hong and DeVos, Alicia and Eslami, Motahhare and Holstein, Kenneth},
  journal={Proceedings of the ACM on Human-Computer Interaction},
  volume={5},
  number={CSCW2},
  pages={1--29},
  year={2021},
  publisher={ACM New York, NY, USA}
}
@inproceedings{devos2022toward,
  title={Toward User-Driven Algorithm Auditing: Investigating users’ strategies for uncovering harmful algorithmic behavior},
  author={DeVos, Alicia and Dhabalia, Aditi and Shen, Hong and Holstein, Kenneth and Eslami, Motahhare},
  booktitle={Proceedings of the 2022 CHI conference on human factors in computing systems},
  pages={1--19},
  year={2022}
}
@inproceedings{feng2024mapping,
  title={Mapping the Design Space of Teachable Social Media Feed Experiences},
  author={Feng, K J Kevin and Koo, Xander and Tan, Lawrence and Bruckman, Amy and McDonald, David W and Zhang, Amy X},
  booktitle={Proceedings of the CHI Conference on Human Factors in Computing Systems},
  pages={1--20},
  year={2024}
}
@article{gao2023echo,
  title={Echo chamber effects on short video platforms},
  author={Gao, Yichang and Liu, Fengming and Gao, Lei},
  journal={Scientific Reports},
  volume={13},
  number={1},
  pages={6282},
  year={2023},
  publisher={Nature Publishing Group UK London}
}
@article{haupt2023recommending,
  title={Recommending to strategic users},
  author={Haupt, Andreas and Hadfield-Menell, Dylan and Podimata, Chara},
  journal={arXiv preprint arXiv:2302.06559},
  year={2023}
}
@article{kang2022ai,
  title={AI agency vs. human agency: understanding human--AI interactions on TikTok and their implications for user engagement},
  author={Kang, Hyunjin and Lou, Chen},
  journal={Journal of Computer-Mediated Communication},
  volume={27},
  number={5},
  pages={zmac014},
  year={2022},
  publisher={Oxford University Press}
}
@article{van2018networks,
  title={"Networks that work too well": intervening in algorithmic connections},
  author={Van der Nagel, Emily},
  journal={Media International Australia},
  volume={168},
  number={1},
  pages={81--92},
  year={2018},
  publisher={SAGE Publications Sage UK: London, England}
}
@article{ngo2022exploring,
  title={Exploring folk theories of algorithmic news curation for explainable design},
  author={Ngo, Thao and Kr{\"a}mer, Nicole},
  journal={Behaviour \& Information Technology},
  volume={41},
  number={15},
  pages={1--14},
  year={2021},
  publisher={Taylor \& Francis}
}

@article{taylor2022initial,
  title={An initial conceptualization of algorithm responsiveness: Comparing perceptions of algorithms across social media platforms},
  author={Taylor, Samuel Hardman and Choi, Mina},
  journal={Social Media+ Society},
  volume={8},
  number={4},
  pages={20563051221144322},
  year={2022},
  publisher={SAGE Publications Sage UK: London, England}
}
@inproceedings{vombatkere2024tiktok,
  title={TikTok and the Art of Personalization: Investigating Exploration and Exploitation on Social Media Feeds},
  author={Vombatkere, Karan and Mousavi, Sepehr and Zannettou, Savvas and Roesner, Franziska and Gummadi, Krishna P},
  booktitle={Proceedings of the ACM on Web Conference 2024},
  pages={3789--3797},
  year={2024}
}

@article{bucher2016algorithmic,
  title={The algorithmic imaginary: exploring the ordinary affects of Facebook algorithms},
  author={Bucher, Taina},
  journal={INFORMATION, COMMUNICATION \& SOCIETY},
  volume={20},
  number={1},
  pages={30--44},
  year={2016}
}

@article{Spink/Losee:96,
	title = {Feedback in {Information} {Retrieval}},
	number = {31},
	journal = {Annual Review of Information Science and Technology},
	author = {Spink, A and Losee, Robert M},
	year = {1996},
	pages = {33--78},
}
@article{oard2001modeling,
    author = {Oard, Douglas W and Kim, Jinmook},
    year = {2001},
    pages = {481--488},
    title = {Modeling Information Content Using Observable Behavior},
    volume = {38},
    journal = {Proceedings of the Annual Meeting of the American Society for Information Science}
}
@inproceedings{gadanho2007addressing,
  title={Addressing uncertainty in implicit preferences},
  author={Gadanho, Sandra Clara and Lhuillier, Nicolas},
  booktitle={Proceedings of the 2007 ACM conference on Recommender systems},
  pages={97--104},
  year={2007}
}
@inproceedings{harper2005economic,
  title={An economic model of user rating in an online recommender system},
  author={Harper, F Maxwell and Li, Xin and Chen, Yan and Konstan, Joseph A},
  booktitle={Proceedings of the 10th International Conference on User Modeling},
  pages={307--316},
  year={2005},
  publisher = {Springer-Verlag}
}


@inproceedings{kim2023investigating,
  title={Investigating How Users Design Everyday Intelligent Systems in Use},
  author={Kim, Hankyung and Lim, Youn-Kyung},
  booktitle={Proceedings of the 2023 ACM Designing Interactive Systems Conference},
  pages={702--711},
  year={2023}
}
@article{ricks2022does,
  title={Does This Button Work? Investigating YouTube’s Ineffective User Controls},
  author={Ricks, Becca and McCrosky, Jesse},
  journal={Mozilla Foundation},
url={https://foundation. mozilla. org/en/research/library/user-controls/report},
  year={2022}
}
@inproceedings{papadamou2022just,
  title={“It is just a flu”: assessing the effect of watch history on YouTube’s pseudoscientific video recommendations},
  author={Papadamou, Kostantinos and Zannettou, Savvas and Blackburn, Jeremy and De Cristofaro, Emiliano and Stringhini, Gianluca and Sirivianos, Michael},
  booktitle={Proceedings of the international AAAI conference on web and social media},
  volume={16},
  pages={723--734},
  year={2022}
}
@inproceedings{liu2024train,
  title={How to Train Your YouTube Recommender to Avoid Unwanted Videos},
  author={Liu, Alexander and Wu, Siqi and Resnick, Paul},
  booktitle={Proceedings of the International AAAI Conference on Web and Social Media},
  volume={18},
  pages={930--942},
  year={2024}
}
@article{jawaheer2014modeling,
  title={Modeling user preferences in recommender systems: A classification framework for explicit and implicit user feedback},
  author={Jawaheer, Gawesh and Weller, Peter and Kostkova, Patty},
  journal={ACM Transactions on Interactive Intelligent Systems (TiiS)},
  volume={4},
  number={2},
  pages={1--26},
  year={2014},
  publisher={ACM New York, NY, USA}
}
@inproceedings{li2022exploratory,
  title={An exploratory study of information cocoon on short-form video platform},
  author={Li, Nian and Gao, Chen and Piao, Jinghua and Huang, Xin and Yue, Aizhen and Zhou, Liang and Liao, Qingmin and Li, Yong},
  booktitle={Proceedings of the 31st ACM International Conference on Information \& Knowledge Management},
  pages={4178--4182},
  year={2022}
}
@article{stray2024building,
  title={Building human values into recommender systems: An interdisciplinary synthesis},
  author={Stray, Jonathan and Halevy, Alon and Assar, Parisa and Hadfield-Menell, Dylan and Boutilier, Craig and Ashar, Amar and Bakalar, Chloe and Beattie, Lex and Ekstrand, Michael and Leibowicz, Claire and others},
  journal={ACM Transactions on Recommender Systems},
  volume={2},
  number={3},
  pages={1--57},
  year={2024},
  publisher={ACM New York, NY}
}
@misc{flow2023demographic,
  author       = {{Flow Asia}},
  title        = {Demographic Overview of Chinese Video Platforms},
  year         = {2023},
  url          = {https://www.flow.asia/insight/demographic-chinese-video-platforms/},
  note         = {Accessed: September 1, 2024},
}
@misc{qiangua2024influencer,
  author       = {{Qian Gua}},
  title        = {The Rise of Influencer Marketing in China: Trends and Insights},
  year         = {2024},
  url          = {https://www.qian-gua.com/blog/detail/2898.html},
  note         = {Accessed: September 1, 2024},
}
@misc{marketingtochina2024douyin,
  author       = {{Marketing to China}},
  title        = {Douyin Statistics and Trends},
  year         = {2024},
  url          = {https://marketingtochina.com/douyin-statistics-and-trends/},
  note         = {Accessed: September 1, 2024},
}
@misc{kuaishou2022user,
    author       = {{Statistica}},
  title        = {Share of users of Kuaishou (Kwai) in China as of November 2022, by age group},
  year         = {2024},
  url          = {https://www.statista.com/statistics/1202735/china-kuaishou-user-age-distribution/#:~:text=As%20of%20November%202022%2C%20almost,living%20in%20China's%20rural%20regions},
  note         = {Accessed: September 1, 2024}
}
@inproceedings{hu2008collaborative,
  title={Collaborative filtering for implicit feedback datasets},
  author={Hu, Yifan and Koren, Yehuda and Volinsky, Chris},
  booktitle={2008 Eighth IEEE international conference on data mining},
  pages={263--272},
  year={2008}
}
@inproceedings{liang2023enabling,
  title={Enabling goal-focused exploration of podcasts in interactive recommender systems},
  author={Liang, Yu and Ponnada, Aditya and Lamere, Paul and Daskalova, Nediyana},
  booktitle={Proceedings of the 28th International Conference on Intelligent User Interfaces},
  pages={142--155},
  year={2023}
}
@inproceedings{yi2014beyond,
    author = {Yi, Xing and Hong, Liangjie and Zhong, Erheng and Liu, Nanthan Nan and Rajan, Suju},
    title = {Beyond clicks: dwell time for personalization},
    year = {2014},
    isbn = {9781450326681},
    publisher = {Association for Computing Machinery},
    address = {New York, NY, USA},
    url = {https://doi.org/10.1145/2645710.2645724},
    doi = {10.1145/2645710.2645724},
    booktitle = {Proceedings of the 8th ACM Conference on Recommender Systems},
    pages = {113–120},
    numpages = {8},
    keywords = {personalization, learning to rank, dwell time, content recommendation, collaborative filtering},
    location = {Foster City, Silicon Valley, California, USA},
    series = {RecSys '14}
}

@article{SHEPHERD2020102572,
    title = {Gaming Reddit’s Algorithm: r/the\_donald, Amplification, and the Rhetoric of Sorting},
    journal = {Computers and Composition},
    volume = {56},
    pages = {102572},
    year = {2020},
    issn = {8755-4615},
    doi = {https://doi.org/10.1016/j.compcom.2020.102572},
    url = {https://www.sciencedirect.com/science/article/pii/S8755461520300335},
    author = {Ryan P. Shepherd}
}

@article{petre2019gaming,
    author = {Caitlin Petre and Brooke Erin Duffy and Emily Hund},
    title ={“Gaming the System”: Platform Paternalism and the Politics of Algorithmic Visibility},
    
    journal = {Social Media + Society},
    volume = {5},
    number = {4},
    pages = {2056305119879995},
    year = {2019},
    doi = {10.1177/2056305119879995}
}

@inproceedings{dix2002beyond,
  title={Beyond intention-pushing boundaries with incidental interaction},
  author={Dix, Alan},
  booktitle={Proceedings of Building Bridges: Interdisciplinary Context-Sensitive Computing, Glasgow University},
  volume={9},
  pages={1--6},
  year={2002}
}
@inproceedings{ju2008range,
  title={Range: exploring implicit interaction through electronic whiteboard design},
  author={Ju, Wendy and Lee, Brian A and Klemmer, Scott R},
  booktitle={Proceedings of the 2008 ACM conference on Computer supported cooperative work},
  pages={17--26},
  year={2008}
}
@inproceedings{nazari2022choice,
  title={Choice of implicit signal matters: Accounting for user aspirations in podcast recommendations},
  author={Nazari, Zahra and Chandar, Praveen and Fazelnia, Ghazal and Edwards, Catherine M and Carterette, Benjamin and Lalmas, Mounia},
  booktitle={Proceedings of the ACM Web Conference 2022},
  pages={2433--2441},
  year={2022}
}
@inproceedings{schafer1999recommender,
  title={Recommender systems in e-commerce},
  author={Schafer, J Ben and Konstan, Joseph and Riedl, John},
  booktitle={Proceedings of the 1st ACM conference on Electronic commerce},
  pages={158--166},
  year={1999}
}

@article{resnick1997recommender,
  title={Recommender systems},
  author={Resnick, Paul and Varian, Hal R},
  journal={Communications of the ACM},
  volume={40},
  number={3},
  pages={56--58},
  year={1997},
  publisher={ACM New York, NY, USA}
}

@inproceedings{perez1996collaborative,
  title={A collaborative model of feedback in human-computer interaction},
  author={P{\'e}rez-Qui{\~n}ones, Manuel A and Sibert, John L},
  booktitle={Proceedings of the SIGCHI conference on Human Factors in Computing Systems},
  pages={316--323},
  year={1996}
}

@article{spink1998human,
  title={Human-computer interaction in information retrieval: nature and manifestations of feedback},
  author={Spink, Amanda and Saracevic, Tefko},
  journal={Interacting with computers},
  volume={10},
  number={3},
  pages={249--267},
  year={1998},
  publisher={Oxford University Press Oxford, UK}
}

@article{seaver2019captivating,
  title={Captivating algorithms: Recommender systems as traps},
  author={Seaver, Nick},
  journal={Journal of material culture},
  volume={24},
  number={4},
  pages={421--436},
  year={2019},
  publisher={SAGE Publications Sage UK: London, England}
}
@article{lu2015recommender,
  title={Recommender system application developments: a survey},
  author={Lu, Jie and Wu, Dianshuang and Mao, Mingsong and Wang, Wei and Zhang, Guangquan},
  journal={Decision support systems},
  volume={74},
  pages={12--32},
  year={2015},
  publisher={Elsevier}
}
@article{zanker2009case,
  title={Case-studies on exploiting explicit customer requirements in recommender systems},
  author={Zanker, Markus and Jessenitschnig, Markus},
  journal={User Modeling and User-Adapted Interaction},
  volume={19},
  pages={133--166},
  year={2009},
  publisher={Springer}
}
@article{raza2022news,
  title={News recommender system: a review of recent progress, challenges, and opportunities},
  author={Raza, Shaina and Ding, Chen},
  journal={Artificial Intelligence Review},
  volume={55},
  pages={749--800},
  year={2022},
  publisher={Springer}
}
@inproceedings{rader2015understanding,
  title={Understanding user beliefs about algorithmic curation in the Facebook news feed},
  author={Rader, Emilee and Gray, Rebecca},
  booktitle={Proceedings of the 33rd annual ACM conference on human factors in computing systems},
  pages={173--182},
  year={2015}
}


@online{emeline_brule_thematic_2020,
	title = {Thematic analysis in {HCI}},
	url = {https://sociodesign.hypotheses.org/555},
	author = {Brulé, Emeline},
	urldate = {2024-11-20},
year = {2020},
	date = {2020-04-22},
	note = {Design and society}
}

@incollection{braun_thematic_2019,
	title = {Thematic Analysis},
	isbn = {978-981-10-5251-4},
	url = {https://doi.org/10.1007/978-981-10-5251-4_103},
	booktitle = {Handbook of Research Methods in Health Social Sciences},
	publisher = {Springer, Singapore},
	author = {Braun, Virginia and Clarke, Victoria and Hayfield, Nikki and Terry, Gareth},
	editor = {Liamputtong, Pranee},
	urldate = {2024-11-20},
	  year = {2019},
	langid = {english},
	doi = {10.1007/978-981-10-5251-4_103},
	keywords = {Code, Codebook, Coding reliability, Epistemology, Latent, Reflexive thematic analysis, Semantic, Thematic map, Theme},
	file = {Full Text PDF:/Users/wenqili/Zotero/storage/3QWAB59A/Braun et al. - 2019 - Thematic Analysis.pdf:application/pdf}
}


@inproceedings{klug2023how,
author = {Klug, Daniel and Steen, Ella and Yurechko, Kathryn},
title = {How Algorithm Awareness Impacts Algospeak Use on TikTok},
year = {2023},
isbn = {9781450394192},
publisher = {Association for Computing Machinery},
address = {New York, NY, USA},
url = {https://doi.org/10.1145/3543873.3587355},
doi = {10.1145/3543873.3587355},
booktitle = {Companion Proceedings of the ACM Web Conference 2023},
pages = {234–237},
numpages = {4},
keywords = {TikTok, algorithmic literacy, communicative practice, content moderation, qualitative interviews},
location = {Austin, TX, USA},
series = {WWW '23 Companion}
}
@article{mayworm2024content,
author = {Mayworm, Samuel and DeVito, Michael Ann and Delmonaco, Daniel and Thach, Hibby and Haimson, Oliver L.},
title = {Content Moderation Folk Theories and Perceptions of Platform Spirit among Marginalized Social Media Users},
year = {2024},
issue_date = {December 2024},
publisher = {Association for Computing Machinery},
address = {New York, NY, USA},
volume = {7},
number = {1–4},
url = {https://doi.org/10.1145/3632741},
doi = {10.1145/3632741},
journal = {Trans. Soc. Comput.},
month = mar,
articleno = {1},
numpages = {27},
keywords = {Algorithm, algorithmic content moderation, content moderation, folk theories, platform spirit, social media, marginalization, marginalized identity}
}
@article{jhaver2023personalizing,
  title={Personalizing content moderation on social media: User perspectives on moderation choices, interface design, and labor},
  author={Jhaver, Shagun and Zhang, Alice Qian and Chen, Quan Ze and Natarajan, Nikhila and Wang, Ruotong and Zhang, Amy X},
  journal={Proceedings of the ACM on Human-Computer Interaction},
  volume={7},
  number={CSCW2},
  pages={1--33},
  year={2023},
  publisher={ACM New York, NY, USA}
}
@inproceedings{jhaver2022designing,
  title={Designing word filter tools for creator-led comment moderation},
  author={Jhaver, Shagun and Chen, Quan Ze and Knauss, Detlef and Zhang, Amy X},
  booktitle={Proceedings of the 2022 CHI conference on human factors in computing systems},
  pages={1--21},
  year={2022}
}
@inproceedings{mcdonald2024teens,
  author    = {Nora Mcdonald and John S. Seberger and Afsaneh Razi},
  title     = {For Me or Not for Me? The Ease With Which Teens Navigate Accurate and Inaccurate Personalized Social Media Content},
  booktitle = {Proceedings of the 2024 CHI Conference on Human Factors in Computing Systems (CHI '24)},
  year      = {2024},
  publisher = {Association for Computing Machinery},
  address   = {New York, NY, USA},
  articleno = {904},
  pages     = {1--7},
  doi       = {10.1145/3613904.3642297},
  url       = {https://doi.org/10.1145/3613904.3642297}
}
@inproceedings{yao2024blind,
  author       = {Yao Lyu and Jie Cai and Anisa Callis and Kelley Cotter and John M. Carroll},
  title        = {"I Got Flagged for Supposed Bullying, Even Though It Was in Response to Someone Harassing Me About My Disability.": A Study of Blind TikTokers’ Content Moderation Experiences},
  booktitle    = {Proceedings of the 2024 CHI Conference on Human Factors in Computing Systems (CHI '24)},
  year         = {2024},
  publisher    = {Association for Computing Machinery},
  address      = {New York, NY, USA},
  articleno    = {741},
  pages        = {1--15},
  doi          = {10.1145/3613904.3642148},
  url          = {https://doi.org/10.1145/3613904.3642148}
}
@article{namey2008data,
  title={Data reduction techniques for large qualitative data sets},
  author={Namey, Emily and Guest, Greg and Thairu, Lucy and Johnson, Laura and others},
  journal={Handbook for team-based qualitative research},
  volume={2},
  number={1},
  pages={137--161},
  year={2008}
}

@inproceedings{kasy2021fairness,
  title={Fairness, equality, and power in algorithmic decision-making},
  author={Kasy, Maximilian and Abebe, Rediet},
  booktitle={Proceedings of the 2021 ACM Conference on Fairness, Accountability, and Transparency},
  pages={576--586},
  year={2021}
}

@online{atlasti2024code,
	title = {Code Co-Occurrence Analysis in ATLAS.ti},
	url = {https://atlasti.com/research-hub/co-occurrence-analysis-with-atlas-ti#code-co-occurrence-analysis-in-atlas-ti},
	author = {Stewart, Lauren},
	urldate = {2024-12-09}
}

@misc{meta_new_2022,
	title = {The new {AI}-powered feature designed to improve {Feed} for everyone},
	url = {https://ai.meta.com/blog/facebook-feed-improvements-ai-show-more-less/},
	abstract = {We trained an AI model that can effectively interpret the intent behind “Show More” and “Show Less” signals to surface more of the content people want to see in their Feeds — even if they rarely interact with the signals.},
	language = {en},
	urldate = {2024-12-10},
	author = {{Meta}},
	month = oct,
	year = {2022},
	file = {Snapshot:/Users/wenqili/Zotero/storage/6XX8B2ME/facebook-feed-improvements-ai-show-more-less.html:text/html},
}
