@article{bishop2018anxiety,
  title={Anxiety, panic and self-optimization: Inequalities and the YouTube algorithm},
  author={Bishop, Sophie},
  journal={Convergence},
  volume={24},
  number={1},
  pages={69--84},
  year={2018},
  publisher={SAGE Publications Sage UK: London, England}
}

@article{bishop2019managing,
  title={Managing visibility on YouTube through algorithmic gossip},
  author={Bishop, Sophie},
  journal={New media \& society},
  volume={21},
  number={11-12},
  pages={2589--2606},
  year={2019},
  publisher={SAGE Publications Sage UK: London, England}
}

@incollection{bucher2018cleavage,
  title={Cleavage-Control: Stories of Algorithmic Culture and Power in the Case of the YouTube" Reply Girls"},
  author={Bucher, Taina},
  booktitle={A networked self and platforms, stories, connections},
  pages={125--143},
  year={2018},
  publisher={Routledge}
}

@article{cheung2022influences,
  title={What influences people to click ‘like’on posts of branded content?},
  author={Cheung, Millissa FY and To, WM},
  journal={Journal of Strategic Marketing},
  pages={1--23},
  year={2022},
  publisher={Taylor \& Francis}
}

@article{cotter2019playing,
  title={Playing the visibility game: How digital influencers and algorithms negotiate influence on Instagram},
  author={Cotter, Kelley},
  journal={New media \& society},
  volume={21},
  number={4},
  pages={895--913},
  year={2019},
  publisher={SAGE Publications Sage UK: London, England}
}

@article{ellison2020we,
  title={Why we don’t click: Interrogating the relationship between viewing and clicking in social media contexts by exploring the “non-click”},
  author={Ellison, Nicole B and Tri{\^e}u, Penny and Schoenebeck, Sarita and Brewer, Robin and Israni, Aarti},
  journal={Journal of Computer-Mediated Communication},
  volume={25},
  number={6},
  pages={402--426},
  year={2020},
  publisher={Oxford University Press}
}

@inproceedings{guy2010social,
  title={Social media recommendation based on people and tags},
  author={Guy, Ido and Zwerdling, Naama and Ronen, Inbal and Carmel, David and Uziel, Erel},
  booktitle={Proceedings of the 33rd international ACM SIGIR conference on Research and development in information retrieval},
  pages={194--201},
  year={2010}
}

@inproceedings{hu2022interest,
  title={The Interest-Based Communities on Xiaohongshu Recreate the Era of “Tribalization”},
  author={Hu, Xingjian and Jin, Tiannan and Lu, Yunjing and Zhong, Shuyu},
  booktitle={2022 6th International Seminar on Education, Management and Social Sciences (ISEMSS 2022)},
  pages={711--720},
  year={2022},
  organization={Atlantis Press}
}

@article{jacques2015differentiation,
  title={Differentiation of online text-based advertising and the effect on users’ click behavior},
  author={Jacques, Jason T and Perry, Mark and Kristensson, Per Ola},
  journal={Computers in Human Behavior},
  volume={50},
  pages={535--543},
  year={2015},
  publisher={Elsevier}
}

@article{karizat2021algorithmic,
  title={Algorithmic folk theories and identity: How TikTok users co-produce Knowledge of identity and engage in algorithmic resistance},
  author={Karizat, Nadia and Delmonaco, Dan and Eslami, Motahhare and Andalibi, Nazanin},
  journal={Proceedings of the ACM on Human-Computer Interaction},
  volume={5},
  number={CSCW2},
  pages={1--44},
  year={2021},
  publisher={ACM New York, NY, USA}
}

@inproceedings{kim2011advertiser,
  title={Advertiser-centric approach to understand user click behavior in sponsored search},
  author={Kim, Sungchul and Qin, Tao and Yu, Hwanjo and Liu, Tie-Yan},
  booktitle={Proceedings of the 20th ACM international conference on Information and knowledge management},
  pages={2121--2124},
  year={2011}
}

@article{kim2016click,
  title={To click or not to click? Investigating antecedents of advertisement clicking on Facebook},
  author={Kim, Yoojung and Kang, Mihyun and Choi, Sejung Marina and Sung, Yongjun},
  journal={Social Behavior and Personality: an international journal},
  volume={44},
  number={4},
  pages={657--667},
  year={2016},
  publisher={Scientific Journal Publishers}
}

@inproceedings{klaisubun2007behavior,
  title={Behavior patterns of information discovery in social bookmarking service},
  author={Klaisubun, Piyanuch and Kajondecha, Phichit and Ishikawa, Takashi},
  booktitle={IEEE/WIC/ACM International Conference on Web Intelligence (WI'07)},
  pages={784--787},
  year={2007},
  organization={IEEE}
}

@article{lee2022algorithmic,
  title={The algorithmic crystal: Conceptualizing the self through algorithmic personalization on TikTok},
  author={Lee, Angela Y and Mieczkowski, Hannah and Ellison, Nicole B and Hancock, Jeffrey T},
  journal={Proceedings of the ACM on Human-Computer Interaction},
  volume={6},
  number={CSCW2},
  pages={1--22},
  year={2022},
  publisher={ACM New York, NY, USA}
}

@inproceedings{liu2010personalized,
  title={Personalized news recommendation based on click behavior},
  author={Liu, Jiahui and Dolan, Peter and Pedersen, Elin R{\o}nby},
  booktitle={Proceedings of the 15th international conference on Intelligent user interfaces},
  pages={31--40},
  year={2010}
}

@article{rosenblat2016algorithmic,
  title={Algorithmic labor and information asymmetries: A case study of Uber’s drivers},
  author={Rosenblat, Alex and Stark, Luke},
  journal={International journal of communication},
  volume={10},
  pages={27},
  year={2016}
}

@article{setyani2019exploring,
  title={Exploring the psychological mechanisms from personalized advertisements to urge to buy impulsively on social media},
  author={Setyani, Virda and Zhu, Yu-Qian and Hidayanto, Achmad Nizar and Sandhyaduhita, Puspa Indahati and Hsiao, Bo},
  journal={International Journal of Information Management},
  volume={48},
  pages={96--107},
  year={2019},
  publisher={Elsevier}
}

@inproceedings{shen2012personalized,
  title={Personalized click model through collaborative filtering},
  author={Shen, Si and Hu, Botao and Chen, Weizhu and Yang, Qiang},
  booktitle={Proceedings of the fifth ACM international conference on Web search and data mining},
  pages={323--332},
  year={2012}
}

@inproceedings{zhang2011user,
  title={User-click modeling for understanding and predicting search-behavior},
  author={Zhang, Yuchen and Chen, Weizhu and Wang, Dong and Yang, Qiang},
  booktitle={Proceedings of the 17th ACM SIGKDD international conference on Knowledge discovery and data mining},
  pages={1388--1396},
  year={2011}
}

