@article{rosenblat2016algorithmic,
  title={Algorithmic labor and information asymmetries: A case study of Uber’s drivers},
  author={Rosenblat, Alex and Stark, Luke},
  journal={International journal of communication},
  volume={10},
  pages={27},
  year={2016}
}

@article{bishop2018anxiety,
  title={Anxiety, panic and self-optimization: Inequalities and the YouTube algorithm},
  author={Bishop, Sophie},
  journal={Convergence},
  volume={24},
  number={1},
  pages={69--84},
  year={2018},
  publisher={SAGE Publications Sage UK: London, England}
}

@article{karizat2021algorithmic,
  title={Algorithmic folk theories and identity: How TikTok users co-produce Knowledge of identity and engage in algorithmic resistance},
  author={Karizat, Nadia and Delmonaco, Dan and Eslami, Motahhare and Andalibi, Nazanin},
  journal={Proceedings of the ACM on Human-Computer Interaction},
  volume={5},
  number={CSCW2},
  pages={1--44},
  year={2021},
  publisher={ACM New York, NY, USA}
}

@misc{narayanan2022tiktok,
  author = {Narayanan, Arvind},
  year = {2022},
  month = {December},
  title = {TikTok’s Secret Sauce},
  note = {Accessed by May 12, 2023},
  howpublished = {\url{https://knightcolumbia.org/blog/tiktoks-secret-sauce}}
}

@misc{flow2023the,
  author = {Flow.Asia},
  year = {2023},
  month = {March},
  title = {The demographic of Chinese video platforms},
  note = {Accessed by May 12, 2023},
  howpublished = {\url{https://www.flow.asia/blog/demographic-chinese-video-platforms}}
}

@article{sun2022influence,
  title={The Influence of Word-of-web on Customers’ Purchasing Process: The Case of Xiaohongshu},
  author={Sun, Yijia and Ly, Tuan Phong},
  journal={Journal of China Tourism Research},
  pages={1--24},
  year={2022},
  publisher={Taylor \& Francis}
}
@inproceedings{klaisubun2007behavior,
  title={Behavior patterns of information discovery in social bookmarking service},
  author={Klaisubun, Piyanuch and Kajondecha, Phichit and Ishikawa, Takashi},
  booktitle={IEEE/WIC/ACM International Conference on Web Intelligence (WI'07)},
  pages={784--787},
  year={2007},
  organization={IEEE}
}
@inproceedings{hu2022interest,
  title={The Interest-Based Communities on Xiaohongshu Recreate the Era of “Tribalization”},
  author={Hu, Xingjian and Jin, Tiannan and Lu, Yunjing and Zhong, Shuyu},
  booktitle={2022 6th International Seminar on Education, Management and Social Sciences (ISEMSS 2022)},
  pages={711--720},
  year={2022},
  organization={Atlantis Press}
}
@article{cheung2022influences,
  title={What influences people to click ‘like’on posts of branded content?},
  author={Cheung, Millissa FY and To, WM},
  journal={Journal of Strategic Marketing},
  pages={1--23},
  year={2022},
  publisher={Taylor \& Francis}
}


@article{yuinvestigation,
  title={Investigation of Users’ Experience of Social Media’s Personalized Recommendation—The Case of Xiaohongshu},
  author={Yu, Shufan}
}

@inproceedings{yao2021examination,
  title={Examination of Underlying Factors in Success of TikTok},
  author={Yao, Mingyin},
  booktitle={2021 International Conference On Enterprise Management And Economic Development (Icemed 2021)},
  pages={296--301},
  year={2021},
  organization={Atlantis Press}
}
@article{setyani2019exploring,
  title={Exploring the psychological mechanisms from personalized advertisements to urge to buy impulsively on social media},
  author={Setyani, Virda and Zhu, Yu-Qian and Hidayanto, Achmad Nizar and Sandhyaduhita, Puspa Indahati and Hsiao, Bo},
  journal={International Journal of Information Management},
  volume={48},
  pages={96--107},
  year={2019},
  publisher={Elsevier}
}
@inproceedings{guy2010social,
  title={Social media recommendation based on people and tags},
  author={Guy, Ido and Zwerdling, Naama and Ronen, Inbal and Carmel, David and Uziel, Erel},
  booktitle={Proceedings of the 33rd international ACM SIGIR conference on Research and development in information retrieval},
  pages={194--201},
  year={2010}
}
@article{lacey2023clusters,
  title={Clusters of Dark Patterns Across Popular Websites in New Zealand},
  author={Lacey, Cherie and Beattie, Alex and Sparks, Tristam},
  journal={International Journal of Communication},
  volume={17},
  pages={25},
  year={2023}
}
@inproceedings{bartley2021auditing,
  title={Auditing algorithmic bias on twitter},
  author={Bartley, Nathan and Abeliuk, Andres and Ferrara, Emilio and Lerman, Kristina},
  booktitle={13th ACM Web Science Conference 2021},
  pages={65--73},
  year={2021}
}

@article{bandy2021curating,
  title={Curating quality? How Twitter’s timeline algorithm treats different types of news},
  author={Bandy, Jack and Diakopoulos, Nicholas},
  journal={Social Media+ Society},
  volume={7},
  number={3},
  pages={20563051211041648},
  year={2021},
  publisher={SAGE Publications Sage UK: London, England}
}

@article{hussein2020measuring,
  title={Measuring misinformation in video search platforms: An audit study on YouTube},
  author={Hussein, Eslam and Juneja, Prerna and Mitra, Tanushree},
  journal={Proceedings of the ACM on Human-Computer Interaction},
  volume={4},
  number={CSCW1},
  pages={1--27},
  year={2020},
  publisher={ACM New York, NY, USA}
}

@inproceedings{juneja2021auditing,
  title={Auditing e-commerce platforms for algorithmically curated vaccine misinformation},
  author={Juneja, Prerna and Mitra, Tanushree},
  booktitle={Proceedings of the 2021 chi conference on human factors in computing systems},
  pages={1--27},
  year={2021}
}

@article{juneja2023assessing,
  title={Assessing enactment of content regulation policies: A post hoc crowd-sourced audit of election misinformation on YouTube},
  author={Juneja, Prerna and Bhuiyan, Md Momen and Mitra, Tanushree},
  journal={arXiv preprint arXiv:2302.07836},
  year={2023}
}

@article{gausen2022using,
  title={Using agent-based modelling to evaluate the impact of algorithmic curation on social media},
  author={Gausen, Anna and Luk, Wayne and Guo, Ce},
  journal={ACM Journal of Data and Information Quality},
  volume={15},
  number={1},
  pages={1--24},
  year={2022},
  publisher={ACM New York, NY}
}

@article{huszar2022algorithmic,
  title={Algorithmic amplification of politics on Twitter},
  author={Husz{\'a}r, Ferenc and Ktena, Sofia Ira and O’Brien, Conor and Belli, Luca and Schlaikjer, Andrew and Hardt, Moritz},
  journal={Proceedings of the National Academy of Sciences},
  volume={119},
  number={1},
  pages={e2025334119},
  year={2022},
  publisher={National Acad Sciences}
}

@article{haroon2022youtube,
  title={YouTube, The Great Radicalizer? Auditing and Mitigating Ideological Biases in YouTube Recommendations},
  author={Haroon, Muhammad and Chhabra, Anshuman and Liu, Xin and Mohapatra, Prasant and Shafiq, Zubair and Wojcieszak, Magdalena},
  journal={arXiv preprint arXiv:2203.10666},
  year={2022}
}

@article{bandy2021more,
  title={More accounts, fewer links: How algorithmic curation impacts media exposure in Twitter timelines},
  author={Bandy, Jack and Diakopoulos, Nicholas},
  journal={Proceedings of the ACM on Human-Computer Interaction},
  volume={5},
  number={CSCW1},
  pages={1--28},
  year={2021},
  publisher={ACM New York, NY, USA}
}

@article{ganesh2022resistance,
  title={Resistance and refusal to algorithmic harms: Varieties of ‘knowledge projects’},
  author={Ganesh, Maya Indira and Moss, Emanuel},
  journal={Media International Australia},
  volume={183},
  number={1},
  pages={90--106},
  year={2022},
  publisher={SAGE Publications Sage UK: London, England}
}

@book{morozov2013save,
  title={To save everything, click here: The folly of technological solutionism},
  author={Morozov, Evgeny},
  year={2013},
  publisher={Public Affairs}
}

@article{cotter2019playing,
  title={Playing the visibility game: How digital influencers and algorithms negotiate influence on Instagram},
  author={Cotter, Kelley},
  journal={New media \& society},
  volume={21},
  number={4},
  pages={895--913},
  year={2019},
  publisher={SAGE Publications Sage UK: London, England}
}

@incollection{bucher2018cleavage,
  title={Cleavage-Control: Stories of Algorithmic Culture and Power in the Case of the YouTube" Reply Girls"},
  author={Bucher, Taina},
  booktitle={A networked self and platforms, stories, connections},
  pages={125--143},
  year={2018},
  publisher={Routledge}
}

@article{yu2022emergence,
  title={The emergence of algorithmic solidarity: unveiling mutual aid practices and resistance among Chinese delivery workers},
  author={Yu, Zizheng and Trer{\'e}, Emiliano and Bonini, Tiziano},
  journal={Media International Australia},
  volume={183},
  number={1},
  pages={107--123},
  year={2022},
  publisher={SAGE Publications Sage UK: London, England}
}

@article{bishop2019managing,
  title={Managing visibility on YouTube through algorithmic gossip},
  author={Bishop, Sophie},
  journal={New media \& society},
  volume={21},
  number={11-12},
  pages={2589--2606},
  year={2019},
  publisher={SAGE Publications Sage UK: London, England}
}

@misc{bowmanencyclopedia,
  title={The Encyclopedia of Human-Computer Interaction, 2nd},
  author={Bowman, DA},
  publisher={The Interaction Design Foundation: Aarhus, Denmark}
}

@article{soegaard2012encyclopedia,
  title={The encyclopedia of human-computer interaction},
  author={Soegaard, Mads and Dam, Rikke Friis},
  journal={The encyclopedia of human-computer interaction},
  year={2012},
  publisher={The Interaction Design Foundation}
}

@article{ellison2020we,
  title={Why we don’t click: Interrogating the relationship between viewing and clicking in social media contexts by exploring the “non-click”},
  author={Ellison, Nicole B and Tri{\^e}u, Penny and Schoenebeck, Sarita and Brewer, Robin and Israni, Aarti},
  journal={Journal of Computer-Mediated Communication},
  volume={25},
  number={6},
  pages={402--426},
  year={2020},
  publisher={Oxford University Press}
}
@inproceedings{kim2011advertiser,
  title={Advertiser-centric approach to understand user click behavior in sponsored search},
  author={Kim, Sungchul and Qin, Tao and Yu, Hwanjo and Liu, Tie-Yan},
  booktitle={Proceedings of the 20th ACM international conference on Information and knowledge management},
  pages={2121--2124},
  year={2011}
}

@article{jacques2015differentiation,
  title={Differentiation of online text-based advertising and the effect on users’ click behavior},
  author={Jacques, Jason T and Perry, Mark and Kristensson, Per Ola},
  journal={Computers in Human Behavior},
  volume={50},
  pages={535--543},
  year={2015},
  publisher={Elsevier}
}
@inproceedings{shen2012personalized,
  title={Personalized click model through collaborative filtering},
  author={Shen, Si and Hu, Botao and Chen, Weizhu and Yang, Qiang},
  booktitle={Proceedings of the fifth ACM international conference on Web search and data mining},
  pages={323--332},
  year={2012}
}
@inproceedings{zhang2011user,
  title={User-click modeling for understanding and predicting search-behavior},
  author={Zhang, Yuchen and Chen, Weizhu and Wang, Dong and Yang, Qiang},
  booktitle={Proceedings of the 17th ACM SIGKDD international conference on Knowledge discovery and data mining},
  pages={1388--1396},
  year={2011}
}

@article{kim2016click,
  title={To click or not to click? Investigating antecedents of advertisement clicking on Facebook},
  author={Kim, Yoojung and Kang, Mihyun and Choi, Sejung Marina and Sung, Yongjun},
  journal={Social Behavior and Personality: an international journal},
  volume={44},
  number={4},
  pages={657--667},
  year={2016},
  publisher={Scientific Journal Publishers}
}

@inproceedings{liu2010personalized,
  title={Personalized news recommendation based on click behavior},
  author={Liu, Jiahui and Dolan, Peter and Pedersen, Elin R{\o}nby},
  booktitle={Proceedings of the 15th international conference on Intelligent user interfaces},
  pages={31--40},
  year={2010}
}

@article{lee2022algorithmic,
  title={The algorithmic crystal: Conceptualizing the self through algorithmic personalization on TikTok},
  author={Lee, Angela Y and Mieczkowski, Hannah and Ellison, Nicole B and Hancock, Jeffrey T},
  journal={Proceedings of the ACM on Human-Computer Interaction},
  volume={6},
  number={CSCW2},
  pages={1--22},
  year={2022},
  publisher={ACM New York, NY, USA}
}

@book{creswell2016qualitative,
  title={Qualitative inquiry and research design: Choosing among five approaches},
  author={Creswell, John W and Poth, Cheryl N},
  year={2016},
  publisher={Sage Publications}
}

@article{kim2017fisher,
  title={Statistical notes for clinical researchers: Chi-squared test and Fisher's exact test},
  author={Kim, Hae-Young},
  journal={Restorative Dentistry and Endodontics},
  volume = {42},
  number = {2},
  pages = {152-155},
  year = {2017},
}