@article{lora,
  title={Lora: Low-rank adaptation of large language models},
  author={Hu, Edward J and Shen, Yelong and Wallis, Phillip and Allen-Zhu, Zeyuan and Li, Yuanzhi and Wang, Shean and Wang, Lu and Chen, Weizhu},
  journal={arXiv preprint arXiv:2106.09685},
  year={2021}
}

@misc{qlora,
      title={QLoRA: Efficient Finetuning of Quantized LLMs}, 
      author={Tim Dettmers and Artidoro Pagnoni and Ari Holtzman and Luke Zettlemoyer},
      year={2023},
      eprint={2305.14314},
      archivePrefix={arXiv},
      primaryClass={cs.LG},
      url={https://arxiv.org/abs/2305.14314}, 
}

@article{krona,
  title={Krona: Parameter efficient tuning with kronecker adapter},
  author={Edalati, Ali and Tahaei, Marzieh and Kobyzev, Ivan and Nia, Vahid Partovi and Clark, James J and Rezagholizadeh, Mehdi},
  journal={arXiv preprint arXiv:2212.10650},
  year={2022}
}

@misc{dora,
      title={DoRA: Weight-Decomposed Low-Rank Adaptation}, 
      author={Shih-Yang Liu and Chien-Yi Wang and Hongxu Yin and Pavlo Molchanov and Yu-Chiang Frank Wang and Kwang-Ting Cheng and Min-Hung Chen},
      year={2024},
      eprint={2402.09353},
      archivePrefix={arXiv},
      primaryClass={cs.CL},
      url={https://arxiv.org/abs/2402.09353}, 
}

@inproceedings{kadaptation,
  title={Parameter-efficient model adaptation for vision transformers},
  author={He, Xuehai and Li, Chunyuan and Zhang, Pengchuan and Yang, Jianwei and Wang, Xin Eric},
  booktitle={Proceedings of the AAAI Conference on Artificial Intelligence},
  volume={37},
  pages={817--825},
  year={2023}
}

@article{peft,
  title={Parameter-efficient fine-tuning methods for pretrained language models: A critical review and assessment},
  author={Xu, Lingling and Xie, Haoran and Qin, Si-Zhao Joe and Tao, Xiaohui and Wang, Fu Lee},
  journal={arXiv preprint arXiv:2312.12148},
  year={2023}
}

@inproceedings{fast-kron,
  title={Fast Kronecker Matrix-Matrix Multiplication on GPUs},
  author={Jangda, Abhinav and Yadav, Mohit},
  booktitle={Proceedings of the 29th ACM SIGPLAN Annual Symposium on Principles and Practice of Parallel Programming},
  pages={390--403},
  year={2024}
}

@book{matrix-computations,
  title={Matrix Computations},
  author={Golub, G.H. and Van Loan, C.F.},
  isbn={9781421408590},
  lccn={2012943449},
  series={Johns Hopkins Studies in the Mathematical Sciences},
  url={https://books.google.com/books?id=5U-l8U3P-VUC},
  year={2013},
  publisher={Johns Hopkins University Press}
}

@article{matrix-separated-representation,
  title={Algorithms for numerical analysis in high dimensions},
  author={Beylkin, Gregory and Mohlenkamp, Martin J},
  journal={SIAM Journal on Scientific Computing},
  volume={26},
  number={6},
  pages={2133--2159},
  year={2005},
  publisher={SIAM}
}

@article{glue,
  title={Glue: A multi-task benchmark and analysis platform for natural language understanding},
  author={Wang, Alex},
  journal={arXiv preprint arXiv:1804.07461},
  year={2018}
}

@article{superglue,
  title={Superglue: A stickier benchmark for general-purpose language understanding systems},
  author={Wang, Alex and Pruksachatkun, Yada and Nangia, Nikita and Singh, Amanpreet and Michael, Julian and Hill, Felix and Levy, Omer and Bowman, Samuel},
  journal={Advances in neural information processing systems},
  volume={32},
  year={2019}
}

@article{roberta,
  title={Roberta: A robustly optimized bert pretraining approach},
  author={Liu, Yinhan},
  journal={arXiv preprint arXiv:1907.11692},
  volume={364},
  year={2019}
}

@inproceedings{lr-scheduler,
    title = "Transformers: State-of-the-Art Natural Language Processing",
    author = "Wolf, Thomas and Debut, Lysandre and Sanh, Victor and Chaumond, Julien and Delangue, Clement and Moi, Anthony and Cistac, Pierric and Rault, Tim and Louf, R{\'e}mi and Funtowicz, Morgan and Brew, Jamie",
    booktitle = "Proceedings of the 2020 Conference on Empirical Methods in Natural Language Processing: System Demonstrations",
    month = oct,
    year = "2020",
    address = "Online",
    publisher = "Association for Computational Linguistics",
    pages = "38--45",
    url = "https://www.aclweb.org/anthology/2020.emnlp-demos.6"
}
