@article{abdulaal2024x,
    title={An X-Ray Is Worth 15 Features: Sparse Autoencoders for Interpretable Radiology Report Generation},
    author={Abdulaal, Ahmed and Fry, Hugo and Monta{\~n}a-Brown, Nina and Ijishakin, Ayodeji and Gao, Jack and Hyland, Stephanie and Alexander, Daniel C and Castro, Daniel C},
    journal={arXiv preprint arXiv:2410.03334},
    year={2024}
}

@misc{adly2024scaling,
    title={Scaling Monosemanticity: Extracting Interpretable Features from {Claude} 3 {Sonnet}},
    author={Adly Templeton and Tom Conerly and Jonathan Marcus and Jack Lindsey and Trenton Bricken and Brian Chen and Adam Pearce and Craig Citro and Emmanuel Ameisen and Andy Jones and Hoagy Cunningham and Nicholas L Turner and Callum McDougall and Monte MacDiarmid and Alex Tamkin and Esin Durmus and Tristan Hume and Francesco Mosconi and C. Daniel Freeman and Theodore R. Sumers and Edward Rees and Joshua Batson and Adam Jermyn and Shan Carter and Chris Olah and Tom Henighan},
    year={2024},
    howpublished={\url{https://transformer-circuits.pub/2024/scaling-monosemanticity/index.html}},
    note={Transformer Circuits Thread},
    month={May}
}

@inproceedings{balasubramanian2024decomposing,
    title={Decomposing and interpreting image representations via text in {ViTs} beyond {CLIP}},
    author={Balasubramanian, Sriram and Basu, Samyadeep and Feizi, Soheil},
    booktitle={NeurIPS},
    year={2024}
}

@article{bereska2024mechanistic,
    title={Mechanistic Interpretability for {AI} Safety--{A} Review},
    author={Bereska, Leonard and Gavves, Efstratios},
    journal={Transactions on Machine Learning Research},
    year={2024}
}

@misc{bills2023language,
    title={Language models can explain neurons in language models},
    author={
    Bills, Steven and Cammarata, Nick and Mossing, Dan and Tillman, Henk and Gao, Leo and Goh, Gabriel and Sutskever, Ilya and Leike, Jan and Wu, Jeff and Saunders, William
    },
    year={2023},
    month={May},
    howpublished = {\url{https://openaipublic.blob.core.windows.net/neuron-explainer/paper/index.html}}
}

@misc{bricken2023monosemanticity,
    title={Towards Monosemanticity: Decomposing Language Models With Dictionary Learning},
    author={Bricken, Trenton and Templeton, Adly and Batson, Joshua and Chen, Brian and Jermyn, Adam and Conerly, Tom and Turner, Nicholas L. and Anil, Cem and Denison, Carson and Askell, Amanda and Lasenby, Robert and Wu, Yifan and Kravec, Shauna and Schiefer, Nicholas and Maxwell, Tim and Joseph, Nicholas and Tamkin, Alex and Nguyen, Karina and McLean, Brayden and Burke, Josiah E. and Hume, Tristan and Carter, Shan and Henighan, Tom and Olah, Chris},
    year={2023},
    howpublished={\url{https://transformer-circuits.pub/2023/monosemantic-features/index.html}},
    note={Transformer Circuits Thread},
    month={October}
}

@inproceedings{conmy2023towards,
    title={Towards automated circuit discovery for mechanistic interpretability},
    author={Conmy, Arthur and Mavor-Parker, Augustine and Lynch, Aengus and Heimersheim, Stefan and Garriga-Alonso, Adri{\`a}},
    booktitle={NeurIPS}

@article{crabbeinterpreting,
    title={Interpreting {CLIP}: Insights on the Robustness to ImageNet Distribution Shifts},
    author={Jonathan Crabb{\'e} and Pau Rodriguez and Vaishaal Shankar and Luca Zappella and Arno Blaas},
    journal={Transactions on Machine Learning Research},
    issn={2835-8856},
    year={2024}
}

@inproceedings{cunningham2024sparse,
    title={Sparse autoencoders find highly interpretable features in language models},
    author={Cunningham, Hoagy and Ewart, Aidan and Riggs, Logan and Huben, Robert and Sharkey, Lee},
    booktitle={ICLR},
    year={2024}
}

@inproceedings{espinosa2022concept,
    title={Concept embedding models: {B}eyond the accuracy-explainability trade-off},
    author={Espinosa Zarlenga, Mateo and Barbiero, Pietro and Ciravegna, Gabriele and Marra, Giuseppe and Giannini, Francesco and Diligenti, Michelangelo and Shams, Zohreh and Precioso, Frederic and Melacci, Stefano and Weller, Adrian and others},
    booktitle={NeurIPS}

@inproceedings{gandelsman2024interpreting,
    title={Interpreting {CLIP}'s Image Representation via Text-Based Decomposition},
    author={Gandelsman, Yossi and Efros, Alexei A and Steinhardt, Jacob},
    booktitle={ICLR},
    year={2024}
}

@article{gao2024scaling,
    title={Scaling and evaluating sparse autoencoders},
    author={Gao, Leo and la Tour, Tom Dupr{\'e} and Tillman, Henk and Goh, Gabriel and Troll, Rajan and Radford, Alec and Sutskever, Ilya and Leike, Jan and Wu, Jeffrey},
    journal={arXiv preprint arXiv:2406.04093},
    year={2024}
}

@inproceedings{ghorbani2019towards,
    title={Towards automatic concept-based explanations},
    author={Ghorbani, Amirata and Wexler, James and Zou, James Y and Kim, Been},
    booktitle={NeurIPS},
    year={2019}
}

@article{goh2021multimodal,
    title={Multimodal neurons in artificial neural networks},
    author={Goh, Gabriel and Cammarata, Nick and Voss, Chelsea and Carter, Shan and Petrov, Michael and Schubert, Ludwig and Radford, Alec and Olah, Chris},
    journal={Distill},
    volume={6},
    number={3},
    pages={e30},
    year={2021}
}

@inproceedings{hernandez2021natural,
    title={Natural language descriptions of deep visual features},
    author={Hernandez, Evan and Schwettmann, Sarah and Bau, David and Bagashvili, Teona and Torralba, Antonio and Andreas, Jacob},
    booktitle={ICLR},
    year={2021}
}

@inproceedings{jain2022distilling,
    title={Distilling model failures as directions in latent space},
    author={Jain, Saachi and Lawrence, Hannah and Moitra, Ankur and Madry, Aleksander},
    booktitle={ICLR},
    year={2023}
}

@inproceedings{joukovsky2023model,
    author={Joukovsky, Boris and Sammani, Fawaz and Deligiannis, Nikos},
    booktitle={ICIP}, 
    title={Model-Agnostic Visual Explanations via Approximate Bilinear Models}, 
    year={2023},
}

@inproceedings{kim2018interpretability,
    title={Interpretability beyond feature attribution: {Q}uantitative testing with concept activation vectors ({TCAV})},
    author={Kim, Been and Wattenberg, Martin and Gilmer, Justin and Cai, Carrie and Wexler, James and Viegas, Fernanda and others},
    booktitle={ICML}

@inproceedings{koh2020concept,
    title={Concept bottleneck models},
    author={Koh, Pang Wei and Nguyen, Thao and Tang, Yew Siang and Mussmann, Stephen and Pierson, Emma and Kim, Been and Liang, Percy},
    booktitle={ICML},
    year={2020}
}

@article{li2022exploring,
      title={Exploring visual interpretability for contrastive language-image pre-training},
      author={Li, Yi and Wang, Hualiang and Duan, Yiqun and Xu, Hang and Li, Xiaomeng},
      journal={arXiv preprint arXiv:2209.07046},
      year={2022}
}

@inproceedings{liu2020part,
    title={Part-aware prototype network for few-shot semantic segmentation},
    author={Liu, Yongfei and Zhang, Xiangyi and Zhang, Songyang and He, Xuming},
    booktitle={ECCV}

@inproceedings{lucieri2020interpretability,
    title={On interpretability of deep learning based skin lesion classifiers using concept activation vectors},
    author={Lucieri, Adriano and Bajwa, Muhammad Naseer and Braun, Stephan Alexander and Malik, Muhammad Imran and Dengel, Andreas and Ahmed, Sheraz},
    booktitle={IJCNN}

@inproceedings{madeira2023zebra,
    title={{ZEBRA: E}xplaining rare cases through outlying interpretable concepts},
    author={Madeira, Pedro and Carreiro, Andr{\'e} and Gaudio, Alex and Rosado, Lu{\'\i}s and Soares, Filipe and Smailagic, Asim},
    booktitle={CVPR}

@inproceedings{misino2022vael,
    title={{VAEL: B}ridging variational autoencoders and probabilistic logic programming},
    author={Misino, Eleonora and Marra, Giuseppe and Sansone, Emanuele},
    booktitle={NeurIPS}

@inproceedings{oikarinen2023clip,
    title={{CLIP-Dissect: A}utomatic description of neuron representations in deep vision networks},
    author={Oikarinen, Tuomas and Weng, Tsui-Wei},
    booktitle={ICLR},
    year={2023}
}

@article{rajamanoharan2024improving,
    title={Improving dictionary learning with gated sparse autoencoders},
    author={Rajamanoharan, Senthooran and Conmy, Arthur and Smith, Lewis and Lieberum, Tom and Varma, Vikrant and Kram{\'a}r, J{\'a}nos and Shah, Rohin and Nanda, Neel},
    journal={arXiv preprint arXiv:2404.16014},
    year={2024}
}

@inproceedings{rao2024discover,
    title={Discover-then-name: {T}ask-agnostic concept bottlenecks via automated concept discovery},
    author={Rao, Sukrut and Mahajan, Sweta and B{\"o}hle, Moritz and Schiele, Bernt},
    booktitle={ECCV}

@article{sammani2024visualizing,
    author={Sammani, Fawaz and Joukovsky, Boris and Deligiannis, Nikos},
    journal={IEEE Transactions on Image Processing}, 
    title={Visualizing and Understanding Contrastive Learning}, 
    year={2024},
    volume={33},
    pages={541--555}
}

@article{surkov2024unpacking,
  title={Unpacking sdxl turbo: Interpreting text-to-image models with sparse autoencoders},
  author={Surkov, Viacheslav and Wendler, Chris and Terekhov, Mikhail and Deschenaux, Justin and West, Robert and Gulcehre, Caglar},
  journal={arXiv preprint arXiv:2410.22366},
  year={2024}
}

@inproceedings{zhao2024gradientbased,
    title={Gradient-based Visual Explanation for Transformer-based {CLIP}},
    author={Chenyang Zhao and Kun Wang and Xingyu Zeng and Rui Zhao and Antoni B. Chan},
    booktitle={ICML},
    year={2024}
}

@inproceedings{zhou2018interpretable,
    title={Interpretable basis decomposition for visual explanation},
    author={Zhou, Bolei and Sun, Yiyou and Bau, David and Torralba, Antonio},
    booktitle={ECCV}

