@inproceedings{radford2021learning,
    title={Learning transferable visual models from natural language supervision},
    author={Radford, Alec and Kim, Jong Wook and Hallacy, Chris and Ramesh, Aditya and Goh, Gabriel and Agarwal, Sandhini and Sastry, Girish and Askell, Amanda and Mishkin, Pamela and Clark, Jack and others},
    booktitle={ICML},
    @pages={8748--8763},
    year={2021}
}
@inproceedings{cherti2023reproducible,
    title={Reproducible scaling laws for contrastive language-image learning},
    author={Cherti, Mehdi and Beaumont, Romain and Wightman, Ross and Wortsman, Mitchell and Ilharco, Gabriel and Gordon, Cade and Schuhmann, Christoph and Schmidt, Ludwig and Jitsev, Jenia},
    booktitle={CVPR},
    @pages={2818--2829},
    year={2023}
}
@inproceedings{podell2024sdxl,
    title={{SDXL: I}mproving Latent Diffusion Models for High-Resolution Image Synthesis},
    author={Podell, Dustin and English, Zion and Lacey, Kyle and Blattmann, Andreas and Dockhorn, Tim and M{\"u}ller, Jonas and Penna, Joe and Rombach, Robin},
    booktitle={ICLR},
    year={2024}
}
@inproceedings{shen2022much,
    title={How Much Can {CLIP} Benefit Vision-and-Language Tasks?},
    author={Shen, Sheng and Li, Liunian Harold and Tan, Hao and Bansal, Mohit and Rohrbach, Anna and Chang, Kai-Wei and Yao, Zhewei and Keutzer, Kurt},
    booktitle={ICLR},
    year={2022}
}
@inproceedings{liu2023llava,
    title={Visual Instruction Tuning}, 
    author={Liu, Haotian and Li, Chunyuan and Wu, Qingyang and Lee, Yong Jae},
    booktitle={NeurIPS},
    year={2023}
}
@inproceedings{wang2023cogvlm,
    title={{CogVLM: V}isual Expert for Pretrained Language Models}, 
    author={Weihan Wang and Qingsong Lv and Wenmeng Yu and Wenyi Hong and Ji Qi and Yan Wang and Junhui Ji and Zhuoyi Yang and Lei Zhao and Xixuan Song and Jiazheng Xu and Bin Xu and Juanzi Li and Yuxiao Dong and Ming Ding and Jie Tang},
    year={2024},
    booktitle={NeurIPS}
}
@article{simonyan2013deep,
    title={Deep inside convolutional networks: {V}isualising image classification models and saliency maps},
    author={Simonyan, Karen},
    journal={arXiv preprint arXiv:1312.6034},
    year={2013}
}
@inproceedings{shrikumar2017not,
    title={Not just a black box: {L}earning important features through propagating activation differences},
    author={Shrikumar, Avanti and Greenside, Peyton and Shcherbina, Anna and Kundaje, Anshul},
    booktitle={ICML},
    year={2017}
}
@inproceedings{sundararajan2017axiomatic,
    title={Axiomatic attribution for deep networks},
    author={Sundararajan, Mukund and Taly, Ankur and Yan, Qiqi},
    booktitle={ICML},
    @pages={3319--3328},
    year={2017}
}
@inproceedings{selvaraju2017grad,
    title={{Grad-CAM: V}isual explanations from deep networks via gradient-based localization},
    author={Selvaraju, Ramprasaath R and Cogswell, Michael and Das, Abhishek and Vedantam, Ramakrishna and Parikh, Devi and Batra, Dhruv},
    booktitle={ICCV},
    @pages={618--626},
    year={2017}
}
@inproceedings{abnar2020quantifying,
    title={Quantifying attention flow in transformers},
    author={Abnar, Samira and Zuidema, Willem},
    booktitle={ACL},
    year={2020}
}
@inproceedings{ribeiro2016should,
    title={{``Why should I trust you?'': E}xplaining the predictions of any classifier},
    author={Ribeiro, Marco Tulio and Singh, Sameer and Guestrin, Carlos},
    booktitle={KDD},
    @pages={1135--1144},
    year={2016}
}
@inproceedings{zeiler2014visualizing,
    title={Visualizing and Understanding Convolutional Networks},
    author={Matthew D Zeiler and Rob Fergus},
    booktitle={ECCV},
    year={2014}
}
@inproceedings{lundberg2017unified,
    title={A unified approach to interpreting model predictions},
    author={Lundberg, Scott},
    booktitle={NeurIPS},
    year={2017}
}
@inproceedings{adebayo2018sanity,
    title={Sanity checks for saliency maps},
    author={Adebayo, Julius and Gilmer, Justin and Muelly, Michael and Goodfellow, Ian and Hardt, Moritz and Kim, Been},
    booktitle={NeurIPS},
    @volume={31},
    year={2018}
}
@inproceedings{ramaswamy2023overlooked,
    title={Overlooked Factors in Concept-Based Explanations: {D}ataset Choice, Concept Learnability, and Human Capability},
    author={Ramaswamy, Vikram V. and Kim, Sunnie S. Y. and Fong, Ruth and Russakovsky, Olga},
    booktitle={CVPR},
    @pages={10932--10941},
    year={2023},
    @doi={10.1109/CVPR52729.2023.01052}
}
@inproceedings{oikarinen2023labelfree,
    title={Label-free Concept Bottleneck Models},
    author={Tuomas Oikarinen and Subhro Das and Lam M. Nguyen and Tsui-Wei Weng},
    booktitle={ICLR},
    year={2023},
    @url={https://openreview.net/forum?id=FlCg47MNvBA}
}
@article{bereska2024mechanistic,
    title={Mechanistic Interpretability for {AI} Safety--{A} Review},
    author={Bereska, Leonard and Gavves, Efstratios},
    journal={Transactions on Machine Learning Research},
    year={2024}
}
@inproceedings{conmy2023towards,
    title={Towards automated circuit discovery for mechanistic interpretability},
    author={Conmy, Arthur and Mavor-Parker, Augustine and Lynch, Aengus and Heimersheim, Stefan and Garriga-Alonso, Adri{\`a}},
    booktitle={NeurIPS},
    @volume={36},
    @pages={16318--16352},
    year={2023}
}
@inproceedings{cunningham2024sparse,
    title={Sparse autoencoders find highly interpretable features in language models},
    author={Cunningham, Hoagy and Ewart, Aidan and Riggs, Logan and Huben, Robert and Sharkey, Lee},
    booktitle={ICLR},
    year={2024}
}
@inproceedings{kusupati2022matryoshka,
    title={Matryoshka representation learning},
    author={Kusupati, Aditya and Bhatt, Gantavya and Rege, Aniket and Wallingford, Matthew and Sinha, Aditya and Ramanujan, Vivek and Howard-Snyder, William and Chen, Kaifeng and Kakade, Sham and Jain, Prateek and others},
    booktitle={NeurIPS},
    @volume={35},
    @pages={30233--30249},
    year={2022}
}
@article{team2024gemma,
    title={Gemma 2: {I}mproving open language models at a practical size},
    author={Team Gemma and Google DeepMind},
    journal={arXiv preprint arXiv:2408.00118},
    year={2024}
}
@inproceedings{rao2024discover,
    title={Discover-then-name: {T}ask-agnostic concept bottlenecks via automated concept discovery},
    author={Rao, Sukrut and Mahajan, Sweta and B{\"o}hle, Moritz and Schiele, Bernt},
    booktitle={ECCV},
    @pages={444--461},
    year={2024}
}
@article{schuhmann2021laion,
    title={{PLAION-400M: O}pen Dataset of {CLIP}-Filtered 400 Million Image-Text Pairs},
    author={Schuhmann, Christoph and Vencu, Richard and Beaumont, Romain and Kaczmarczyk, Robert and Mullis, Clayton and Katta, Aarush and Coombes, Theo and Jitsev, Jenia and Komatsuzaki, Aran},
    journal={arXiv preprint arXiv:2111.02114},
    year={2021}
}
@inproceedings{li2024evaluating,
    title={Evaluating Concept-based Explanations of Language Models: {A} Study on Faithfulness and Readability},
    author={Li, Meng and Jin, Haoran and Huang, Ruixuan and Xu, Zhihao and Lian, Defu and Lin, Zijia and Zhang, Di and Wang, Xiting},
    booktitle={EMNLP},
    year={2024}
}
@inproceedings{kim2018interpretability,
    title={Interpretability beyond feature attribution: {Q}uantitative testing with concept activation vectors ({TCAV})},
    author={Kim, Been and Wattenberg, Martin and Gilmer, Justin and Cai, Carrie and Wexler, James and Viegas, Fernanda and others},
    booktitle={ICML},
    @pages={2668--2677},
    year={2018}
}
@inproceedings{zhou2018interpretable,
    title={Interpretable basis decomposition for visual explanation},
    author={Zhou, Bolei and Sun, Yiyou and Bau, David and Torralba, Antonio},
    booktitle={ECCV},
    @pages={119--134},
    year={2018}
}
@article{zhou2018interpreting,
    title={Interpreting deep visual representations via network dissection},
    author={Zhou, Bolei and Bau, David and Oliva, Aude and Torralba, Antonio},
    journal={IEEE Transactions on Pattern Analysis and Machine Intelligence},
    volume={41},
    number={9},
    pages={2131--2145},
    year={2018}
}
@inproceedings{ghorbani2019towards,
    title={Towards automatic concept-based explanations},
    author={Ghorbani, Amirata and Wexler, James and Zou, James Y and Kim, Been},
    booktitle={NeurIPS},
    year={2019}
}
@inproceedings{yeh2020completeness,
    title={On completeness-aware concept-based explanations in deep neural networks},
    author={Yeh, Chih-Kuan and Kim, Been and Arik, Sercan and Li, Chun-Liang and Pfister, Tomas and Ravikumar, Pradeep},
    booktitle={NeurIPS},
    year={2020}
}
@inproceedings{koh2020concept,
    title={Concept bottleneck models},
    author={Koh, Pang Wei and Nguyen, Thao and Tang, Yew Siang and Mussmann, Stephen and Pierson, Emma and Kim, Been and Liang, Percy},
    booktitle={ICML},
    year={2020}
}
@inproceedings{espinosa2022concept,
    title={Concept embedding models: {B}eyond the accuracy-explainability trade-off},
    author={Espinosa Zarlenga, Mateo and Barbiero, Pietro and Ciravegna, Gabriele and Marra, Giuseppe and Giannini, Francesco and Diligenti, Michelangelo and Shams, Zohreh and Precioso, Frederic and Melacci, Stefano and Weller, Adrian and others},
    booktitle={NeurIPS},
    @volume={35},
    @pages={21400--21413},
    year={2022}
}
@inproceedings{liu2020part,
    title={Part-aware prototype network for few-shot semantic segmentation},
    author={Liu, Yongfei and Zhang, Xiangyi and Zhang, Songyang and He, Xuming},
    booktitle={ECCV},
    @pages={142--158},
    year={2020}
}
@inproceedings{madeira2023zebra,
    title={{ZEBRA: E}xplaining rare cases through outlying interpretable concepts},
    author={Madeira, Pedro and Carreiro, Andr{\'e} and Gaudio, Alex and Rosado, Lu{\'\i}s and Soares, Filipe and Smailagic, Asim},
    booktitle={CVPR},
    @pages={3782--3788},
    year={2023}
}

@inproceedings{misino2022vael,
    title={{VAEL: B}ridging variational autoencoders and probabilistic logic programming},
    author={Misino, Eleonora and Marra, Giuseppe and Sansone, Emanuele},
    booktitle={NeurIPS},
    @volume={35},
    @pages={4667--4679},
    year={2022}
}
@inproceedings{lucieri2020interpretability,
    title={On interpretability of deep learning based skin lesion classifiers using concept activation vectors},
    author={Lucieri, Adriano and Bajwa, Muhammad Naseer and Braun, Stephan Alexander and Malik, Muhammad Imran and Dengel, Andreas and Ahmed, Sheraz},
    booktitle={IJCNN},
    @pages={1--10},
    year={2020}
}
@article{chen2020concept,
    title={Concept whitening for interpretable image recognition},
    author={Chen, Zhi and Bei, Yijie and Rudin, Cynthia},
    journal={Nature Machine Intelligence},
    volume={2},
    number={12},
    pages={772--782},
    year={2020}
}
@misc{bills2023language,
    title={Language models can explain neurons in language models},
    author={
    Bills, Steven and Cammarata, Nick and Mossing, Dan and Tillman, Henk and Gao, Leo and Goh, Gabriel and Sutskever, Ilya and Leike, Jan and Wu, Jeff and Saunders, William
    },
    year={2023},
    month={May},
    howpublished = {\url{https://openaipublic.blob.core.windows.net/neuron-explainer/paper/index.html}}
}
@inproceedings{hernandez2021natural,
    title={Natural language descriptions of deep visual features},
    author={Hernandez, Evan and Schwettmann, Sarah and Bau, David and Bagashvili, Teona and Torralba, Antonio and Andreas, Jacob},
    booktitle={ICLR},
    year={2021}
}
@article{zou2023representation,
    title={Representation engineering: {A} top-down approach to {AI} transparency},
    author={Zou, Andy and Phan, Long and Chen, Sarah and Campbell, James and Guo, Phillip and Ren, Richard and Pan, Alexander and Yin, Xuwang and Mazeika, Mantas and Dombrowski, Ann-Kathrin and others},
    journal={arXiv preprint arXiv:2310.01405},
    year={2023}
}
@misc{bricken2023monosemanticity,
    title={Towards Monosemanticity: Decomposing Language Models With Dictionary Learning},
    author={Bricken, Trenton and Templeton, Adly and Batson, Joshua and Chen, Brian and Jermyn, Adam and Conerly, Tom and Turner, Nicholas L. and Anil, Cem and Denison, Carson and Askell, Amanda and Lasenby, Robert and Wu, Yifan and Kravec, Shauna and Schiefer, Nicholas and Maxwell, Tim and Joseph, Nicholas and Tamkin, Alex and Nguyen, Karina and McLean, Brayden and Burke, Josiah E. and Hume, Tristan and Carter, Shan and Henighan, Tom and Olah, Chris},
    year={2023},
    howpublished={\url{https://transformer-circuits.pub/2023/monosemantic-features/index.html}},
    note={Transformer Circuits Thread},
    month={October}
}
@article{rajamanoharan2024improving,
    title={Improving dictionary learning with gated sparse autoencoders},
    author={Rajamanoharan, Senthooran and Conmy, Arthur and Smith, Lewis and Lieberum, Tom and Varma, Vikrant and Kram{\'a}r, J{\'a}nos and Shah, Rohin and Nanda, Neel},
    journal={arXiv preprint arXiv:2404.16014},
    year={2024}
}
@article{rajamanoharan2024jumping,
    title={Jumping Ahead: {I}mproving Reconstruction Fidelity with {JumpReLU} Sparse Autoencoders},
    author={Rajamanoharan, Senthooran and Lieberum, Tom and Sonnerat, Nicolas and Conmy, Arthur and Varma, Vikrant and Kram{\'a}r, J{\'a}nos and Nanda, Neel},
    journal={arXiv preprint arXiv:2407.14435},
    year={2024}
}
@misc{adly2024interpretability,
    title={Interpretability Evals Case Study},
    author={Adly Templeton, Tom Conerly, Jack Lindsey, Hoagy Cunningham, Andrew Persic},
    year={2024},
    howpublished={\url{https://transformer-circuits.pub/2024/august-update/index.html}},
    note={Transformer Circuits Thread},
    month={August}
}
@misc{adly2024scaling,
    title={Scaling Monosemanticity: Extracting Interpretable Features from {Claude} 3 {Sonnet}},
    author={Adly Templeton and Tom Conerly and Jonathan Marcus and Jack Lindsey and Trenton Bricken and Brian Chen and Adam Pearce and Craig Citro and Emmanuel Ameisen and Andy Jones and Hoagy Cunningham and Nicholas L Turner and Callum McDougall and Monte MacDiarmid and Alex Tamkin and Esin Durmus and Tristan Hume and Francesco Mosconi and C. Daniel Freeman and Theodore R. Sumers and Edward Rees and Joshua Batson and Adam Jermyn and Shan Carter and Chris Olah and Tom Henighan},
    year={2024},
    howpublished={\url{https://transformer-circuits.pub/2024/scaling-monosemanticity/index.html}},
    note={Transformer Circuits Thread},
    month={May}
}
@article{gao2024scaling,
    title={Scaling and evaluating sparse autoencoders},
    author={Gao, Leo and la Tour, Tom Dupr{\'e} and Tillman, Henk and Goh, Gabriel and Troll, Rajan and Radford, Alec and Sutskever, Ilya and Leike, Jan and Wu, Jeffrey},
    journal={arXiv preprint arXiv:2406.04093},
    year={2024}
}
@article{gorton2024missing,
    title={The Missing Curve Detectors of {InceptionV1}: {A}pplying Sparse Autoencoders to {InceptionV1} Early Vision},
    author={Gorton, Liv},
    journal={arXiv preprint arXiv:2406.03662},
    year={2024}
}
@article{surkov2024unpacking,
  title={Unpacking sdxl turbo: Interpreting text-to-image models with sparse autoencoders},
  author={Surkov, Viacheslav and Wendler, Chris and Terekhov, Mikhail and Deschenaux, Justin and West, Robert and Gulcehre, Caglar},
  journal={arXiv preprint arXiv:2410.22366},
  year={2024}
}
@article{le2024interpretability,
    title={Interpretability analysis on a pathology foundation model reveals biologically relevant embeddings across modalities},
    author={Le, Nhat and Shen, Ciyue and Shah, Chintan and Martin, Blake and Shenker, Daniel and Padigela, Harshith and Hipp, Jennifer and Grullon, Sean and Abel, John and Pokkalla, Harsha Vardhan and others},
    journal={arXiv preprint arXiv:2407.10785},
    year={2024}
}
@article{abdulaal2024x,
    title={An X-Ray Is Worth 15 Features: Sparse Autoencoders for Interpretable Radiology Report Generation},
    author={Abdulaal, Ahmed and Fry, Hugo and Monta{\~n}a-Brown, Nina and Ijishakin, Ayodeji and Gao, Jack and Hyland, Stephanie and Alexander, Daniel C and Castro, Daniel C},
    journal={arXiv preprint arXiv:2410.03334},
    year={2024}
}
@inproceedings{balasubramanian2024decomposing,
    title={Decomposing and interpreting image representations via text in {ViTs} beyond {CLIP}},
    author={Balasubramanian, Sriram and Basu, Samyadeep and Feizi, Soheil},
    booktitle={NeurIPS},
    year={2024}
}
@article{madasu2024quantifying,
    title={Quantifying and Enabling the Interpretability of {CLIP}-like Models},
    author={Madasu, Avinash and Gandelsman, Yossi and Lal, Vasudev and Howard, Phillip},
    journal={arXiv preprint arXiv:2409.06579},
    year={2024}
}
@inproceedings{gandelsman2024interpreting,
    title={Interpreting {CLIP}'s Image Representation via Text-Based Decomposition},
    author={Gandelsman, Yossi and Efros, Alexei A and Steinhardt, Jacob},
    booktitle={ICLR},
    year={2024}
}
@article{li2022exploring,
      title={Exploring visual interpretability for contrastive language-image pre-training},
      author={Li, Yi and Wang, Hualiang and Duan, Yiqun and Xu, Hang and Li, Xiaomeng},
      journal={arXiv preprint arXiv:2209.07046},
      year={2022}
}
@article{goh2021multimodal,
    title={Multimodal neurons in artificial neural networks},
    author={Goh, Gabriel and Cammarata, Nick and Voss, Chelsea and Carter, Shan and Petrov, Michael and Schubert, Ludwig and Radford, Alec and Olah, Chris},
    journal={Distill},
    volume={6},
    number={3},
    pages={e30},
    year={2021}
}
@inproceedings{jain2022distilling,
    title={Distilling model failures as directions in latent space},
    author={Jain, Saachi and Lawrence, Hannah and Moitra, Ankur and Madry, Aleksander},
    booktitle={ICLR},
    year={2023}
}
@inproceedings{oikarinen2023clip,
    title={{CLIP-Dissect: A}utomatic description of neuron representations in deep vision networks},
    author={Oikarinen, Tuomas and Weng, Tsui-Wei},
    booktitle={ICLR},
    year={2023}
}
@article{crabbeinterpreting,
    title={Interpreting {CLIP}: Insights on the Robustness to ImageNet Distribution Shifts},
    author={Jonathan Crabb{\'e} and Pau Rodriguez and Vaishaal Shankar and Luca Zappella and Arno Blaas},
    journal={Transactions on Machine Learning Research},
    issn={2835-8856},
    year={2024}
}
@misc{jack2024sparse,
    title={Sparse Crosscoders for Cross-Layer Features and Model Diffing},
    author={Jack Lindsey and Adly Templeton and Jonathan Marcus and Thomas Conerly and Joshua Batson and Christopher Olah},
    year={2024},
    howpublished={\url{https://transformer-circuits.pub/2024/crosscoders/index.html}},
    note={Transformer Circuits Thread},
    month={October}
}
@inproceedings{makhzani2013k,
    title={k-{S}parse Autoencoders},
    author={Makhzani, Alireza and Frey, Brendan},
    booktitle={ICLR},
    year={2014}
}
@article{bussmann2024batchtopk,
    title={{BatchTopK} Sparse Autoencoders},
    author={Bussmann, Bart and Leask, Patrick and Nanda, Neel},
    journal={arXiv preprint arXiv:2412.06410},
    year={2024}
}
@inproceedings{ma2024fine,
    title={Fine-tuning {Llama} for multi-stage text retrieval},
    author={Ma, Xueguang and Wang, Liang and Yang, Nan and Wei, Furu and Lin, Jimmy},
    booktitle={SIGIR},
    @pages={2421--2425},
    year={2024}
}
@article{sturua2024jina,
  title={jina-embeddings-v3: Multilingual embeddings with task lora},
  author={Sturua, Saba and Mohr, Isabelle and Akram, Mohammad Kalim and G{\"u}nther, Michael and Wang, Bo and Krimmel, Markus and Wang, Feng and Mastrapas, Georgios and Koukounas, Andreas and Wang, Nan and others},
  journal={arXiv preprint arXiv:2409.10173},
  year={2024}
}
@inproceedings{bhalla2402interpreting,
    title={Interpreting {CLIP} with Sparse Linear Concept Embeddings ({SpLiCE})},
    author={Usha Bhalla and Alex Oesterling and Suraj Srinivas and Flavio Calmon and Himabindu Lakkaraju},
    booktitle={NeurIPS},
    year={2024}
}
@inproceedings{sharma2018conceptual,
    title={Conceptual Captions: {A} Cleaned, Hypernymed, Image Alt-text Dataset For Automatic Image Captioning},
    author={Sharma, Piyush and Ding, Nan and Goodman, Sebastian and Soricut, Radu},
    booktitle={ACL},
    @pages={2556--2565},
    year={2018}
}
@article{russakovsky2015imagenet,
    title={{ImageNet} large scale visual recognition challenge},
    author={Russakovsky, Olga and Deng, Jia and Su, Hao and Krause, Jonathan and Satheesh, Sanjeev and Ma, Sean and Huang, Zhiheng and Karpathy, Andrej and Khosla, Aditya and Bernstein, Michael and others},
    journal={International Journal of Computer Vision},
    volume={115},
    pages={211--252},
    year={2015}
}
@inproceedings{huh2024platonic,
    title={The platonic representation hypothesis},
    author={Huh, Minyoung and Cheung, Brian and Wang, Tongzhou and Isola, Phillip},
    booktitle={ICML},
    year={2024}
}
@article{skodras2001jpeg,
    title={The {JPEG} 2000 still image compression standard},
    author={Skodras, Athanassios and Christopoulos, Charilaos and Ebrahimi, Touradj},
    journal={IEEE Signal processing magazine},
    volume={18},
    number={5},
    pages={36--58},
    year={2001}
}
@inproceedings{liu2015faceattributes,
    title = {Deep Learning Face Attributes in the Wild},
    author = {Liu, Ziwei and Luo, Ping and Wang, Xiaogang and Tang, Xiaoou},
    booktitle = {ICCV},
    year = {2015} 
}
@misc{tom2024update,
    title={Update on how we train SAEs},
    author={Tom Conerly, Adly Templeton, Trenton Bricken, Jonathan Marcus, Tom Henighan},
    year={2024},
    howpublished={\url{https://transformer-circuits.pub/2024/april-update/index.html}},
    note={Transformer Circuits Thread},
    month={April}
}
@article{zhou2017places,
    title={Places: A 10 million image database for scene recognition},
    author={Zhou, Bolei and Lapedriza, Agata and Khosla, Aditya and Oliva, Aude and Torralba, Antonio},
    journal={IEEE Transactions on Pattern Analysis and Machine Intelligence},
    volume={40},
    number={6},
    pages={1452--1464},
    year={2017}
}
@inproceedings{chanin2024absorption,
    title={A is for Absorption: {S}tudying Feature Splitting and Absorption in Sparse Autoencoders},
    author={Chanin, David and Wilken-Smith, James and Dulka, Tom{\'a}{\v{s}} and Bhatnagar, Hardik and Bloom, Joseph},
    booktitle={ICLR},
    year={2025}
}
@article{lieberum2024gemma,
    title={Gemma {S}cope: Open sparse autoencoders everywhere all at once on {Gemma} 2},
    author={Lieberum, Tom and Rajamanoharan, Senthooran and Conmy, Arthur and Smith, Lewis and Sonnerat, Nicolas and Varma, Vikrant and Kram{\'a}r, J{\'a}nos and Dragan, Anca and Shah, Rohin and Nanda, Neel},
    journal={arXiv preprint arXiv:2408.05147},
    year={2024}
}
@inproceedings{yu2025repa,
  title={Representation Alignment for Generation: Training Diffusion Transformers Is Easier Than You Think},
  author={Sihyun Yu and Sangkyung Kwak and Huiwon Jang and Jongheon Jeong and Jonathan Huang and Jinwoo Shin and Saining Xie},
  year={2025},
  booktitle={ICLR},
}
@inproceedings{zhai2023sigmoid,
  title={Sigmoid loss for language image pre-training},
  author={Zhai, Xiaohua and Mustafa, Basil and Kolesnikov, Alexander and Beyer, Lucas},
  booktitle={ICCV},
  year={2023}
}

@inproceedings{zhao2024gradientbased,
    title={Gradient-based Visual Explanation for Transformer-based {CLIP}},
    author={Chenyang Zhao and Kun Wang and Xingyu Zeng and Rui Zhao and Antoni B. Chan},
    booktitle={ICML},
    year={2024}
}

@inproceedings{joukovsky2023model,
    author={Joukovsky, Boris and Sammani, Fawaz and Deligiannis, Nikos},
    booktitle={ICIP}, 
    title={Model-Agnostic Visual Explanations via Approximate Bilinear Models}, 
    year={2023},
}

@article{sammani2024visualizing,
    author={Sammani, Fawaz and Joukovsky, Boris and Deligiannis, Nikos},
    journal={IEEE Transactions on Image Processing}, 
    title={Visualizing and Understanding Contrastive Learning}, 
    year={2024},
    volume={33},
    pages={541--555}
}

@inproceedings{kornblith2019similarity,
  title={Similarity of neural network representations revisited},
  author={Kornblith, Simon and Norouzi, Mohammad and Lee, Honglak and Hinton, Geoffrey},
  booktitle={ICML},
  year={2019},
}


@misc{nabeshima2024matryoshka,
    title={Matryoshka Sparse Autoencoders},
    author={Noa Nabeshima},
    year={2024},
    howpublished={\url{https://www.alignmentforum.org/posts/zbebxYCqsryPALh8C/matryoshka-sparse-autoencoders}},
    note={AI Alignment Forum},
    month={December}
}

@misc{bussman2024learning,
    title={Learning Multi-Level Features with Matryoshka SAEs},
    author={Bart Bussmann and Patrick Leask and Neel Nanda},
    year={2024},
    howpublished={\url{https://www.alignmentforum.org/posts/rKM9b6B2LqwSB5ToN/learning-multi-level-features-with-matryoshka-saes}},
    note={AI Alignment Forum},
    month={December}
}