% Use this file for citations not found in the ACL Anthology (contained in "anthology.bib").

@inproceedings{eskelinen2023toxicity,
  title={Toxicity Detection in {Finnish} Using Machine Translation},
  author={Anni {Eskelinen} and Laura {Silvala} and Filip {Ginter} and Sampo {Pyysalo} and Veronika {Laippala}},
  booktitle={The 24rd Nordic Conference on Computational Linguistics (NoDaLiDa 2023)},
  year={2023},
  url={https://openreview.net/forum?id=X5DCw7mXz4}
}

@misc{wei2024zeroshot,
  title={{ChatIE}: Zero-Shot Information Extraction via Chatting with {ChatGPT}}, 
  author={Xiang {Wei} and Xingyu {Cui} and Ning {Cheng} and Xiaobin {Wang} and Xin {Zhang} and Shen {Huang} and Pengjun {Xie} and Jinan {Xu} and Yufeng {Chen} and Meishan {Zhang} and Yong {Jiang} and Wenjuan {Han}},
  year={2024},
  eprint={2302.10205},
  archivePrefix={arXiv},
  primaryClass={cs.CL}
}

@misc{polak2023extracting,
  title={Extracting Accurate Materials Data from Research Papers with Conversational Language Models and Prompt Engineering}, 
  author={Maciej P. {Polak} and Dane {Morgan}},
  year={2023},
  eprint={2303.05352},
  archivePrefix={arXiv},
  primaryClass={cs.CL}
}

@article{ehrmann2023named,
  title={Named Entity Recognition and Classification in Historical Documents: A Survey},
  author={Maud {Ehrmann} and Ahmed {Hamdi} and Elvys Linhares {Pontes} and Matteo {Romanello} and Antoine {Doucet}},
  journal={ACM Computing Surveys},
  volume={56},
  number={2},
  pages={1--47},
  year={2023},
  publisher={ACM New York, NY}
}

@inproceedings{beelen2021time,
  title={When Time Makes Sense: A Historically-Aware Approach to Targeted Sense Disambiguation},
  author={Kaspar {Beelen} and Federico {Nanni} and Mariona Coll {Ardanuy} and Kasra {Hosseini} and Giorgia {Tolfo} and Barbara {McGillivray}},
  booktitle={Findings of the Association for Computational Linguistics: ACL-IJCNLP 2021},
  pages={2751--2761},
  year={2021}
}

@article{hripcsak2005agreement,
  title={Agreement, the F-Measure, and Reliability in Information Retrieval},
  author={George {Hripcsak} and Adam S. {Rothschild}},
  journal={Journal of the American Medical Informatics Association},
  volume={12},
  number={3},
  pages={296--298},
  year={2005},
  doi={https://doi.org/10.1197/jamia.M1733}
}

@article{loehr2017newly,
  title={Newly Digitized Database Reveals the Lives and Families of Forced Migrants from {Finnish} {K}arelia},
  author={John Alan {Loehr} and Robert {Lynch} and Johanna {Mappes} and Tuomas {Salmi} and Jenni {Pettay} and Virpi {Lummaa}},
  journal={{Finnish} Yearbook of Population Research},
  year={2017}
}

@article{kuratov2024search,
  title={In Search of Needles in a 10M Haystack: Recurrent Memory Finds What LLMs Miss},
  author={Yuri {Kuratov} and Aydar {Bulatov} and Petr {Anokhin} and Dmitry {Sorokin} and Artyom {Sorokin} and Mikhail {Burtsev}},
  journal={arXiv preprint arXiv:2402.10790},
  year={2024}
}

@article{touvron2023llama,
  title={Llama 2: Open Foundation and Fine-Tuned Chat Models},
  author={Hugo {Touvron} and Louis {Martin} and Kevin {Stone} and Peter {Albert} and Amjad {Almahairi} and Yasmine {Babaei} and Nikolay {Bashlykov} and Soumya {Batra} and Prajjwal {Bhargava} and Shruti {Bhosale} and others},
  journal={arXiv preprint arXiv:2307.09288},
  year={2023}
}

@article{tunstall2023zephyr,
  title={Zephyr: Direct Distillation of LM Alignment},
  author={Lewis {Tunstall} and Edward {Beeching} and Nathan {Lambert} and Nazneen {Rajani} and Kashif {Rasul} and Younes {Belkada} and Shengyi {Huang} and Leandro von {Werra} and Cl{\'e}mentine {Fourrier} and Nathan {Habib} and others},
  journal={arXiv preprint arXiv:2310.16944},
  year={2023}
}

@article{jiang2024mixtral,
  title={Mixtral of Experts},
  author={Albert Q. {Jiang} and Alexandre {Sablayrolles} and Antoine {Roux} and Arthur {Mensch} and Blanche {Savary} and Chris {Bamford} and Devendra Singh {Chaplot} and Diego de las {Casas} and Emma Bou {Hanna} and Florian {Bressand} and others},
  journal={arXiv preprint arXiv:2401.04088},
  year={2024}
}

@article{qwen,
  title={Qwen Technical Report},
  author={Jinze {Bai} and Shuai {Bai} and Yunfei {Chu} and Zeyu {Cui} and Kai {Dang} and Xiaodong {Deng} and Yang {Fan} and Wenbin {Ge} and Yu {Han} and Fei {Huang} and Binyuan {Hui} and Luo {Ji} and Mei {Li} and Junyang {Lin} and Runji {Lin} and Dayiheng {Liu} and Gao {Liu} and Chengqiang {Lu} and Keming {Lu} and Jianxin {Ma} and Rui {Men} and Xingzhang {Ren} and Xuancheng {Ren} and Chuanqi {Tan} and Sinan {Tan} and Jianhong {Tu} and Peng {Wang} and Shijie {Wang} and Wei {Wang} and Shengguang {Wu} and Benfeng {Xu} and Jin {Xu} and An {Yang} and Hao {Yang} and Jian {Yang} and Shusheng {Yang} and Yang {Yao} and Bowen {Yu} and Hongyi {Yuan} and Zheng {Yuan} and Jianwei {Zhang} and Xingxuan {Zhang} and Yichang {Zhang} and Zhenru {Zhang} and Chang {Zhou} and Jingren {Zhou} and Xiaohuan {Zhou} and Tianhang {Zhu}},
  journal={arXiv preprint arXiv:2309.16609},
  year={2023}
}

@article{jiang2023mistral,
  title={Mistral 7B},
  author={Albert Q. {Jiang} and Alexandre {Sablayrolles} and Arthur {Mensch} and Chris {Bamford} and Devendra Singh {Chaplot} and Diego de las {Casas} and Florian {Bressand} and Gianna {Lengyel} and Guillaume {Lample} and Lucile {Saulnier} and others},
  journal={arXiv preprint arXiv:2310.06825},
  year={2023}
}

@misc{llama3modelcard,
  title={Llama 3 Model Card},
  author={AI@Meta},
  year={2024},
  url={https://github.com/meta-llama/llama3/blob/main/MODEL_CARD.md}
}

@article{brown2020language,
  title={Language Models are Few-Shot Learners},
  author={Tom {Brown} and Benjamin {Mann} and Nick {Ryder} and Melanie {Subbiah} and Jared D. {Kaplan} and Prafulla {Dhariwal} and Arvind {Neelakantan} and Pranav {Shyam} and Girish {Sastry} and Amanda {Askell} and others},
  journal={Advances in Neural Information Processing Systems},
  volume={33},
  pages={1877--1901},
  year={2020}
}

@article{achiam2023gpt,
  title={{GPT-4} Technical Report},
  author={Josh {Achiam} and Steven {Adler} and Sandhini {Agarwal} and Lama {Ahmad} and Ilge {Akkaya} and Florencia Leoni {Aleman} and Diogo {Almeida} and Janko {Altenschmidt} and Sam {Altman} and Shyamal {Anadkat} and others},
  journal={arXiv preprint arXiv:2303.08774},
  year={2023}
}

@misc{virtanen2019multilingual,
  title={Multilingual is Not Enough: {BERT} for {Finnish}}, 
  author={Antti {Virtanen} and Jenna {Kanerva} and Rami {Ilo} and Jouni {Luoma} and Juhani {Luotolahti} and Tapio {Salakoski} and Filip {Ginter} and Sampo {Pyysalo}},
  year={2019},
  eprint={1912.07076},
  archivePrefix={arXiv},
  primaryClass={cs.CL}
}

@article{siirtokarjalaisetbook,
  title={Siirtokarjalaisten Tie},
  author={Anon},
  journal={Turku, Finland: Nyky-Karjala},
  year={1970}
}

@inproceedings{qin-etal-2023-chatgpt,
  title={Is {ChatGPT} a General-Purpose Natural Language Processing Task Solver?},
  author={Chengwei {Qin} and Aston {Zhang} and Zhuosheng {Zhang} and Jiaao {Chen} and Michihiro {Yasunaga} and Diyi {Yang}},
  editor={Houda {Bouamor} and Juan {Pino} and Kalika {Bali}},
  booktitle={Proceedings of the 2023 Conference on Empirical Methods in Natural Language Processing},
  month={dec},
  year={2023},
  address={Singapore},
  publisher={Association for Computational Linguistics},
  url={https://aclanthology.org/2023.emnlp-main.85},
  doi={10.18653/v1/2023.emnlp-main.85},
  pages={1339--1384}
}

@inproceedings{abaskohi-etal-2024-benchmarking-large,
  title={Benchmarking Large Language Models for {Persian}: A Preliminary Study Focusing on {ChatGPT}},
  author={Amirhossein {Abaskohi} and Sara {Baruni} and Mostafa {Masoudi} and Nesa {Abbasi} and Mohammad Hadi {Babalou} and Ali {Edalat} and Sepehr {Kamahi} and Samin {Mahdizadeh Sani} and Nikoo {Naghavian} and Danial {Namazifard} and Pouya {Sadeghi} and Yadollah {Yaghoobzadeh}},
  editor={Nicoletta {Calzolari} and Min-Yen {Kan} and Veronique {Hoste} and Alessandro {Lenci} and Sakriani {Sakti} and Nianwen {Xue}},
  booktitle={Proceedings of the 2024 Joint International Conference on Computational Linguistics, Language Resources and Evaluation (LREC-COLING 2024)},
  month={may},
  year={2024},
  address={Torino, Italia},
  publisher={ELRA and ICCL},
  url={https://aclanthology.org/2024.lrec-main.197},
  pages={2189--2203}
}

@inproceedings{debess-etal-2024-good-bad,
  title={Good or Bad News? {E}xploring {GPT}-4 for Sentiment Analysis for {Faroese} on a Public News Corpora},
  author={Iben Nyholm {Debess} and Annika {Simonsen} and Hafsteinn {Einarsson}},
  editor={Nicoletta {Calzolari} and Min-Yen {Kan} and Veronique {Hoste} and Alessandro {Lenci} and Sakriani {Sakti} and Nianwen {Xue}},
  booktitle={Proceedings of the 2024 Joint International Conference on Computational Linguistics, Language Resources and Evaluation (LREC-COLING 2024)},
  month={may},
  year={2024},
  address={Torino, Italia},
  publisher={ELRA and ICCL},
  url={https://aclanthology.org/2024.lrec-main.690},
  pages={7814--7824}
}

@misc{tornberg2023chatgpt4,
  title={{ChatGPT-4} Outperforms Experts and Crowd Workers in Annotating Political {Twitter} Messages with Zero-Shot Learning}, 
  author={Petter {T{\"o}rnberg}},
  year={2023},
  eprint={2304.06588},
  archivePrefix={arXiv},
  primaryClass={cs.CL}
}

@article{gilardi2023chatgpt,
  title={{ChatGPT} Outperforms Crowd Workers for Text-Annotation Tasks},
  author={Fabrizio {Gilardi} and Meysam {Alizadeh} and Ma{\"e}l {Kubli}},
  journal={Proceedings of the National Academy of Sciences},
  volume={120},
  number={30},
  pages={e2305016120},
  year={2023},
  publisher={National Acad Sciences}
}

@inproceedings{aguda-etal-2024-large-language,
  title={Large Language Models as Financial Data Annotators: A Study on Effectiveness and Efficiency},
  author={Toyin D. {Aguda} and Suchetha {Siddagangappa} and Elena {Kochkina} and Simerjot {Kaur} and Dongsheng {Wang} and Charese {Smiley}},
  editor={Nicoletta {Calzolari} and Min-Yen {Kan} and Veronique {Hoste} and Alessandro {Lenci} and Sakriani {Sakti} and Nianwen {Xue}},
  booktitle={Proceedings of the 2024 Joint International Conference on Computational Linguistics, Language Resources and Evaluation (LREC-COLING 2024)},
  month={may},
  year={2024},
  address={Torino, Italia},
  publisher={ELRA and ICCL},
  url={https://aclanthology.org/2024.lrec-main.885},
  pages={10124--10145}
}

@inproceedings{edwards-camacho-collados-2024-language-models,
  title={Language Models for Text Classification: Is In-Context Learning Enough?},
  author={Aleksandra {Edwards} and Jose {Camacho-Collados}},
  editor={Nicoletta {Calzolari} and Min-Yen {Kan} and Veronique {Hoste} and Alessandro {Lenci} and Sakriani {Sakti} and Nianwen {Xue}},
  booktitle={Proceedings of the 2024 Joint International Conference on Computational Linguistics, Language Resources and Evaluation (LREC-COLING 2024)},
  month={may},
  year={2024},
  address={Torino, Italia},
  publisher={ELRA and ICCL},
  url={https://aclanthology.org/2024.lrec-main.879},
  pages={10058--10072}
}

@inproceedings{koneru-etal-2024-large-language,
  title={Can Large Language Models Discern Evidence for Scientific Hypotheses? {C}ase Studies in the Social Sciences},
  author={Sai {Koneru} and Jian {Wu} and Sarah {Rajtmajer}},
  editor={Nicoletta {Calzolari} and Min-Yen {Kan} and Veronique {Hoste} and Alessandro {Lenci} and Sakriani {Sakti} and Nianwen {Xue}},
  booktitle={Proceedings of the 2024 Joint International Conference on Computational Linguistics, Language Resources and Evaluation (LREC-COLING 2024)},
  month={may},
  year={2024},
  address={Torino, Italia},
  publisher={ELRA and ICCL},
  url={https://aclanthology.org/2024.lrec-main.248},
  pages={2787--2797}
}

@inproceedings{tarkka-etal-2024-automated,
  title={Automated Emotion Annotation of {Finnish} Parliamentary Speeches Using {GPT}-4},
  author={Otto {Tarkka} and Jaakko {Koljonen} and Markus {Korhonen} and Juuso {Laine} and Kristian {Martiskainen} and Kimmo {Elo} and Veronika {Laippala}},
  editor={Darja {Fiser} and Maria {Eskevich} and David {Bordon}},
  booktitle={Proceedings of the IV Workshop on Creating, Analysing, and Increasing Accessibility of Parliamentary Corpora (ParlaCLARIN) @ LREC-COLING 2024},
  month={may},
  year={2024},
  address={Torino, Italia},
  publisher={ELRA and ICCL},
  url={https://aclanthology.org/2024.parlaclarin-1.11},
  pages={70--76}
}

@inproceedings{devlin-etal-2019-bert,
  title={{BERT}: Pre-Training of Deep Bidirectional Transformers for Language Understanding},
  author={Jacob {Devlin} and Ming-Wei {Chang} and Kenton {Lee} and Kristina {Toutanova}},
  editor={Jill {Burstein} and Christy {Doran} and Thamar {Solorio}},
  booktitle={Proceedings of the 2019 Conference of the North American Chapter of the Association for Computational Linguistics: Human Language Technologies, Volume 1 (Long and Short Papers)},
  month={jun},
  year={2019},
  address={Minneapolis, Minnesota},
  publisher={Association for Computational Linguistics},
  url={https://aclanthology.org/N19-1423},
  doi={10.18653/v1/N19-1423},
  pages={4171--4186}
}

