
%% RW-25

@inproceedings{lee2022unboxing,
  title={The unboxing experience: Exploration and design of initial interactions between children and social robots},
  author={Lee, Christine P and Cagiltay, Bengisu and Mutlu, Bilge},
  booktitle={Proceedings of the 2022 CHI conference on human factors in computing systems},
  pages={1--14},
  year={2022}
}

@inproceedings{kim2024understanding,
  title={Understanding large-language model (llm)-powered human-robot interaction},
  author={Kim, Callie Y and Lee, Christine P and Mutlu, Bilge},
  booktitle={Proceedings of the 2024 ACM/IEEE International Conference on Human-Robot Interaction},
  pages={371--380},
  year={2024}
}

@inproceedings{wang2022informing,
  title={Informing age-appropriate ai: Examining principles and practices of ai for children},
  author={Wang, Ge and Zhao, Jun and Van Kleek, Max and Shadbolt, Nigel},
  booktitle={Proceedings of the 2022 CHI Conference on Human Factors in Computing Systems},
  pages={1--29},
  year={2022}
}

@article{yu2024exploring,
  title={Exploring Parent-Child Perceptions on Safety in Generative AI: Concerns, Mitigation Strategies, and Design Implications},
  author={Yu, Yaman and Sharma, Tanusree and Hu, Melinda and Wang, Justin and Wang, Yang},
  journal={arXiv preprint arXiv:2406.10461},
  year={2024}
}

@article{claessens2014academic,
  title={Academic content, student learning, and the persistence of preschool effects},
  author={Claessens, Amy and Engel, Mimi and Curran, F Chris},
  journal={American Educational Research Journal},
  volume={51},
  number={2},
  pages={403--434},
  year={2014},
  publisher={Sage Publications Sage CA: Los Angeles, CA}
}

@article{weiland2013impacts,
  title={Impacts of a prekindergarten program on children's mathematics, language, literacy, executive function, and emotional skills},
  author={Weiland, Christina and Yoshikawa, Hirokazu},
  journal={Child development},
  volume={84},
  number={6},
  pages={2112--2130},
  year={2013},
  publisher={Wiley Online Library}
}

@article{korat2010new,
  title={How new technology influences parent—child interaction: The case of e-book reading},
  author={Korat, Ofra and Or, Tal},
  journal={First Language},
  volume={30},
  number={2},
  pages={139--154},
  year={2010},
  publisher={Sage Publications Sage UK: London, England}
}

@article{gonzalez2022parental,
  title={Parental involvement in supporting students’ digital learning},
  author={Gonzalez-DeHass, Alyssa R and Willems, Patricia P and Powers, Jillian R and Musgrove, Ann T},
  journal={Educational Psychologist},
  volume={57},
  number={4},
  pages={281--294},
  year={2022},
  publisher={Taylor \& Francis}
}

@article{papadakis2019parental,
  title={Parental involvement and attitudes towards young Greek children’s mobile usage},
  author={Papadakis, Stamatios and Zaranis, Nikolas and Kalogiannakis, Michail},
  journal={International Journal of Child-Computer Interaction},
  volume={22},
  pages={100144},
  year={2019},
  publisher={Elsevier}
}

@article{connell2015parental,
  title={Parental co-use of media technology with their young children in the USA},
  author={Connell, Sabrina L and Lauricella, Alexis R and Wartella, Ellen},
  journal={Journal of children and media},
  volume={9},
  number={1},
  pages={5--21},
  year={2015},
  publisher={Taylor \& Francis}
}

@article{hofferth2010home,
  title={Home media and children’s achievement and behavior},
  author={Hofferth, Sandra L},
  journal={Child development},
  volume={81},
  number={5},
  pages={1598--1619},
  year={2010},
  publisher={Wiley Online Library}
}

@article{espinosa2006technology,
  title={Technology in the home and the achievement of young children: Findings from the early childhood longitudinal study},
  author={Espinosa, Linda M and Laffey, James M and Whittaker, Tiffany and Sheng, Yanyan},
  journal={Early education and development},
  volume={17},
  number={3},
  pages={421--441},
  year={2006},
  publisher={Taylor \& Francis}
}

@inproceedings{gvirsman2024effect,
  title={Effect of Social Robot's Role and Behavior on Parent-Toddler Interaction},
  author={Gvirsman, Omer and Gordon, Goren},
  booktitle={Proceedings of the 2024 ACM/IEEE International Conference on Human-Robot Interaction},
  pages={222--230},
  year={2024}
}

@inproceedings{dietz2024contextq,
  title={ContextQ: Generated Questions to Support Meaningful Parent-Child Dialogue While Co-Reading},
  author={Dietz Smith, Griffin and Prasad, Siddhartha and Davidson, Matt J and Findlater, Leah and Shapiro, R Benjamin},
  booktitle={Proceedings of the 23rd Annual ACM Interaction Design and Children Conference},
  pages={408--423},
  year={2024}
}

@inproceedings{zhang2022storybuddy,
  title={Storybuddy: A human-ai collaborative chatbot for parent-child interactive storytelling with flexible parental involvement},
  author={Zhang, Zheng and Xu, Ying and Wang, Yanhao and Yao, Bingsheng and Ritchie, Daniel and Wu, Tongshuang and Yu, Mo and Wang, Dakuo and Li, Toby Jia-Jun},
  booktitle={Proceedings of the 2022 CHI Conference on Human Factors in Computing Systems},
  pages={1--21},
  year={2022}
}

@article{xu2024artificial,
  title={Artificial intelligence enhances children’s science learning from television shows.},
  author={Xu, Ying and He, Kunlei and Levine, Julian and Ritchie, Daniel and Pan, Zexuan and Bustamante, Andres and Warschauer, Mark},
  journal={Journal of Educational Psychology},
  year={2024},
  publisher={American Psychological Association}
}

@inproceedings{xu2022elinor,
  title={“Elinor’s Talking to Me!”: Integrating Conversational AI into Children’s Narrative Science Programming},
  author={Xu, Ying and Vigil, Valery and Bustamante, Andres S and Warschauer, Mark},
  booktitle={Proceedings of the 2022 CHI Conference on Human Factors in Computing Systems},
  pages={1--16},
  year={2022}
}

@inproceedings{ruan2021englishbot,
  title={Englishbot: An ai-powered conversational system for second language learning},
  author={Ruan, Sherry and Jiang, Liwei and Xu, Qianyao and Liu, Zhiyuan and Davis, Glenn M and Brunskill, Emma and Landay, James A},
  booktitle={Proceedings of the 26th International Conference on Intelligent User Interfaces},
  pages={434--444},
  year={2021}
}

@incollection{wilcox2014preschool,
  title={Preschool Teachers' Ideas about how Children Learn Best: An Examination of Beliefs About the Principles of Developmentally Appropriate Practice},
  author={Wilcox-Herzog, Amanda S and Ward, Sharon L and Wong, Eugene H and McLaren, Meridyth S},
  booktitle={International Handbook of Research on Teachers' Beliefs},
  pages={421--435},
  year={2014},
  publisher={Routledge}
}

@article{grolnick1997predictors,
  title={Predictors of parent involvement in children's schooling.},
  author={Grolnick, Wendy S and Benjet, Corina and Kurowski, Carolyn O and Apostoleris, Nicholas H},
  journal={Journal of educational psychology},
  volume={89},
  number={3},
  pages={538},
  year={1997},
  publisher={American Psychological Association}
}

@article{doyle2009investing,
  title={Investing in early human development: timing and economic efficiency},
  author={Doyle, Orla and Harmon, Colm P and Heckman, James J and Tremblay, Richard E},
  journal={Economics \& Human Biology},
  volume={7},
  number={1},
  pages={1--6},
  year={2009},
  publisher={Elsevier}
}

@inproceedings{white2021designing,
  title={Designing emotionally expressive social commentary to facilitate child-robot interaction},
  author={White, Nathan Thomas and Cagiltay, Bengisu and Michaelis, Joseph E and Mutlu, Bilge},
  booktitle={Proceedings of the 20th Annual ACM Interaction Design and Children Conference},
  pages={314--325},
  year={2021}
}

@article{kaminski2014preschool,
  title={The preschool early literacy indicators: Validity and benchmark goals},
  author={Kaminski, Ruth A and Abbott, Mary and Bravo Aguayo, Katherine and Latimer, Rachael and Good III, Roland H},
  journal={Topics in Early Childhood Special Education},
  volume={34},
  number={2},
  pages={71--82},
  year={2014},
  publisher={Sage Publications Sage CA: Los Angeles, CA}
}

@article{sahoo2024systematic,
  title={A systematic survey of prompt engineering in large language models: Techniques and applications},
  author={Sahoo, Pranab and Singh, Ayush Kumar and Saha, Sriparna and Jain, Vinija and Mondal, Samrat and Chadha, Aman},
  journal={arXiv preprint arXiv:2402.07927},
  year={2024}
}

@article{achiam2023gpt,
  title={Gpt-4 technical report},
  author={Achiam, Josh and Adler, Steven and Agarwal, Sandhini and Ahmad, Lama and Akkaya, Ilge and Aleman, Florencia Leoni and Almeida, Diogo and Altenschmidt, Janko and Altman, Sam and Anadkat, Shyamal and others},
  journal={arXiv preprint arXiv:2303.08774},
  year={2023}
}

@inproceedings{yu2024parent,
  title={Parent-Child Joint Media Engagement Within HCI: A Scoping Analysis of the Research Landscape},
  author={Yu, Junnan and Qi, Xiang and Yang, Siqi},
  booktitle={Proceedings of the CHI Conference on Human Factors in Computing Systems},
  pages={1--21},
  year={2024}
}

@article{oswald2020psychological,
  title={Psychological impacts of “screen time” and “green time” for children and adolescents: A systematic scoping review},
  author={Oswald, Tassia K and Rumbold, Alice R and Kedzior, Sophie GE and Moore, Vivienne M},
  journal={PloS one},
  volume={15},
  number={9},
  pages={e0237725},
  year={2020},
  publisher={Public Library of Science San Francisco, CA USA}
}

@article{david2007electronic,
  title={Electronic media, violence, and adolescents: An emerging public health problem},
  author={David-Ferdon, Corinne and Hertz, Marci Feldman},
  journal={Journal of Adolescent Health},
  volume={41},
  number={6},
  pages={S1--S5},
  year={2007},
  publisher={Elsevier}
}

@article{ma2016meta,
  title={A meta-analysis of the relationship between learning outcomes and parental involvement during early childhood education and early elementary education},
  author={Ma, Xin and Shen, Jianping and Krenn, Huilan Y and Hu, Shanshan and Yuan, Jing},
  journal={Educational psychology review},
  volume={28},
  pages={771--801},
  year={2016},
  publisher={Springer}
}

@article{hara1998parent,
  title={Parent involvement: The key to improved student achievement},
  author={Hara, Steven R and Burke, Daniel J},
  journal={School community journal},
  volume={8},
  number={2},
  pages={9--19},
  year={1998}
}

@article{kurian2023ai,
  title={AI's empathy gap: The risks of conversational Artificial Intelligence for young children's well-being and key ethical considerations for early childhood education and care},
  author={Kurian, Nomisha},
  journal={Contemporary Issues in Early Childhood},
  pages={14639491231206004},
  year={2023},
  publisher={SAGE Publications Sage UK: London, England}
}

@article{howard2021digital,
  title={Digital misinformation/disinformation and children},
  author={Howard, Philip N and Neudert, Lisa-Maria and Prakash, Nayana and Vosloo, Steven},
  journal={UNICEF. Retrieved on February},
  volume={20},
  pages={2021},
  year={2021}
}

@article{su2023unlocking,
  title={Unlocking the power of ChatGPT: A framework for applying generative AI in education},
  author={Su, Jiahong and Yang, Weipeng},
  journal={ECNU Review of Education},
  volume={6},
  number={3},
  pages={355--366},
  year={2023},
  publisher={SAGE Publications Sage UK: London, England}
}

@article{jauhiainen2023generative,
  title={Generative AI and ChatGPT in school children’s education: Evidence from a school lesson},
  author={Jauhiainen, Jussi S and Guerra, Agust{\'\i}n Garagorry},
  journal={Sustainability},
  volume={15},
  number={18},
  pages={14025},
  year={2023},
  publisher={MDPI}
}

@inproceedings{han2023design,
  title={Design implications of generative AI systems for visual storytelling for young learners},
  author={Han, Ariel and Cai, Zhenyao},
  booktitle={Proceedings of the 22nd Annual ACM Interaction Design and Children Conference},
  pages={470--474},
  year={2023}
}

@inproceedings{han2024teachers,
  title={Teachers, Parents, and Students' perspectives on Integrating Generative AI into Elementary Literacy Education},
  author={Han, Ariel and Zhou, Xiaofei and Cai, Zhenyao and Han, Shenshen and Ko, Richard and Corrigan, Seth and Peppler, Kylie A},
  booktitle={Proceedings of the CHI Conference on Human Factors in Computing Systems},
  pages={1--17},
  year={2024}
}

@article{mogavi2024chatgpt,
  title={ChatGPT in education: A blessing or a curse? A qualitative study exploring early adopters’ utilization and perceptions},
  author={Mogavi, Reza Hadi and Deng, Chao and Kim, Justin Juho and Zhou, Pengyuan and Kwon, Young D and Metwally, Ahmed Hosny Saleh and Tlili, Ahmed and Bassanelli, Simone and Bucchiarone, Antonio and Gujar, Sujit and others},
  journal={Computers in Human Behavior: Artificial Humans},
  volume={2},
  number={1},
  pages={100027},
  year={2024},
  publisher={Elsevier}
}

@article{kanders2024perspectives,
  title={Perspectives on the impact of generative AI on early-childhood development and education},
  author={Kanders, Karlis and Stupple-Harris, Louis and Smith, Laurie and Gibson, Jenny Louise},
  journal={Infant and Child Development},
  pages={e2514},
  year={2024},
  publisher={Wiley Online Library}
}

@article{davis2017parent,
  title={Parent education is changing: a review of smartphone apps},
  author={Davis, Deborah Winders and Logsdon, M Cynthia and Vogt, Krista and Rushton, Jeff and Myers, John and Lauf, Adrian and Hogan, Felicia},
  journal={MCN: The American Journal of Maternal/Child Nursing},
  volume={42},
  number={5},
  pages={248--256},
  year={2017},
  publisher={LWW}
}

@article{entenberg2023user,
  title={User experience with a parenting chatbot micro intervention},
  author={Entenberg, Guido A and Dosovitsky, Gilly and Aghakhani, Shirin and Mostovoy, Karin and Carre, N and Marshall, Zendrea and Benfica, D and Mizrahi, S and Testerman, A and Rousseau, A and others},
  journal={Frontiers in Digital Health},
  volume={4},
  pages={989022},
  year={2023},
  publisher={Frontiers Media SA}
}

@article{sun2024exploring,
  title={Exploring Parent's Needs for Children-Centered AI to Support Preschoolers' Storytelling and Reading Activities},
  author={Sun, Yuling and Liu, Jiali and Yao, Bingsheng and Chen, Jiaju and Wang, Dakuo and Ma, Xiaojuan and Lu, Yuxuan and Xu, Ying and He, Liang},
  journal={arXiv preprint arXiv:2401.13804},
  year={2024}
}

@inproceedings{petsolari2024socio,
  title={Socio-technical Imaginaries: Envisioning and Understanding AI Parenting Supports through Design Fiction},
  author={Petsolari, Melina and Ibrahim, Seray B and Slovak, Petr},
  booktitle={Proceedings of the CHI Conference on Human Factors in Computing Systems},
  pages={1--27},
  year={2024}
}

@inproceedings{zhang2024mathemyths,
  title={Mathemyths: leveraging large language models to teach mathematical language through Child-AI co-creative storytelling},
  author={Zhang, Chao and Liu, Xuechen and Ziska, Katherine and Jeon, Soobin and Yu, Chi-Lin and Xu, Ying},
  booktitle={Proceedings of the CHI Conference on Human Factors in Computing Systems},
  pages={1--23},
  year={2024}
}

@article{green2007parents,
  title={Parents' motivations for involvement in children's education: An empirical test of a theoretical model of parental involvement.},
  author={Green, Christa L and Walker, Joan MT and Hoover-Dempsey, Kathleen V and Sandler, Howard M},
  journal={Journal of educational psychology},
  volume={99},
  number={3},
  pages={532},
  year={2007},
  publisher={American Psychological Association}
}

@inproceedings{ho2024s,
  title={" It's Not a Replacement:" Enabling Parent-Robot Collaboration to Support In-Home Learning Experiences of Young Children},
  author={Ho, Hui-Ru and Hubbard, Edward M and Mutlu, Bilge},
  booktitle={Proceedings of the CHI Conference on Human Factors in Computing Systems},
  pages={1--18},
  year={2024}
}

%% RW-24

@article{dias2016role,
  title={The role of parents in the engagement of young children with digital technologies: Exploring tensions between rights of access and protection, from ‘Gatekeepers’ to ‘Scaffolders’},
  author={Dias, Patr{\'\i}cia and Brito, Rita and Ribbens, Wannes and Daniela, Linda and Rubene, Zanda and Dreier, Michael and Gemo, Monica and Di Gioia, Rosanna and Chaudron, St{\'e}phane},
  journal={Global Studies of Childhood},
  volume={6},
  number={4},
  pages={414--427},
  year={2016},
  publisher={SAGE Publications Sage UK: London, England}
}

@article{chen2020teaching,
  title={Teaching and learning with children: Impact of reciprocal peer learning with a social robot on children’s learning and emotive engagement},
  author={Chen, Huili and Park, Hae Won and Breazeal, Cynthia},
  journal={Computers \& Education},
  volume={150},
  pages={103836},
  year={2020},
  publisher={Elsevier}
}
%https://www.sciencedirect.com/science/article/abs/pii/S0360131520300373?fr=RR-2&ref=pdf_download&rr=7fdad0bd6aea26ab

@inproceedings{beneteau2020parenting,
  title={Parenting with Alexa: exploring the introduction of smart speakers on family dynamics},
  author={Beneteau, Erin and Boone, Ashley and Wu, Yuxing and Kientz, Julie A and Yip, Jason and Hiniker, Alexis},
  booktitle={Proceedings of the 2020 CHI conference on human factors in computing systems},
  pages={1--13},
  year={2020}
}
%https://dl.acm.org/doi/abs/10.1145/3313831.3376344?casa_token=9HOAAsjgRXUAAAAA:qGUSyQLqyWBr2wfrDPNKjXuA-Bdf93utQzfBC5uFElRI64GvbV1T1nh2XsXxkPYYJ3EBq5uBhXGP

@article{zaman2016qualitative,
  title={A qualitative inquiry into the contextualized parental mediation practices of young children’s digital media use at home},
  author={Zaman, Bieke and Nouwen, Marije and Vanattenhoven, Jeroen and De Ferrerre, Evelien and Looy, Jan Van},
  journal={Journal of Broadcasting \& Electronic Media},
  volume={60},
  number={1},
  pages={1--22},
  year={2016},
  publisher={Taylor \& Francis}
}

@article{shin2011parental,
  title={Parental mediation of teenagers’ video game playing: Antecedents and consequences},
  author={Shin, Wonsun and Huh, Jisu},
  journal={New Media \& Society},
  volume={13},
  number={6},
  pages={945--962},
  year={2011},
  publisher={Sage Publications Sage UK: London, England}
}

@inproceedings{garg2020conversational,
  title={Conversational technologies for in-home learning: using co-design to understand children's and parents' perspectives},
  author={Garg, Radhika and Sengupta, Subhasree},
  booktitle={Proceedings of the 2020 CHI conference on human factors in computing systems},
  pages={1--13},
  year={2020}
}

%% math talk
@article{purpura2013informal,
  title={Informal numeracy skills: The structure and relations among numbering, relations, and arithmetic operations in preschool},
  author={Purpura, David J and Lonigan, Christopher J},
  journal={American Educational Research Journal},
  volume={50},
  number={1},
  pages={178--209},
  year={2013},
  publisher={Sage Publications Sage CA: Los Angeles, CA}
} %https://journals.sagepub.com/doi/full/10.3102/0002831212465332

@article{engel2013teaching,
  title={Teaching students what they already know? The (mis) alignment between mathematics instructional content and student knowledge in kindergarten},
  author={Engel, Mimi and Claessens, Amy and Finch, Maida A},
  journal={Educational Evaluation and Policy Analysis},
  volume={35},
  number={2},
  pages={157--178},
  year={2013},
  publisher={Sage Publications Sage CA: Los Angeles, CA}
}
%https://journals.sagepub.com/doi/full/10.3102/0162373712461850

@article{purpura2017causal,
  title={Causal connections between mathematical language and mathematical knowledge: A dialogic reading intervention},
  author={Purpura, David J and Napoli, Amy R and Wehrspann, Elizabeth A and Gold, Zachary S},
  journal={Journal of Research on Educational Effectiveness},
  volume={10},
  number={1},
  pages={116--137},
  year={2017},
  publisher={Taylor \& Francis}
}

@article{vandermaas2009numeracy,
  title={Numeracy-related exchanges in joint storybook reading and play},
  author={Vandermaas-Peeler, Maureen and Nelson, Jackie and Bumpass, Charity and Sassine, Bianca},
  journal={International Journal of Early Years Education},
  volume={17},
  number={1},
  pages={67--84},
  year={2009},
  publisher={Taylor \& Francis}
}

@inproceedings{tolksdorf2020parents,
  title={Parents’ views on using social robots for language learning},
  author={Tolksdorf, Nils F and Rohlfing, Katharina J},
  booktitle={2020 29th IEEE International Conference on Robot and Human Interactive Communication (RO-MAN)},
  pages={634--640},
  year={2020},
  organization={IEEE}
}

@inproceedings{lee2008elementary,
  title={Elementary and middle school teachers’, students’ and parents’ perception of robot-aided education in Korea},
  author={Lee, EunKyoung and Lee, YoungJun and Kye, Bokyung and Ko, Beomseog},
  booktitle={EdMedia+ Innovate Learning},
  pages={175--183},
  year={2008},
  organization={Association for the Advancement of Computing in Education (AACE)}
}

@inproceedings{oros2014children,
  title={Children's preference of appearance and parents' attitudes towards assistive robots},
  author={Oros, Marina and Nikoli{\'c}, Milutin and Borovac, Branislav and Jerkovi{\'c}, Ivan},
  booktitle={2014 IEEE-RAS International Conference on Humanoid Robots},
  pages={360--365},
  year={2014},
  organization={IEEE}
}

@article{alam2022social,
  title={Social robots in education for long-term human-robot interaction: socially supportive behaviour of robotic tutor for creating robo-tangible learning environment in a guided discovery learning interaction},
  author={Alam, Ashraf},
  journal={ECS Transactions},
  volume={107},
  number={1},
  pages={12389},
  year={2022},
  publisher={IOP Publishing}
}

@inproceedings{louie2021desire,
  title={The desire for social robots to support English language learners: Exploring robot perceptions of teachers, parents, and students},
  author={Louie, Belinda and Bj{\"o}rling, Elin A and Kuo, Annie Camey},
  booktitle={Frontiers in Education},
  volume={6},
  pages={566909},
  year={2021},
  organization={Frontiers Media SA}
}

@inproceedings{alaimi2020pedagogical,
  title={Pedagogical agents for fostering question-asking skills in children},
  author={Alaimi, Mehdi and Law, Edith and Pantasdo, Kevin Daniel and Oudeyer, Pierre-Yves and Sauzeon, H{\'e}l{\`e}ne},
  booktitle={Proceedings of the 2020 CHI Conference on Human Factors in Computing Systems},
  pages={1--13},
  year={2020}
}

@article{peck1992parent,
  title={Parent and teacher perceptions of outcomes for typically developing children enrolled in integrated early childhood programs: A statewide survey},
  author={Peck, Charles A and Carlson, Patricia and Helmstetter, Edwin},
  journal={Journal of early intervention},
  volume={16},
  number={1},
  pages={53--63},
  year={1992},
  publisher={SAGE Publications Sage CA: Los Angeles, CA}
}

@article{fehrmann1987home,
  title={Home influence on school learning: Direct and indirect effects of parental involvement on high school grades},
  author={Fehrmann, Paul G and Keith, Timothy Z and Reimers, Thomas M},
  journal={The Journal of Educational Research},
  volume={80},
  number={6},
  pages={330--337},
  year={1987},
  publisher={Taylor \& Francis}
}

@article{hill2004parent,
  title={Parent academic involvement as related to school behavior, achievement, and aspirations: Demographic variations across adolescence},
  author={Hill, Nancy E and Castellino, Domini R and Lansford, Jennifer E and Nowlin, Patrick and Dodge, Kenneth A and Bates, John E and Pettit, Gregory S},
  journal={Child development},
  volume={75},
  number={5},
  pages={1491--1509},
  year={2004},
  publisher={Wiley Online Library}
}

@article{mcwayne2004multivariate,
  title={A multivariate examination of parent involvement and the social and academic competencies of urban kindergarten children},
  author={McWayne, Christine and Hampton, Virginia and Fantuzzo, John and Cohen, Heather L and Sekino, Yumiko},
  journal={Psychology in the Schools},
  volume={41},
  number={3},
  pages={363--377},
  year={2004},
  publisher={Wiley Online Library}
}

@article{fantuzzo2004multiple,
  title={Multiple dimensions of family involvement and their relations to behavioral and learning competencies for urban, low-income children},
  author={Fantuzzo, John and McWayne, Christine and Perry, Marlo A and Childs, Stephanie},
  journal={School psychology review},
  volume={33},
  number={4},
  pages={467--480},
  year={2004},
  publisher={Taylor \& Francis}
}

@article{sui1996effects,
  title={Effects of parental involvement on eighth-grade achievement},
  author={Sui-Chu, Esther Ho and Willms, J Douglas},
  journal={Sociology of education},
  pages={126--141},
  year={1996},
  publisher={JSTOR}
}

@article{harris2008parents,
  title={Do parents know they matter? Engaging all parents in learning},
  author={Harris, Alma and Goodall, Janet},
  journal={Educational research},
  volume={50},
  number={3},
  pages={277--289},
  year={2008},
  publisher={Taylor \& Francis}
}

@article{infante2010co,
  title={Co-located collaborative learning video game with single display groupware},
  author={Infante, Cristi{\'a}n and Weitz, Juan and Reyes, Tom{\'a}s and Nussbaum, Miguel and G{\'o}mez, Florencia and Radovic, Darinka},
  journal={Interactive Learning Environments},
  volume={18},
  number={2},
  pages={177--195},
  year={2010},
  publisher={Taylor \& Francis}
}

@article{jessel2011different,
  title={Different spaces: Learning and literacy with children and their grandparents in east London homes},
  author={Jessel, John and Kenner, Charmian and Gregory, Eve and Ruby, Mahera and Arju, Tahera},
  journal={Linguistics and Education},
  volume={22},
  number={1},
  pages={37--50},
  year={2011},
  publisher={Elsevier}
}

@article{hsin2014influence,
  title={The influence of young children's use of technology on their learning: A review},
  author={Hsin, Ching-Ting and Li, Ming-Chaun and Tsai, Chin-Chung},
  journal={Journal of Educational Technology \& Society},
  volume={17},
  number={4},
  pages={85--99},
  year={2014},
  publisher={JSTOR}
}

@article{chen2019understanding,
  title={Understanding parents' perspectives on mealtime technology},
  author={Chen, Ying-Yu and Li, Ziyue and Rosner, Daniela and Hiniker, Alexis},
  journal={Proceedings of the ACM on Interactive, Mobile, Wearable and Ubiquitous Technologies},
  volume={3},
  number={1},
  pages={1--19},
  year={2019},
  publisher={ACM New York, NY, USA}
}

@inproceedings{park2020investigating,
  title={Investigating user expectations on the roles of family-shared AI speakers},
  author={Park, Sunjeong and Lim, Youn-kyung},
  booktitle={Proceedings of the 2020 CHI conference on human factors in computing systems},
  pages={1--13},
  year={2020}
}

@inproceedings{storer2020all,
  title={" All in the Same Boat": Tradeoffs of Voice Assistant Ownership for Mixed-Visual-Ability Families},
  author={Storer, Kevin M and Judge, Tejinder K and Branham, Stacy M},
  booktitle={Proceedings of the 2020 CHI Conference on Human Factors in Computing Systems},
  pages={1--14},
  year={2020}
}

@inproceedings{lovato2019hey,
  title={Hey Google, do unicorns exist? Conversational agents as a path to answers to children's questions},
  author={Lovato, Silvia B and Piper, Anne Marie and Wartella, Ellen A},
  booktitle={Proceedings of the 18th ACM international conference on interaction design and children},
  pages={301--313},
  year={2019}
}

@inproceedings{sciuto2018hey,
  title={" Hey Alexa, What's Up?" A Mixed-Methods Studies of In-Home Conversational Agent Usage},
  author={Sciuto, Alex and Saini, Arnita and Forlizzi, Jodi and Hong, Jason I},
  booktitle={Proceedings of the 2018 designing interactive systems conference},
  pages={857--868},
  year={2018}
}

@article{garg2020he,
  title={He is just like me: a study of the long-term use of smart speakers by parents and children},
  author={Garg, Radhika and Sengupta, Subhasree},
  journal={Proceedings of the ACM on Interactive, Mobile, Wearable and Ubiquitous Technologies},
  volume={4},
  number={1},
  pages={1--24},
  year={2020},
  publisher={ACM New York, NY, USA}
}

@inproceedings{kanda2012children,
  title={Children learning with a social robot},
  author={Kanda, Takayuki and Shimada, Michihiro and Koizumi, Satoshi},
  booktitle={Proceedings of the seventh annual ACM/IEEE international conference on Human-Robot Interaction},
  pages={351--358},
  year={2012}
}

@incollection{ali2019can,
  title={Can children learn creativity from a social robot?},
  author={Ali, Safinah and Moroso, Tyler and Breazeal, Cynthia},
  booktitle={Proceedings of the 2019 on Creativity and Cognition},
  pages={359--368},
  year={2019}
}

@inproceedings{kennedy2016social,
  title={Social robot tutoring for child second language learning},
  author={Kennedy, James and Baxter, Paul and Senft, Emmanuel and Belpaeme, Tony},
  booktitle={2016 11th ACM/IEEE international conference on human-robot interaction (HRI)},
  pages={231--238},
  year={2016},
  organization={IEEE}
}

@article{belpaeme2018social,
  title={Social robots for education: A review},
  author={Belpaeme, Tony and Kennedy, James and Ramachandran, Aditi and Scassellati, Brian and Tanaka, Fumihide},
  journal={Science robotics},
  volume={3},
  number={21},
  pages={eaat5954},
  year={2018},
  publisher={American Association for the Advancement of Science}
}

@inproceedings{kidd2004effect,
  title={Effect of a robot on user perceptions},
  author={Kidd, Cory D and Breazeal, Cynthia},
  booktitle={2004 IEEE/RSJ international conference on intelligent robots and systems (IROS)(IEEE Cat. No. 04CH37566)},
  volume={4},
  pages={3559--3564},
  year={2004},
  organization={IEEE}
}

@inproceedings{wainer2007embodiment,
  title={Embodiment and human-robot interaction: A task-based perspective},
  author={Wainer, Joshua and Feil-Seifer, David J and Shell, Dylan A and Mataric, Maja J},
  booktitle={RO-MAN 2007-The 16th IEEE International Symposium on Robot and Human Interactive Communication},
  pages={872--877},
  year={2007},
  organization={IEEE}
}

@article{kose2015effect,
  title={The effect of embodiment in sign language tutoring with assistive humanoid robots},
  author={K{\"o}se, Hatice and Uluer, P{\i}nar and Akal{\i}n, Neziha and Yorganc{\i}, Rabia and {\"O}zkul, Ahmet and Ince, G{\"o}khan},
  journal={International Journal of Social Robotics},
  volume={7},
  pages={537--548},
  year={2015},
  publisher={Springer}
}

@inproceedings{powers2007comparing,
  title={Comparing a computer agent with a humanoid robot},
  author={Powers, Aaron and Kiesler, Sara and Fussell, Susan and Torrey, Cristen},
  booktitle={Proceedings of the ACM/IEEE international conference on Human-robot interaction},
  pages={145--152},
  year={2007}
}

@article{li2015benefit,
  title={The benefit of being physically present: A survey of experimental works comparing copresent robots, telepresent robots and virtual agents},
  author={Li, Jamy},
  journal={International Journal of Human-Computer Studies},
  volume={77},
  pages={23--37},
  year={2015},
  publisher={Elsevier}
}

@inproceedings{leyzberg2012physical,
  title={The physical presence of a robot tutor increases cognitive learning gains},
  author={Leyzberg, Daniel and Spaulding, Samuel and Toneva, Mariya and Scassellati, Brian},
  booktitle={Proceedings of the annual meeting of the cognitive science society},
  volume={34},
  number={34},
  year={2012}
}

@inproceedings{leyzberg2014personalizing,
  title={Personalizing robot tutors to individuals' learning differences},
  author={Leyzberg, Daniel and Spaulding, Samuel and Scassellati, Brian},
  booktitle={Proceedings of the 2014 ACM/IEEE international conference on Human-robot interaction},
  pages={423--430},
  year={2014}
}

@inproceedings{schodde2017adaptive,
  title={Adaptive robot language tutoring based on Bayesian knowledge tracing and predictive decision-making},
  author={Schodde, Thorsten and Bergmann, Kirsten and Kopp, Stefan},
  booktitle={Proceedings of the 2017 ACM/IEEE International Conference on Human-Robot Interaction},
  pages={128--136},
  year={2017}
}

@inproceedings{janssen2011motivating,
  title={Motivating children to learn arithmetic with an adaptive robot game},
  author={Janssen, Joris B and van der Wal, Chrissy C and Neerincx, Mark A and Looije, Rosemarijn},
  booktitle={International conference on social robotics},
  pages={153--162},
  year={2011},
  organization={Springer}
}

@article{henkemans2013using,
  title={Using a robot to personalise health education for children with diabetes type 1: A pilot study},
  author={Henkemans, Olivier A Blanson and Bierman, Bert PB and Janssen, Joris and Neerincx, Mark A and Looije, Rosemarijn and van der Bosch, Hanneke and van der Giessen, Jeanine AM},
  journal={Patient education and counseling},
  volume={92},
  number={2},
  pages={174--181},
  year={2013},
  publisher={Elsevier}
}

@inproceedings{saerbeck2010expressive,
  title={Expressive robots in education: varying the degree of social supportive behavior of a robotic tutor},
  author={Saerbeck, Martin and Schut, Tom and Bartneck, Christoph and Janse, Maddy D},
  booktitle={Proceedings of the SIGCHI conference on human factors in computing systems},
  pages={1613--1622},
  year={2010}
}

@article{huang2013repertoire,
  title={The repertoire of robot behavior: Enabling robots to achieve interaction goals through social behavior},
  author={Huang, Chien-Ming and Mutlu, Bilge},
  journal={Journal of Human-Robot Interaction},
  volume={2},
  number={2},
  pages={80--102},
  year={2013},
  publisher={Journal of Human-Robot Interaction Steering Committee}
}

@article{leite2014empathic,
  title={Empathic robots for long-term interaction: evaluating social presence, engagement and perceived support in children},
  author={Leite, Iolanda and Castellano, Ginevra and Pereira, Andr{\'e} and Martinho, Carlos and Paiva, Ana},
  journal={International Journal of Social Robotics},
  volume={6},
  pages={329--341},
  year={2014},
  publisher={Springer}
}

@inproceedings{you2006robot,
  title={A robot as a teaching assistant in an English class},
  author={You, Zhen-Jia and Shen, Chi-Yuh and Chang, Chih-Wei and Liu, Baw-Jhiune and Chen, Gwo-Dong},
  booktitle={Sixth IEEE international conference on advanced learning technologies (ICALT'06)},
  pages={87--91},
  year={2006},
  organization={IEEE}
}

@inproceedings{tanaka2009use,
  title={The use of robots in early education: a scenario based on ethical consideration},
  author={Tanaka, Fumihide and Kimura, Takeshi},
  booktitle={RO-MAN 2009-The 18th IEEE International Symposium on Robot and Human Interactive Communication},
  pages={558--560},
  year={2009},
  organization={IEEE}
}

@article{baxter2017robot,
  title={Robot education peers in a situated primary school study: Personalisation promotes child learning},
  author={Baxter, Paul and Ashurst, Emily and Read, Robin and Kennedy, James and Belpaeme, Tony},
  journal={PloS one},
  volume={12},
  number={5},
  pages={e0178126},
  year={2017},
  publisher={Public Library of Science San Francisco, CA USA}
}

@inproceedings{chen2022designing,
  title={Designing Long-term Parent-child-robot Triadic Interaction at Home through Lived Technology Experiences and Interviews},
  author={Chen, Huili and Ostrowski, Anastasia K and Jang, Soo Jung and Breazeal, Cynthia and Park, Hae Won},
  booktitle={2022 31st IEEE International Conference on Robot and Human Interactive Communication (RO-MAN)},
  pages={401--408},
  year={2022},
  organization={IEEE}
}

@inproceedings{chan2017wakey,
  title={WAKEY: assisting parent-child communication for better morning routines},
  author={Chan, Meng-Ying and Lin, Yi-Hsuan and Lin, Long-Fei and Lin, Ting-Wei and Hsu, Wei-Che and Chang, Chia-yu and Liu, Rui and Chang, Ko-Yu and Lin, Min-hua and Hsu, Jane Yung-jen},
  booktitle={Proceedings of the 2017 ACM Conference on Computer Supported Cooperative Work and Social Computing},
  pages={2287--2299},
  year={2017}
}

@inproceedings{cagiltay2020investigating,
  title={Investigating family perceptions and design preferences for an in-home robot},
  author={Cagiltay, Bengisu and Ho, Hui-Ru and Michaelis, Joseph E and Mutlu, Bilge},
  booktitle={Proceedings of the interaction design and children conference},
  pages={229--242},
  year={2020}
}

@inproceedings{gvirsman2020patricc,
  title={Patricc: A platform for triadic interaction with changeable characters},
  author={Gvirsman, Omer and Koren, Yaacov and Norman, Tal and Gordon, Goren},
  booktitle={Proceedings of the 2020 ACM/IEEE International Conference on Human-robot Interaction},
  pages={399--407},
  year={2020}
}

@inproceedings{strohkorb2015classification,
  title={Classification of children's social dominance in group interactions with robots},
  author={Strohkorb, Sarah and Leite, Iolanda and Warren, Natalie and Scassellati, Brian},
  booktitle={Proceedings of the 2015 ACM on International Conference on Multimodal Interaction},
  pages={227--234},
  year={2015}
}

@inproceedings{shen2018stop,
  title={" Stop. I See a Conflict Happening." A Robot Mediator for Young Children's Interpersonal Conflict Resolution},
  author={Shen, Solace and Slovak, Petr and Jung, Malte F},
  booktitle={Proceedings of the 2018 ACM/IEEE international conference on human-robot interaction},
  pages={69--77},
  year={2018}
}

@article{rudovic2017measuring,
  title={Measuring engagement in robot-assisted autism therapy: A cross-cultural study},
  author={Rudovic, Ognjen and Lee, Jaeryoung and Mascarell-Maricic, Lea and Schuller, Bj{\"o}rn W and Picard, Rosalind W},
  journal={Frontiers in Robotics and AI},
  volume={4},
  pages={36},
  year={2017},
  publisher={Frontiers Media SA}
}

@article{hoffner2002parents,
  title={Parents' responses to television violence: The third-person perception, parental mediation, and support for censorship},
  author={Hoffner, Cynthia and Buchanan, Martha},
  journal={Media Psychology},
  volume={4},
  number={3},
  pages={231--252},
  year={2002},
  publisher={Taylor \& Francis}
}

@article{wertsch1984zone,
  title={The zone of proximal development: Some conceptual issues.},
  author={Wertsch, James V},
  journal={New directions for child development},
  year={1984},
  publisher={Jossey-Bass Publishers, Inc.}
}

@book{blevins2016early,
  title={Early childhood mathematics skill development in the home environment},
  author={Blevins-Knabe, Belinda and Austin, Ann M Berghout},
  year={2016},
  publisher={Springer}
}

@article{duncan2007school,
  title={School readiness and later achievement.},
  author={Duncan, Greg J and Dowsett, Chantelle J and Claessens, Amy and Magnuson, Katherine and Huston, Aletha C and Klebanov, Pamela and Pagani, Linda S and Feinstein, Leon and Engel, Mimi and Brooks-Gunn, Jeanne and others},
  journal={Developmental psychology},
  volume={43},
  number={6},
  pages={1428},
  year={2007},
  publisher={American Psychological Association}
}

@article{eagle2012learning,
  title={Learning in the early years: Social interactions around picturebooks, puzzles and digital technologies},
  author={Eagle, Sarah},
  journal={Computers \& Education},
  volume={59},
  number={1},
  pages={38--49},
  year={2012},
  publisher={Elsevier}
}

@article{mckenney2009designing,
  title={Designing technology for emergent literacy: The PictoPal initiative},
  author={McKenney, Susan and Voogt, Joke},
  journal={Computers \& Education},
  volume={52},
  number={4},
  pages={719--729},
  year={2009},
  publisher={Elsevier}
}

@article{clements2008experimental,
  title={Experimental evaluation of the effects of a research-based preschool mathematics curriculum},
  author={Clements, Douglas H and Sarama, Julie},
  journal={American educational research journal},
  volume={45},
  number={2},
  pages={443--494},
  year={2008},
  publisher={Sage Publications Sage CA: Thousand Oaks, CA}
}

@article{segal2010reading,
  title={Reading electronic and printed books with and without adult instruction: Effects on emergent reading},
  author={Segal-Drori, Ora and Korat, Ofra and Shamir, Adina and Klein, Pnina S},
  journal={Reading and Writing},
  volume={23},
  pages={913--930},
  year={2010},
  publisher={Springer}
}

@article{warren2001words,
  title={In words and deeds: Parental involvement and mediation of children's television viewing},
  author={Warren, Ron},
  journal={The Journal of Family Communication},
  volume={1},
  number={4},
  pages={211--231},
  year={2001},
  publisher={Taylor \& Francis}
}

@article{durak2020parental,
  title={Parental mediation of young children’s internet use: Adaptation of parental mediation scale and review of parental mediation based on the demographic variables and digital data security awareness},
  author={Durak, Aykut and Kaygin, H{\"u}seyin},
  journal={Education and Information Technologies},
  volume={25},
  pages={2275--2296},
  year={2020},
  publisher={Springer}
}

@article{valkenburg1999developing,
  title={Developing a scale to assess three styles of television mediation:“Instructive mediation,”“restrictive mediation,” and “social coviewing”},
  author={Valkenburg, Patti M and Krcmar, Marina and Peeters, Allerd L and Marseille, Nies M},
  journal={Journal of broadcasting \& electronic media},
  volume={43},
  number={1},
  pages={52--66},
  year={1999},
  publisher={Taylor \& Francis}
}

@inproceedings{sobel2017wasn,
  title={It wasn't really about the Pok{\'e}Mon: parents' perspectives on a location-based mobile game},
  author={Sobel, Kiley and Bhattacharya, Arpita and Hiniker, Alexis and Lee, Jin Ha and Kientz, Julie A and Yip, Jason C},
  booktitle={Proceedings of the 2017 CHI Conference on Human Factors in Computing Systems},
  pages={1483--1496},
  year={2017}
}

@inproceedings{yu2021parental,
  title={Parental mediation for young children’s use of educational media: A case study with computational toys and kits},
  author={Yu, Junnan and DeVore, Andrea and Roque, Ricarose},
  booktitle={Proceedings of the 2021 CHI conference on human factors in computing systems},
  pages={1--12},
  year={2021}
}

@article{nikken2006parental,
  title={Parental mediation of children’s videogame playing: A comparison of the reports by parents and children},
  author={Nikken, Peter and Jansz, Jeroen},
  journal={Learning, media and technology},
  volume={31},
  number={2},
  pages={181--202},
  year={2006},
  publisher={Taylor \& Francis}
}

@inproceedings{ho2021robomath,
  title={RoboMath: Designing a learning companion robot to support children’s numerical skills},
  author={Ho, Hui-Ru and Cagiltay, Bengisu and White, Nathan Thomas and Hubbard, Edward M and Mutlu, Bilge},
  booktitle={Interaction Design and Children},
  pages={283--293},
  year={2021}
}

@article{ho2023designing,
  title={Designing Parent-child-robot Interactions to Facilitate In-Home Parental Math Talk with Young Children},
  author={Ho, Hui-Ru and White, Nathan and Hubbard, Edward and Mutlu, Bilge},
  journal={arXiv preprint arXiv:2305.02525},
  year={2023}
}

@inproceedings{brown2014positive,
  title={The positive effects of verbal encouragement in mathematics education using a social robot},
  author={Brown, LaVonda N and Howard, Ayanna M},
  booktitle={2014 IEEE integrated STEM education conference},
  pages={1--5},
  year={2014},
  organization={IEEE}
}

@inproceedings{ramachandran2019personalized,
  title={Personalized robot tutoring using the assistive tutor pOMDP (AT-POMDP)},
  author={Ramachandran, Aditi and Sebo, Sarah Strohkorb and Scassellati, Brian},
  booktitle={Proceedings of the AAAI Conference on Artificial Intelligence},
  volume={33},
  number={01},
  pages={8050--8057},
  year={2019}
}

@inproceedings{davison2020working,
  title={Working with a social robot in school: a long-term real-world unsupervised deployment},
  author={Davison, Daniel P and Wijnen, Frances M and Charisi, Vicky and van der Meij, Jan and Evers, Vanessa and Reidsma, Dennis},
  booktitle={Proceedings of the 2020 ACM/IEEE International Conference on Human-Robot Interaction},
  pages={63--72},
  year={2020}
}

@article{michaelis2018reading,
  title={Reading socially: Transforming the in-home reading experience with a learning-companion robot},
  author={Michaelis, Joseph E and Mutlu, Bilge},
  journal={Science Robotics},
  volume={3},
  number={21},
  pages={eaat5999},
  year={2018},
  publisher={American Association for the Advancement of Science}
}

@inproceedings{michaelis2019supporting,
  title={Supporting interest in science learning with a social robot},
  author={Michaelis, Joseph E and Mutlu, Bilge},
  booktitle={Proceedings of the 18th ACM International Conference on Interaction Design and Children},
  pages={71--82},
  year={2019}
}

@article{lopez2018robotic,
  title={Robotic platform for teaching maths in junior high school},
  author={Lopez-Caudana, Edgar and Ponce, Pedro and Cervera, Luis and Iza, Sara and Mazon, Nancy},
  journal={International Journal on Interactive Design and Manufacturing (IJIDeM)},
  volume={12},
  number={4},
  pages={1349--1360},
  year={2018},
  publisher={Springer}
}


@inproceedings{gordon2016affective,
  title={Affective personalization of a social robot tutor for children’s second language skills},
  author={Gordon, Goren and Spaulding, Samuel and Westlund, Jacqueline Kory and Lee, Jin Joo and Plummer, Luke and Martinez, Marayna and Das, Madhurima and Breazeal, Cynthia},
  booktitle={Proceedings of the AAAI conference on artificial intelligence},
  volume={30},
  number={1},
  year={2016}
}

@article{escobar2022robot,
  title={" That Robot Played with Us!" Children's Perceptions of a Robot after a Child-Robot Group Interaction},
  author={Escobar-Planas, Marina and Charisi, Vicky and Gomez, Emilia},
  journal={Proceedings of the ACM on Human-Computer Interaction},
  volume={6},
  number={CSCW2},
  pages={1--23},
  year={2022},
  publisher={ACM New York, NY, USA}
}

@article{henkel2020robotic,
  title={Robotic transformative service research: deploying social robots for consumer well-being during COVID-19 and beyond},
  author={Henkel, Alexander P and {\v{C}}ai{\'c}, Martina and Blaurock, Marah and Okan, Mehmet},
  journal={Journal of Service Management},
  volume={31},
  number={6},
  pages={1131--1148},
  year={2020},
  publisher={Emerald Publishing Limited}
}

@inproceedings{michaelis2023off,
  title={" Off Script:" Design Opportunities Emerging from Long-Term Social Robot Interactions In-the-Wild},
  author={Michaelis, Joseph E and Cagiltay, Bengisu and Ibtasar, Rabia and Mutlu, Bilge},
  booktitle={Proceedings of the 2023 ACM/IEEE International Conference on Human-Robot Interaction},
  pages={378--387},
  year={2023}
}

@article{elliott2017understanding,
  title={Understanding sources of individual variability in parents’ number talk with young children},
  author={Elliott, Leanne and Braham, Emily J and Libertus, Melissa E},
  journal={Journal of Experimental Child Psychology},
  volume={159},
  pages={1--15},
  year={2017},
  publisher={Elsevier}
}

@inproceedings{dowker2021home,
  title={Home Numeracy and Preschool Children's Mathematical Development: Is Parental Mathematics Anxiety an Understudied Factor?},
  author={Dowker, Ann},
  booktitle={Frontiers in Education},
  volume={6},
  pages={2},
  year={2021},
  organization={Frontiers}
}

%method

@inproceedings{hutchinson2003technology,
  title={Technology probes: inspiring design for and with families},
  author={Hutchinson, Hilary and Mackay, Wendy and Westerlund, Bo and Bederson, Benjamin B and Druin, Allison and Plaisant, Catherine and Beaudouin-Lafon, Michel and Conversy, St{\'e}phane and Evans, Helen and Hansen, Heiko and others},
  booktitle={Proceedings of the SIGCHI conference on Human factors in computing systems},
  pages={17--24},
  year={2003}
}

@incollection{clarke2014thematic,
  title={Thematic analysis},
  author={Clarke, Victoria and Braun, Virginia},
  booktitle={Encyclopedia of critical psychology},
  pages={1947--1952},
  year={2014},
  publisher={Springer}
}

@article{mcdonald2019reliability,
  title={Reliability and inter-rater reliability in qualitative research: Norms and guidelines for CSCW and HCI practice},
  author={McDonald, Nora and Schoenebeck, Sarita and Forte, Andrea},
  journal={Proceedings of the ACM on human-computer interaction},
  volume={3},
  number={CSCW},
  pages={1--23},
  year={2019},
  publisher={ACM New York, NY, USA}
}

@inproceedings{horvitz1999principles,
  title={Principles of mixed-initiative user interfaces},
  author={Horvitz, Eric},
  booktitle={Proceedings of the SIGCHI conference on Human Factors in Computing Systems},
  pages={159--166},
  year={1999}
}

@inproceedings{van2020teachers,
  title={Teachers' perspectives on social robots in education: an exploratory case study},
  author={van Ewijk, Gijs and Smakman, Matthijs and Konijn, Elly A},
  booktitle={Proceedings of the interaction design and children conference},
  pages={273--280},
  year={2020}
}

@article{sirin2005socioeconomic,
  title={Socioeconomic status and academic achievement: A meta-analytic review of research},
  author={Sirin, Selcuk R},
  journal={Review of educational research},
  volume={75},
  number={3},
  pages={417--453},
  year={2005},
  publisher={Sage Publications Sage CA: Thousand Oaks, CA}
}

@article{nicholson2011recruitment,
  title={Recruitment and retention strategies in longitudinal clinical studies with low-income populations},
  author={Nicholson, Lisa M and Schwirian, Patricia M and Klein, Elizabeth G and Skybo, Theresa and Murray-Johnson, Lisa and Eneli, Ihuoma and Boettner, Bethany and French, Gina M and Groner, Judith A},
  journal={Contemporary clinical trials},
  volume={32},
  number={3},
  pages={353--362},
  year={2011},
  publisher={Elsevier}
}

@article{schoppe2013comparisons,
  title={Comparisons of levels and predictors of mothers' and fathers' engagement with their preschool-aged children},
  author={Schoppe-Sullivan, Sarah J and Kotila, Letitia E and Jia, Rongfang and Lang, Sarah N and Bower, Daniel J},
  journal={Early child development and care},
  volume={183},
  number={3-4},
  pages={498--514},
  year={2013},
  publisher={Taylor \& Francis}
}

@article{mcbride1993comparison,
  title={A comparison of mother and father involvement with their preschool age children},
  author={McBride, Brent A and Mills, Gail},
  journal={Early childhood research quarterly},
  volume={8},
  number={4},
  pages={457--477},
  year={1993},
  publisher={Elsevier}
}

@article{pearce2018optimizing,
  title={Optimizing makespan and ergonomics in integrating collaborative robots into manufacturing processes},
  author={Pearce, Margaret and Mutlu, Bilge and Shah, Julie and Radwin, Robert},
  journal={IEEE transactions on automation science and engineering},
  volume={15},
  number={4},
  pages={1772--1784},
  year={2018},
  publisher={IEEE}
}