@article{belpaeme2018social,
  title={Social robots for education: A review},
  author={Belpaeme, Tony and Kennedy, James and Ramachandran, Aditi and Scassellati, Brian and Tanaka, Fumihide},
  journal={Science robotics},
  volume={3},
  number={21},
  pages={eaat5954},
  year={2018},
  publisher={American Association for the Advancement of Science}
}

@inproceedings{beneteau2020parenting,
  title={Parenting with Alexa: exploring the introduction of smart speakers on family dynamics},
  author={Beneteau, Erin and Boone, Ashley and Wu, Yuxing and Kientz, Julie A and Yip, Jason and Hiniker, Alexis},
  booktitle={Proceedings of the 2020 CHI conference on human factors in computing systems},
  pages={1--13},
  year={2020}
}

@book{blevins2016early,
  title={Early childhood mathematics skill development in the home environment},
  author={Blevins-Knabe, Belinda and Austin, Ann M Berghout},
  year={2016},
  publisher={Springer}
}

@inproceedings{brown2014positive,
  title={The positive effects of verbal encouragement in mathematics education using a social robot},
  author={Brown, LaVonda N and Howard, Ayanna M},
  booktitle={2014 IEEE integrated STEM education conference},
  pages={1--5},
  year={2014},
  organization={IEEE}
}

@inproceedings{chan2017wakey,
  title={WAKEY: assisting parent-child communication for better morning routines},
  author={Chan, Meng-Ying and Lin, Yi-Hsuan and Lin, Long-Fei and Lin, Ting-Wei and Hsu, Wei-Che and Chang, Chia-yu and Liu, Rui and Chang, Ko-Yu and Lin, Min-hua and Hsu, Jane Yung-jen},
  booktitle={Proceedings of the 2017 ACM Conference on Computer Supported Cooperative Work and Social Computing},
  pages={2287--2299},
  year={2017}
}

@inproceedings{chen2022designing,
  title={Designing Long-term Parent-child-robot Triadic Interaction at Home through Lived Technology Experiences and Interviews},
  author={Chen, Huili and Ostrowski, Anastasia K and Jang, Soo Jung and Breazeal, Cynthia and Park, Hae Won},
  booktitle={2022 31st IEEE International Conference on Robot and Human Interactive Communication (RO-MAN)},
  pages={401--408},
  year={2022},
  organization={IEEE}
}

@article{davis2017parent,
  title={Parent education is changing: a review of smartphone apps},
  author={Davis, Deborah Winders and Logsdon, M Cynthia and Vogt, Krista and Rushton, Jeff and Myers, John and Lauf, Adrian and Hogan, Felicia},
  journal={MCN: The American Journal of Maternal/Child Nursing},
  volume={42},
  number={5},
  pages={248--256},
  year={2017},
  publisher={LWW}
}

@inproceedings{davison2020working,
  title={Working with a social robot in school: a long-term real-world unsupervised deployment},
  author={Davison, Daniel P and Wijnen, Frances M and Charisi, Vicky and van der Meij, Jan and Evers, Vanessa and Reidsma, Dennis},
  booktitle={Proceedings of the 2020 ACM/IEEE International Conference on Human-Robot Interaction},
  pages={63--72},
  year={2020}
}

@inproceedings{dietz2024contextq,
  title={ContextQ: Generated Questions to Support Meaningful Parent-Child Dialogue While Co-Reading},
  author={Dietz Smith, Griffin and Prasad, Siddhartha and Davidson, Matt J and Findlater, Leah and Shapiro, R Benjamin},
  booktitle={Proceedings of the 23rd Annual ACM Interaction Design and Children Conference},
  pages={408--423},
  year={2024}
}

@article{doyle2009investing,
  title={Investing in early human development: timing and economic efficiency},
  author={Doyle, Orla and Harmon, Colm P and Heckman, James J and Tremblay, Richard E},
  journal={Economics \& Human Biology},
  volume={7},
  number={1},
  pages={1--6},
  year={2009},
  publisher={Elsevier}
}

@article{duncan2007school,
  title={School readiness and later achievement.},
  author={Duncan, Greg J and Dowsett, Chantelle J and Claessens, Amy and Magnuson, Katherine and Huston, Aletha C and Klebanov, Pamela and Pagani, Linda S and Feinstein, Leon and Engel, Mimi and Brooks-Gunn, Jeanne and others},
  journal={Developmental psychology},
  volume={43},
  number={6},
  pages={1428},
  year={2007},
  publisher={American Psychological Association}
}

@article{entenberg2023user,
  title={User experience with a parenting chatbot micro intervention},
  author={Entenberg, Guido A and Dosovitsky, Gilly and Aghakhani, Shirin and Mostovoy, Karin and Carre, N and Marshall, Zendrea and Benfica, D and Mizrahi, S and Testerman, A and Rousseau, A and others},
  journal={Frontiers in Digital Health},
  volume={4},
  pages={989022},
  year={2023},
  publisher={Frontiers Media SA}
}

@article{espinosa2006technology,
  title={Technology in the home and the achievement of young children: Findings from the early childhood longitudinal study},
  author={Espinosa, Linda M and Laffey, James M and Whittaker, Tiffany and Sheng, Yanyan},
  journal={Early education and development},
  volume={17},
  number={3},
  pages={421--441},
  year={2006},
  publisher={Taylor \& Francis}
}

@article{fantuzzo2004multiple,
  title={Multiple dimensions of family involvement and their relations to behavioral and learning competencies for urban, low-income children},
  author={Fantuzzo, John and McWayne, Christine and Perry, Marlo A and Childs, Stephanie},
  journal={School psychology review},
  volume={33},
  number={4},
  pages={467--480},
  year={2004},
  publisher={Taylor \& Francis}
}

@article{fehrmann1987home,
  title={Home influence on school learning: Direct and indirect effects of parental involvement on high school grades},
  author={Fehrmann, Paul G and Keith, Timothy Z and Reimers, Thomas M},
  journal={The Journal of Educational Research},
  volume={80},
  number={6},
  pages={330--337},
  year={1987},
  publisher={Taylor \& Francis}
}

@article{gonzalez2022parental,
  title={Parental involvement in supporting students’ digital learning},
  author={Gonzalez-DeHass, Alyssa R and Willems, Patricia P and Powers, Jillian R and Musgrove, Ann T},
  journal={Educational Psychologist},
  volume={57},
  number={4},
  pages={281--294},
  year={2022},
  publisher={Taylor \& Francis}
}

@inproceedings{gordon2016affective,
  title={Affective personalization of a social robot tutor for children’s second language skills},
  author={Gordon, Goren and Spaulding, Samuel and Westlund, Jacqueline Kory and Lee, Jin Joo and Plummer, Luke and Martinez, Marayna and Das, Madhurima and Breazeal, Cynthia},
  booktitle={Proceedings of the AAAI conference on artificial intelligence},
  volume={30},
  number={1},
  year={2016}
}

@article{green2007parents,
  title={Parents' motivations for involvement in children's education: An empirical test of a theoretical model of parental involvement.},
  author={Green, Christa L and Walker, Joan MT and Hoover-Dempsey, Kathleen V and Sandler, Howard M},
  journal={Journal of educational psychology},
  volume={99},
  number={3},
  pages={532},
  year={2007},
  publisher={American Psychological Association}
}

@article{grolnick1997predictors,
  title={Predictors of parent involvement in children's schooling.},
  author={Grolnick, Wendy S and Benjet, Corina and Kurowski, Carolyn O and Apostoleris, Nicholas H},
  journal={Journal of educational psychology},
  volume={89},
  number={3},
  pages={538},
  year={1997},
  publisher={American Psychological Association}
}

@inproceedings{gvirsman2020patricc,
  title={Patricc: A platform for triadic interaction with changeable characters},
  author={Gvirsman, Omer and Koren, Yaacov and Norman, Tal and Gordon, Goren},
  booktitle={Proceedings of the 2020 ACM/IEEE International Conference on Human-robot Interaction},
  pages={399--407},
  year={2020}
}

@inproceedings{gvirsman2024effect,
  title={Effect of Social Robot's Role and Behavior on Parent-Toddler Interaction},
  author={Gvirsman, Omer and Gordon, Goren},
  booktitle={Proceedings of the 2024 ACM/IEEE International Conference on Human-Robot Interaction},
  pages={222--230},
  year={2024}
}

@inproceedings{han2023design,
  title={Design implications of generative AI systems for visual storytelling for young learners},
  author={Han, Ariel and Cai, Zhenyao},
  booktitle={Proceedings of the 22nd Annual ACM Interaction Design and Children Conference},
  pages={470--474},
  year={2023}
}

@inproceedings{han2024teachers,
  title={Teachers, Parents, and Students' perspectives on Integrating Generative AI into Elementary Literacy Education},
  author={Han, Ariel and Zhou, Xiaofei and Cai, Zhenyao and Han, Shenshen and Ko, Richard and Corrigan, Seth and Peppler, Kylie A},
  booktitle={Proceedings of the CHI Conference on Human Factors in Computing Systems},
  pages={1--17},
  year={2024}
}

@article{hara1998parent,
  title={Parent involvement: The key to improved student achievement},
  author={Hara, Steven R and Burke, Daniel J},
  journal={School community journal},
  volume={8},
  number={2},
  pages={9--19},
  year={1998}
}

@article{harris2008parents,
  title={Do parents know they matter? Engaging all parents in learning},
  author={Harris, Alma and Goodall, Janet},
  journal={Educational research},
  volume={50},
  number={3},
  pages={277--289},
  year={2008},
  publisher={Taylor \& Francis}
}

@article{hill2004parent,
  title={Parent academic involvement as related to school behavior, achievement, and aspirations: Demographic variations across adolescence},
  author={Hill, Nancy E and Castellino, Domini R and Lansford, Jennifer E and Nowlin, Patrick and Dodge, Kenneth A and Bates, John E and Pettit, Gregory S},
  journal={Child development},
  volume={75},
  number={5},
  pages={1491--1509},
  year={2004},
  publisher={Wiley Online Library}
}

@inproceedings{ho2021robomath,
  title={RoboMath: Designing a learning companion robot to support children’s numerical skills},
  author={Ho, Hui-Ru and Cagiltay, Bengisu and White, Nathan Thomas and Hubbard, Edward M and Mutlu, Bilge},
  booktitle={Interaction Design and Children},
  pages={283--293},
  year={2021}
}

@article{ho2023designing,
  title={Designing Parent-child-robot Interactions to Facilitate In-Home Parental Math Talk with Young Children},
  author={Ho, Hui-Ru and White, Nathan and Hubbard, Edward and Mutlu, Bilge},
  journal={arXiv preprint arXiv:2305.02525},
  year={2023}
}

@inproceedings{ho2024s,
  title={" It's Not a Replacement:" Enabling Parent-Robot Collaboration to Support In-Home Learning Experiences of Young Children},
  author={Ho, Hui-Ru and Hubbard, Edward M and Mutlu, Bilge},
  booktitle={Proceedings of the CHI Conference on Human Factors in Computing Systems},
  pages={1--18},
  year={2024}
}

@article{hofferth2010home,
  title={Home media and children’s achievement and behavior},
  author={Hofferth, Sandra L},
  journal={Child development},
  volume={81},
  number={5},
  pages={1598--1619},
  year={2010},
  publisher={Wiley Online Library}
}

@article{hoffner2002parents,
  title={Parents' responses to television violence: The third-person perception, parental mediation, and support for censorship},
  author={Hoffner, Cynthia and Buchanan, Martha},
  journal={Media Psychology},
  volume={4},
  number={3},
  pages={231--252},
  year={2002},
  publisher={Taylor \& Francis}
}

@article{howard2021digital,
  title={Digital misinformation/disinformation and children},
  author={Howard, Philip N and Neudert, Lisa-Maria and Prakash, Nayana and Vosloo, Steven},
  journal={UNICEF. Retrieved on February},
  volume={20},
  pages={2021},
  year={2021}
}

@article{jauhiainen2023generative,
  title={Generative AI and ChatGPT in school children’s education: Evidence from a school lesson},
  author={Jauhiainen, Jussi S and Guerra, Agust{\'\i}n Garagorry},
  journal={Sustainability},
  volume={15},
  number={18},
  pages={14025},
  year={2023},
  publisher={MDPI}
}

@inproceedings{kennedy2016social,
  title={Social robot tutoring for child second language learning},
  author={Kennedy, James and Baxter, Paul and Senft, Emmanuel and Belpaeme, Tony},
  booktitle={2016 11th ACM/IEEE international conference on human-robot interaction (HRI)},
  pages={231--238},
  year={2016},
  organization={IEEE}
}

@article{korat2010new,
  title={How new technology influences parent—child interaction: The case of e-book reading},
  author={Korat, Ofra and Or, Tal},
  journal={First Language},
  volume={30},
  number={2},
  pages={139--154},
  year={2010},
  publisher={Sage Publications Sage UK: London, England}
}

@inproceedings{lee2008elementary,
  title={Elementary and middle school teachers’, students’ and parents’ perception of robot-aided education in Korea},
  author={Lee, EunKyoung and Lee, YoungJun and Kye, Bokyung and Ko, Beomseog},
  booktitle={EdMedia+ Innovate Learning},
  pages={175--183},
  year={2008},
  organization={Association for the Advancement of Computing in Education (AACE)}
}

@inproceedings{leyzberg2012physical,
  title={The physical presence of a robot tutor increases cognitive learning gains},
  author={Leyzberg, Daniel and Spaulding, Samuel and Toneva, Mariya and Scassellati, Brian},
  booktitle={Proceedings of the annual meeting of the cognitive science society},
  volume={34},
  number={34},
  year={2012}
}

@inproceedings{leyzberg2014personalizing,
  title={Personalizing robot tutors to individuals' learning differences},
  author={Leyzberg, Daniel and Spaulding, Samuel and Scassellati, Brian},
  booktitle={Proceedings of the 2014 ACM/IEEE international conference on Human-robot interaction},
  pages={423--430},
  year={2014}
}

@article{lopez2018robotic,
  title={Robotic platform for teaching maths in junior high school},
  author={Lopez-Caudana, Edgar and Ponce, Pedro and Cervera, Luis and Iza, Sara and Mazon, Nancy},
  journal={International Journal on Interactive Design and Manufacturing (IJIDeM)},
  volume={12},
  number={4},
  pages={1349--1360},
  year={2018},
  publisher={Springer}
}

@inproceedings{louie2021desire,
  title={The desire for social robots to support English language learners: Exploring robot perceptions of teachers, parents, and students},
  author={Louie, Belinda and Bj{\"o}rling, Elin A and Kuo, Annie Camey},
  booktitle={Frontiers in Education},
  volume={6},
  pages={566909},
  year={2021},
  organization={Frontiers Media SA}
}

@article{ma2016meta,
  title={A meta-analysis of the relationship between learning outcomes and parental involvement during early childhood education and early elementary education},
  author={Ma, Xin and Shen, Jianping and Krenn, Huilan Y and Hu, Shanshan and Yuan, Jing},
  journal={Educational psychology review},
  volume={28},
  pages={771--801},
  year={2016},
  publisher={Springer}
}

@article{michaelis2018reading,
  title={Reading socially: Transforming the in-home reading experience with a learning-companion robot},
  author={Michaelis, Joseph E and Mutlu, Bilge},
  journal={Science Robotics},
  volume={3},
  number={21},
  pages={eaat5999},
  year={2018},
  publisher={American Association for the Advancement of Science}
}

@inproceedings{michaelis2019supporting,
  title={Supporting interest in science learning with a social robot},
  author={Michaelis, Joseph E and Mutlu, Bilge},
  booktitle={Proceedings of the 18th ACM International Conference on Interaction Design and Children},
  pages={71--82},
  year={2019}
}

@article{mogavi2024chatgpt,
  title={ChatGPT in education: A blessing or a curse? A qualitative study exploring early adopters’ utilization and perceptions},
  author={Mogavi, Reza Hadi and Deng, Chao and Kim, Justin Juho and Zhou, Pengyuan and Kwon, Young D and Metwally, Ahmed Hosny Saleh and Tlili, Ahmed and Bassanelli, Simone and Bucchiarone, Antonio and Gujar, Sujit and others},
  journal={Computers in Human Behavior: Artificial Humans},
  volume={2},
  number={1},
  pages={100027},
  year={2024},
  publisher={Elsevier}
}

@article{nikken2006parental,
  title={Parental mediation of children’s videogame playing: A comparison of the reports by parents and children},
  author={Nikken, Peter and Jansz, Jeroen},
  journal={Learning, media and technology},
  volume={31},
  number={2},
  pages={181--202},
  year={2006},
  publisher={Taylor \& Francis}
}

@article{oswald2020psychological,
  title={Psychological impacts of “screen time” and “green time” for children and adolescents: A systematic scoping review},
  author={Oswald, Tassia K and Rumbold, Alice R and Kedzior, Sophie GE and Moore, Vivienne M},
  journal={PloS one},
  volume={15},
  number={9},
  pages={e0237725},
  year={2020},
  publisher={Public Library of Science San Francisco, CA USA}
}

@article{papadakis2019parental,
  title={Parental involvement and attitudes towards young Greek children’s mobile usage},
  author={Papadakis, Stamatios and Zaranis, Nikolas and Kalogiannakis, Michail},
  journal={International Journal of Child-Computer Interaction},
  volume={22},
  pages={100144},
  year={2019},
  publisher={Elsevier}
}

@article{peck1992parent,
  title={Parent and teacher perceptions of outcomes for typically developing children enrolled in integrated early childhood programs: A statewide survey},
  author={Peck, Charles A and Carlson, Patricia and Helmstetter, Edwin},
  journal={Journal of early intervention},
  volume={16},
  number={1},
  pages={53--63},
  year={1992},
  publisher={SAGE Publications Sage CA: Los Angeles, CA}
}

@inproceedings{petsolari2024socio,
  title={Socio-technical Imaginaries: Envisioning and Understanding AI Parenting Supports through Design Fiction},
  author={Petsolari, Melina and Ibrahim, Seray B and Slovak, Petr},
  booktitle={Proceedings of the CHI Conference on Human Factors in Computing Systems},
  pages={1--27},
  year={2024}
}

@inproceedings{ramachandran2019personalized,
  title={Personalized robot tutoring using the assistive tutor pOMDP (AT-POMDP)},
  author={Ramachandran, Aditi and Sebo, Sarah Strohkorb and Scassellati, Brian},
  booktitle={Proceedings of the AAAI Conference on Artificial Intelligence},
  volume={33},
  number={01},
  pages={8050--8057},
  year={2019}
}

@inproceedings{schodde2017adaptive,
  title={Adaptive robot language tutoring based on Bayesian knowledge tracing and predictive decision-making},
  author={Schodde, Thorsten and Bergmann, Kirsten and Kopp, Stefan},
  booktitle={Proceedings of the 2017 ACM/IEEE International Conference on Human-Robot Interaction},
  pages={128--136},
  year={2017}
}

@inproceedings{sobel2017wasn,
  title={It wasn't really about the Pok{\'e}Mon: parents' perspectives on a location-based mobile game},
  author={Sobel, Kiley and Bhattacharya, Arpita and Hiniker, Alexis and Lee, Jin Ha and Kientz, Julie A and Yip, Jason C},
  booktitle={Proceedings of the 2017 CHI Conference on Human Factors in Computing Systems},
  pages={1483--1496},
  year={2017}
}

@article{su2023unlocking,
  title={Unlocking the power of ChatGPT: A framework for applying generative AI in education},
  author={Su, Jiahong and Yang, Weipeng},
  journal={ECNU Review of Education},
  volume={6},
  number={3},
  pages={355--366},
  year={2023},
  publisher={SAGE Publications Sage UK: London, England}
}

@article{sui1996effects,
  title={Effects of parental involvement on eighth-grade achievement},
  author={Sui-Chu, Esther Ho and Willms, J Douglas},
  journal={Sociology of education},
  pages={126--141},
  year={1996},
  publisher={JSTOR}
}

@article{sun2024exploring,
  title={Exploring Parent's Needs for Children-Centered AI to Support Preschoolers' Storytelling and Reading Activities},
  author={Sun, Yuling and Liu, Jiali and Yao, Bingsheng and Chen, Jiaju and Wang, Dakuo and Ma, Xiaojuan and Lu, Yuxuan and Xu, Ying and He, Liang},
  journal={arXiv preprint arXiv:2401.13804},
  year={2024}
}

@inproceedings{tanaka2009use,
  title={The use of robots in early education: a scenario based on ethical consideration},
  author={Tanaka, Fumihide and Kimura, Takeshi},
  booktitle={RO-MAN 2009-The 18th IEEE International Symposium on Robot and Human Interactive Communication},
  pages={558--560},
  year={2009},
  organization={IEEE}
}

@inproceedings{tolksdorf2020parents,
  title={Parents’ views on using social robots for language learning},
  author={Tolksdorf, Nils F and Rohlfing, Katharina J},
  booktitle={2020 29th IEEE International Conference on Robot and Human Interactive Communication (RO-MAN)},
  pages={634--640},
  year={2020},
  organization={IEEE}
}

@article{valkenburg1999developing,
  title={Developing a scale to assess three styles of television mediation:“Instructive mediation,”“restrictive mediation,” and “social coviewing”},
  author={Valkenburg, Patti M and Krcmar, Marina and Peeters, Allerd L and Marseille, Nies M},
  journal={Journal of broadcasting \& electronic media},
  volume={43},
  number={1},
  pages={52--66},
  year={1999},
  publisher={Taylor \& Francis}
}

@inproceedings{yu2024parent,
  title={Parent-Child Joint Media Engagement Within HCI: A Scoping Analysis of the Research Landscape},
  author={Yu, Junnan and Qi, Xiang and Yang, Siqi},
  booktitle={Proceedings of the CHI Conference on Human Factors in Computing Systems},
  pages={1--21},
  year={2024}
}

@inproceedings{zhang2022storybuddy,
  title={Storybuddy: A human-ai collaborative chatbot for parent-child interactive storytelling with flexible parental involvement},
  author={Zhang, Zheng and Xu, Ying and Wang, Yanhao and Yao, Bingsheng and Ritchie, Daniel and Wu, Tongshuang and Yu, Mo and Wang, Dakuo and Li, Toby Jia-Jun},
  booktitle={Proceedings of the 2022 CHI Conference on Human Factors in Computing Systems},
  pages={1--21},
  year={2022}
}

@inproceedings{zhang2024mathemyths,
  title={Mathemyths: leveraging large language models to teach mathematical language through Child-AI co-creative storytelling},
  author={Zhang, Chao and Liu, Xuechen and Ziska, Katherine and Jeon, Soobin and Yu, Chi-Lin and Xu, Ying},
  booktitle={Proceedings of the CHI Conference on Human Factors in Computing Systems},
  pages={1--23},
  year={2024}
}

