@article{feria2012effects,
  title={The effects of distractors in multiple object tracking are modulated by the similarity of distractor and target features},
  author={Feria, Cary S.},
  journal={Perception},
  volume={41},
  number={3},
  pages={287--304},
  year={2012}
}

@article{franconeri2010tracking,
  title={Tracking multiple objects is limited only by object spacing, not by speed, time, or capacity},
  author={Franconeri, S. L. and Jonathan, S. V. and Scimeca, J. M.},
  journal={Psychological Science},
  year={2010},
  volume={21},
  number={7},
  pages={920--925},
}

@article{Tao2021comparative,
  author = {Tao, Yaguang and Both, Alan  and Silveira, Rodrigo I.  and Buchin, Kevin and Sijben, Stef and Purves, Ross S.  and Laube, Patrick  and Peng, Dongliang and Toohey, Kevin  and Duckham, Matt},
  title = {A comparative analysis of trajectory similarity measures},
  journal = {GIScience \& Remote Sensing},
  volume = {58},
  number = {5},
  pages = {643--669},
  year = {2021}
}

@article{Francois2011globaldtw,
  title = {A global averaging method for dynamic time warping, with applications to clustering},
  journal = {Pattern Recognition},
  volume = {44},
  number = {3},
  pages = {678--693},
  year = {2011},
  author = {François, Petitjean and Alain, Ketterlin and Pierre, Gançarski},
}




@ARTICLE{chen2018mdl,
  author={Chen, Yuanzhe and Xu, Panpan and Ren, Liu},
  journal={IEEE Transactions on Visualization and Computer Graphics}, 
  title={Sequence Synopsis: Optimize Visual Summary of Temporal Event Data}, 
  year={2018},
  volume={24},
  number={1},
  pages={45--55},
}


@ARTICLE{chen2021ood,
  author={Chen, Changjian and Yuan, Jun and Lu, Yafeng and Liu, Yang and Su, Hang and Yuan, Songtao and Liu, Shixia},
  journal={IEEE Transactions on Visualization and Computer Graphics}, 
  title={OoDAnalyzer: Interactive Analysis of Out-of-Distribution Samples}, 
  year={2021},
  volume={27},
  number={7},
  pages={3335--3349},
}

@ARTICLE{elmqvist2010hierarchical,
  author={Elmqvist, Niklas and Fekete, Jean-Daniel},
  journal={IEEE Transactions on Visualization and Computer Graphics}, 
  title={Hierarchical Aggregation for Information Visualization: Overview, Techniques, and Design Guidelines}, 
  year={2010},
  volume={16},
  number={3},
  pages={439-454},
}


@ARTICLE{wallinger2022edgepath,
  author={Wallinger, Markus and Archambault, Daniel and Auber, David and Nöllenburg, Martin and Peltonen, Jaakko},
  journal={IEEE Transactions on Visualization and Computer Graphics}, 
  title={Edge-Path Bundling: A Less Ambiguous Edge Bundling Approach}, 
  year={2022},
  volume={28},
  number={1},
  pages={313-323}
}



@inproceedings{chevalier2016animation,
author = {Chevalier, Fanny and Riche, Nathalie Henry and Plaisant, Catherine and Chalbi, Amira and Hurter, Christophe},
title = {Animations 25 Years Later: New Roles and Opportunities},
year = {2016},
booktitle = {Proceedings of the International Working Conference on Advanced Visual Interfaces},
pages = {280--287},
}


@InProceedings{Quan2012tgieb,
author={Quan, Nguyen and Seok-Hee, Hong and Peter, Eades},
title={TGI-EB: A New Framework for Edge Bundling Integrating Topology, Geometry and Importance},
booktitle={Proceedings of Graph Drawing},
year={2012},
pages={123--135},
}


@article{martino2019granular,
  title = {Hierarchical granular hotspots detection},
  volume = {24},
  number = {2},
  journal = {Soft Computing},
  author = {Martino, Ferdinando Di and Pedrycz, Witold and Sessa,  Salvatore},
  year = {2019},
  pages = {1357--1376}
}


@article{yuan2023visual,
  title={Visual Analysis of Neural Architecture Spaces for Summarizing Design Principles},
  author={Yuan, Jun and Liu, Mengchen and Tian, Fengyuan and Liu, Shixia},
  year = {2023},
  journal = {{IEEE} Transactions on Visualization and Computer Graphics},
  volume={29},
  number={1},
  pages={288--298}
}


@ARTICLE{chen2024dynamic,
  author={Chen, Jiashu and Yang, Weikai and Jia, Zelin and Xiao, Lanxi and Liu, Shixia},
  journal={IEEE Transactions on Visualization and Computer Graphics}, 
  title={Dynamic Color Assignment for Hierarchical Data}, 
  year={2025},
  volume={31},
  number={1},
  pages={338--348}
}


@misc{catto2010box2d,
    author={Catto, Erin},
    title={Box2D},
    year={2010},
    url={https://box2d.org/}
}

@article{misue1995layout,
    title={Layout Adjustment and the Mental Map},
    author={Misue, Kazuo and Eades, Peter and Lai, Wei and Sugiyama, Kozo},
    journal={Journal of Visual Languages \& Computing},
    volume={6},
    number={2},
    pages={183--210},
    year={1995}
}


@inproceedings{liu2016socialbrands,
    author={Liu, Xiaotong and Xu, Anbang and Gou, Liang and Liu, Haibin and Akkiraju, Rama and Shen, Han-Wei},
    booktitle={Proceedings of IEEE Symposium on Visual Analytics Science and Technology}, 
    title={SocialBrands: Visual Analysis of Public Perceptions of Brands on Social Media}, 
    year={2016},
    pages={71--80},
}


@article{aubry2018sequential,
    author={Aubry, Augusto and De Maio, Antonio and Zappone, Alessio and Razaviyayn, Meisam and Luo, Zhi-Quan},
    journal={IEEE Transactions on Signal Processing}, 
    title={A New Sequential Optimization Procedure and Its Applications to Resource Allocation for Wireless Systems}, 
    year={2018},
    volume={66},
    number={24},
    pages={6518--6533},
}


@Article{tao2017hotspot,
    author={Tao, Jia and  Zheng, Ji},
    title={Understanding the Functionality of Human Activity Hotspots from Their Scaling Pattern Using Trajectory Data},
    journal={ISPRS International Journal of Geo-Information},
    volume={6},
    year={2017},
    number={11},
    pages={1--16}
}



@Article{li2023vectortrajectory,
    author={Li, Aidi and Xu, Zhijie and Zhang, Jianqin and Li, Taizeng and Cheng, Xinyue and Hu, Chaonan},
    title={A Vector Field Visualization Method for Trajectory Big Data},
    journal={ISPRS International Journal of Geo-Information},
    volume={12},
    year={2023},
    number={10},
    pages={1--21}
}

@article{deng2018road,
    author={Deng, Min and Huang, Jincai and Zhang, Yunfei and Liu, Huimin and Tang, Luliang and Tang, Jianbo and Yang, Xuexi},
    title={Generating urban road intersection models from low-frequency GPS trajectory data},
    journal={International Journal of Geographical Information Science},
    volume={32},
    number={12},
    pages={2337--2361},
    year={2018}
}

@article{rodrigues2024comparative,
    author={Rodrigues, Nils and Dennig, Frederik L. and Brandt, Vincent and Keim, Daniel A. and Weiskopf, Daniel},
    journal={IEEE Transactions on Visualization and Computer Graphics}, 
    title={Comparative Evaluation of Animated Scatter Plot Transitions}, 
    year={2024},
    volume={30},
    number={6},
    pages={2929--2941}
}


@article{yu2014circle,
    author={Yu, Zongqiao and Lu, Lin and Guo, Yanwen and Fan, Rongfei and Liu, Mingming and Wang, Wenping},
    journal={IEEE Transactions on Visualization and Computer Graphics}, 
    title={Content-Aware Photo Collage Using Circle Packing}, 
    year={2014},
    volume={20},
    number={2},
    pages={182--195}
}

@article{holten2006hierarchy,
    author={Holten, Danny},
    journal={IEEE Transactions on Visualization and Computer Graphics}, 
    title={Hierarchical Edge Bundles: Visualization of Adjacency Relations in Hierarchical Data}, 
    year={2006},
    volume={12},
    number={5},
    pages={741--748}
}


@book{aigner2011visualization,
    title={Visualization of Time-Oriented Data},
    author={Aigner, Wolfgang and Miksch, Silvia and Schumann, Heidrun and Tominski, Christian},
    volume={4},
    year={2011},
    publisher={Springer},
}

@article{chandola2009anomaly,
    author={Chandola, Varun and Banerjee, Arindam and Kumar, Vipin},
    title={Anomaly Detection: A survey},
    year={2009},
    volume={41},
    number={3},
    pages={1--58},
    journal={{ACM Computing} Surveys}
}

@inproceedings{liu2011anomaly,
    author={Liu, Wei and Zheng, Yu and Chawla, Sanjay and Yuan, Jing and Xing, Xie},
    title={Discovering Spatio-Temporal Causal Interactions in Traffic Data Streams},
    year={2011},
    booktitle={Proceedings of ACM SIGKDD International Conference on Knowledge Discovery and Data Mining},
    pages={1010–-1018},
}

@article{liu2014fraud,
    author={Liu, Siyuan and Ni, Lionel M. and Krishnan, Ramayya},
    journal={IEEE Transactions on Vehicular Technology}, 
    title={Fraud Detection From Taxis' Driving Behaviors}, 
    year={2014},
    volume={63},
    number={1},
    pages={464--472},
}


@article{cao2007periodic,
    author={Cao, Huiping and Mamoulis, Nikos and Cheung, David W.},
    journal={IEEE Transactions on Knowledge and Data Engineering}, 
    title={Discovery of Periodic Patterns in Spatiotemporal Sequences}, 
    year={2007},
    volume={19},
    number={4},
    pages={453--467}
}


@inproceedings{thompson2021data,
    author={Thompson, John R and Liu, Zhicheng and Stasko, John},
    title={Data Animator: Authoring Expressive Animated Data Graphics},
    year={2021},
    booktitle={Proceedings of the CHI Conference on Human Factors in Computing Systems},
    pages={1--18},
}

@article{kim2021gemini,
    author={Kim, Younghoon and Heer, Jeffrey},
    journal={IEEE Transactions on Visualization and Computer Graphics}, 
    title={Gemini: A Grammar and Recommender System for Animated Transitions in Statistical Graphics}, 
    year={2021},
    volume={27},
    number={2},
    pages={485--494}
}


@inproceedings{davis2007metric,
    author={Davis, Jason V. and Kulis, Brian and Jain, Prateek and Sra, Suvrit and Dhillon, Inderjit S.},
    title={Information-Theoretic Metric Learning},
    year={2007},
    booktitle={Proceedings of International Conference on Machine Learning},
    pages={209–-216},
}

@inproceedings{hu2016spot,
    author={Hu, Yueqi and Polk, Tom and Yang, Jing and Zhao, Ye and Liu, Shixia},
    booktitle={Proceedings of IEEE Pacific Visualization Symposium}, 
    title={Spot-Tracking Lens: A Zoomable User Interface for Animated Bubble Charts}, 
    year={2016},
    pages={16--23},
}

@article{lhuillier2017sotaedge,
    author={Lhuillier, A. and Hurter, C. and Telea, A.},
    title={State of the Art in Edge and Trail Bundling Techniques},
    journal={Computer Graphics Forum},
    volume={36},
    number={3},
    pages={619--645},
    year={2017}
}

@book{munzner2014visualization,
    title={Visualization Analysis and Design},
    author={Munzner, Tamara},
    year={2014},
    publisher={CRC press}
}

@misc{healey2007perception,
    title={Perception in Visualization},
    author={Healey, Christopher G and others},
    lastaccessed="September 11, 2024",
    year={2007},
    url={https://www.csc2.ncsu.edu/faculty/healey/PP/}
}

@article{wang2017vector,
    title={A Vector Field Design Approach to Animated Transitions},
    author={Wang, Yong and Archambault, Daniel and Scheidegger, Carlos E and Qu, Huamin},
    journal={IEEE Transactions on Visualization and Computer Graphics},
    volume={24},
    number={9},
    pages={2487--2500},
    year={2018}
}

@inproceedings{yuan2010tdrive,
    author={Yuan, Jing and Zheng, Yu and Zhang, Chengyang and Xie, Wenlei and Xie, Xing and Sun, Guangzhong and Huang, Yan},
    title={T-Drive: Driving Directions Based on Taxi Trajectories},
    year={2010},
    booktitle={Proceedings of SIGSPATIAL International Conference on Advances in Geographic Information Systems},
    pages={99–-108},
}

@inproceedings{yuan2011drive,
    author={Yuan, Jing and Zheng, Yu and Xie, Xing and Sun, Guangzhong},
    title={Driving with Knowledge from the Physical World},
    year={2011},
    booktitle={Proceedings of ACM SIGKDD International Conference on Knowledge Discovery and Data Mining},
    pages={316–-324},
}

@misc{hurricane,
    title={Hurricanes and Typhoons, 1851-2014},
    url={https://www.kaggle.com/datasets/noaa/hurricane-database},
    lastaccessed="August 21, 2024",
    year={2016},
    author={NOAA and Abigail Larion}
}

@misc{railway,
    key={hao86},
    author={hao86},
    title={Railway statistics},
    url="https://train.hao86.com/",
    lastaccessed="August 21, 2024",
    year={2005}
}

@misc{opensky,
    author={OpenSky Network},
    year=2020,
    title="Open Air Traffic Data for Research",
    url="https://opensky-network.org/datasets/states",
    lastaccessed="August 21, 2024",
}

@misc{mei,
    author= {C. CERL},
    year= {2015},
    title= {MEI - Material Evidence in Incunabula},
    url= {https://data.cerl.org/mei/_search},
    month= {jan},
    lastaccessed="July 4, 2024",
}


@article{zheng2018focus+,
    title={Focus+Context Grouping for Animated Transitions},
    author={Zheng, Yixian and Wu, Wenchao and Cao, Nan and Qu, Huamin and Ni, Lionel M},
    journal={Journal of Visual Languages \& Computing},
    volume={48},
    pages={61--69},
    year={2018}
}

@article{sandra2006nasa,
    author={Sandra G., Hart},
    title={Nasa-Task Load Index (NASA-TLX); 20 Years Later},
    journal={Proceedings of the Human Factors and Ergonomics Society Annual Meeting},
    volume={50},
    number={9},
    pages={904--908},
    year={2006}
}

@inproceedings{kim2021gemini2,
    author={Kim, Younghoon and Heer, Jeffrey},
    booktitle={Proceedings of IEEE Visualization Conference}, 
    title={Gemini2: Generating Keyframe-Oriented Animated Transitions Between Statistical Graphics}, 
    year={2021},
    pages={201--205},
}

@inproceedings{dragicevic2011gliimpse,
    author={Dragicevic, Pierre and Huot, St\'{e}phane and Chevalier, Fanny},
    title={Gliimpse: Animating from Markup Code to Rendered Documents and Vice Versa},
    year={2011},
    booktitle={Proceedings of ACM Symposium on User Interface Software and Technology},
    pages={257--262},
}

@inproceedings{wang2006circle,
    author={Wang, Weixin and Wang, Hui and Dai, Guozhong and Wang, Hongan},
    title={Visualization of Large Hierarchical Data by Circle Packing},
    year={2006},
    booktitle={Proceedings of the CHI Conference on Human Factors in Computing Systems},
    pages={517–-520},
}

@article{gortler2018bubble,
    author={G\"ortler, Jochen and Schulz, Christoph and Weiskopf, Daniel and Deussen, Oliver},
    journal={IEEE Transactions on Visualization and Computer Graphics}, 
    title={Bubble Treemaps for Uncertainty Visualization}, 
    year={2018},
    volume={24},
    number={1},
    pages={719--728}
}

@article{cao2011dicon,
    author={Cao, Nan and Gotz, David and Sun, Jimeng and Qu, Huamin},
    journal={IEEE Transactions on Visualization and Computer Graphics}, 
    title={DICON: Interactive Visual Analysis of Multidimensional Clusters}, 
    year={2011},
    volume={17},
    number={12},
    pages={2581--2590}
}

@inproceedings{chang1993animation,
    author={Chang, Bay-Wei and Ungar, David},
    title={Animation: From Cartoons to the User Interface},
    year={1993},
    booktitle={Proceedings of ACM Symposium on User Interface Software and Technology},
    pages={45--55},
}

@article{fencsik2007role,
    title={The Role of Location and Motion Information in the Tracking and Recovery of Moving Objects},
    author={Fencsik, David E. and Klieger, Sarah B. and Horowitz, Todd S.},
    journal={Perception \& Psychophysics},
    volume={69},
    pages={567--577},
    year={2007}
}

@article{mutsumi2006trajectory,
    author={Mutsumi, Suganuma and Kazuhiko,Yokosawa},
    title={Grouping and Trajectory Storage in Multiple Object Tracking: Impairments Due to Common Item Motions},
    journal={Perception},
    volume={35},
    number={4},
    pages={483-495},
    year={2006}
}

@inproceedings{nikitopoulos2018hotspot,
    author={Nikitopoulos, Panagiotis and Paraskevopoulos, Aris-Iakovos and Doulkeridis, Christos and Pelekis, Nikos and Theodoridis, Yannis},
    booktitle={Proceedings of IEEE International Conference on Big Data}, 
    title={Hot Spot Analysis over Big Trajectory Data}, 
    year={2018},
    pages={761--770},
}



@article{roberson2008trend,
    author={Robertson, George and Fernandez, Roland and Fisher, Danyel and Lee, Bongshin and Stasko, John},
    journal={IEEE Transactions on Visualization and Computer Graphics}, 
    title={Effectiveness of Animation in Trend Visualization}, 
    year={2008},
    volume={14},
    number={6},
    pages={1325--1332}
}

@article{brehmer2020smart,
    author={Brehmer, Matthew and Lee, Bongshin and Isenberg, Petra and Choe, Eun Kyoung},
    journal={IEEE Transactions on Visualization and Computer Graphics}, 
    title={A Comparative Evaluation of Animation and Small Multiples for Trend Visualization on Mobile Phones}, 
    year={2020},
    volume={26},
    number={1},
    pages={364--374}
}


@inproceedings{yee2001animated,
    author = {Yee, Ka-Ping and Fisher, Danyel and Dhamija, Rachna and Hearst, Marti},
    booktitle={Proceedings of IEEE Symposium on Information Visualization}, 
    title={Animated Exploration of Dynamic Graphs with Radial Layout}, 
    year={2001},
    pages={43--50},
}


@inproceedings{du2015trajectory,
    title={Trajectory Bundling for Animated Transitions},
    author={Du, Fan and Cao, Nan and Zhao, Jian and Lin, Yu-Ru},
    booktitle={Proceedings of the CHI Conference on Human Factors in Computing Systems},
    pages={289--298},
    year={2015},
}

@article{tversky2002animation,
    title={Animation: Can It Facilitate?},
    author={Tversky, Barbara and Morrison, Julie Bauer and Betrancourt, Mireille},
    journal={International Journal of Human-Computer Studies},
    volume={57},
    number={4},
    pages={247--262},
    year={2002}
}

@online{rosling2010Gapminder,
    author= {Rosling, Hans},
    title= {Hans Rosling's 200 Countries, 200 Years, 4 Minutes},
    year=2010,
    url=   {https://youtu.be/jbkSRLYSojo?si=AxkEX5mZ0zIGs0V6},
    lastaccessed={June 4, 2024}
}

@article{heer2007animated,
    title={Animated Transitions in Statistical Data Graphics},
    author={Heer, Jeffrey and Robertson, George},
    journal={IEEE Transactions on Visualization and Computer Graphics},
    volume={13},
    number={6},
    pages={1240--1247},
    year={2007}
}

@article{chalbi2020common,
    title={Common Fate for Animated Transitions in Visualization},
    author={Chalbi, Amira and Ritchie, Jacob and Park, Deokgun and Choi, Jungu and Roussel, Nicolas and Elmqvist, Niklas and Chevalier, Fanny},
    journal={IEEE Transactions on Visualization and Computer Graphics},
    volume={26},
    number={1},
    pages={386--396},
    year={2020}
}


@misc{BirdMap,
    author=      {Adojaan K and Sellis U and V\"{a}li \"{U} and Ojaste I and  Denac K and  L\~{o}hmus A and  Kuze J},
    year=        {2019},
    title=       {BirdMap Data - GPS tracking of Storks, Cranes and birds of prey, breeding in Northern and Eastern Europe},
    note=        {Pluto F. Occurrence dataset},
    url=         {https://doi.org/10.15468/vnwmrx},
    month=       {mar},
    lastaccessed={July 4, 2024},
}

@misc{DanishAIS,
    key={Danish Maritime Authority},
    author={Danish Maritime Authority},
    title= {Data from the Danish AIS system},
    year=       {2020},
    url=        {https://www.dma.dk/safety-at-sea/navigational-information/download-data},
    lastaccessed={July 4, 2024}
}

@misc{TrainData,
    title=      {Trains of data},
    Author=     {K. Kloeckl and X. Chen and C. Sommer and C. Ratti and A. Biderman},
    year=       {2012},
    url=        {https://senseable.mit.edu/trainsofdata/},
    lastaccessed={July 10, 2024}
}

@article{zheng2015trajectory,
    title={Trajectory Data Mining: An Overview},
    author={Zheng, Yu},
    journal={ACM Transactions on Intelligent Systems and Technology},
    volume={6},
    number={3},
    pages={1--41},
    year={2015}
}

@article{dhanjal2018birdspatial,
    title={Spatiotemporal Group Dynamics in a Long-Distance Migratory Bird},
    author={Dhanjal-Adams, Kiran L and Bauer, Silke and Emmenegger, Tamara and Hahn, Steffen and Lisovski, Simeon and Liechti, Felix},
    journal={Current Biology},
    volume={28},
    number={17},
    pages={2824--2830},
    year={2018}
}

@article{flack2018birdlocal,
    title={From local collective behavior to global migratory patterns in white storks},
    author={Flack, Andrea and Nagy, M{\'a}t{\'e} and Fiedler, Wolfgang and Couzin, Iain D and Wikelski, Martin},
    journal={Science},
    volume={360},
    number={6391},
    pages={911--914},
    year={2018}
}

@article{silk2014importance,
    title={The importance of fission-fusion social group dynamics in birds},
    author={Silk, Matthew J and Croft, Darren P and Tregenza, Tom and Bearhop, Stuart},
    journal={Ibis},
    volume={156},
    number={4},
    pages={701--715},
    year={2014}
}

@article{park2010bus,
    title={The school bus routing problem: A review},
    author={Park, Junhyuk and Kim, Byung-In},
    journal={European Journal of Operational Research},
    volume={202},
    number={2},
    pages={311--319},
    year={2010}
}

@book{sallaberry2013clustering,
    title={Clustering, Visualizing, and Navigating for Large Dynamic Graphs},
    author={Sallaberry, Arnaud and Muelder, Chris and Ma, Kwan-Liu},
    booktitle={Proceedings of International Symposium on Graph Drawing},
    pages={487--498},
    year={2013},
    publisher={Springer},
}

@article{chevalier2014not,
    title={The Not-so-Staggering Effect of Staggered Animated Transitions on Visual Tracking},
    author={Chevalier, Fanny and Dragicevic, Pierre and Franconeri, Steven},
    journal={IEEE Transactions on Visualization and Computer Graphics},
    volume={20},
    number={12},
    pages={2241--2250},
    year={2014}
}

@article{fisher2010animation,
    title={Animation for Visualization: Opportunities and Drawbacks},
    author={Fisher, Danyel},
    journal={Beautiful Visualization},
    volume={19},
    pages={329--352},
    year={2010}
}

@article{chen2015survey,
    title={A Survey of Traffic Data Visualization},
    author={Chen, Wei and Guo, Fangzhou and Wang, Fei-Yue},
    journal={IEEE Transactions on Intelligent Transportation Systems},
    volume={16},
    number={6},
    pages={2970--2984},
    year={2015}
}

@article{cui2008geometry,
    title={Geometry-Based Edge Clustering for Graph Visualization},
    author={Cui, Weiwei and Zhou, Hong and Qu, Huamin and Wong, Pak Chung and Li, Xiaoming},
    journal={IEEE Transactions on Visualization and Computer Graphics},
    volume={14},
    number={6},
    pages={1277--1284},
    year={2008}
}

@article{chen2015traffic,
    title={A Survey of Traffic Data Visualization},
    author={Chen, Wei and Guo, Fangzhou and Wang, Fei-Yue},
    journal={IEEE Transactions on Intelligent Transportation Systems},
    volume={16},
    number={6},
    pages={2970--2984},
    year={2015}
}

@book{tufte1983visual,
    title={The Visual Display of Quantitative Information},
    author={Tufte, Edward R and Graves-Morris, Peter R},
    volume={2},
    number={9},
    year={1983},
    publisher={Graphics press Cheshire}
}

@article{wagemans2012century,
    title={A Century of {Gestalt} Psychology in Visual Perception {I}. {Perceptual Grouping} and {Figure-Ground} Organization},
    author={Wagemans, Johan  and  Elder, James H.  and  Kubovy, Michael  and  Palmer, Stephen E.  and  Peterson, Mary A.  and  Singh, Manish  and R\"{u}diger von der Heydt},
    journal={Psychological Bulletin},
    number={6},
    volume={138},
    pages={1172--1217},
    year={2012}
}

@article{todorovic2008gestalt,
    title={Gestalt Principles},
    author={Todorovic, Dejan},
    journal={Scholarpedia},
    volume={3},
    number={12},
    pages={5345},
    year={2008}
}

@article{ellegood2020school,
    title={School bus routing problem: Contemporary trends and research directions},
    author={Ellegood, William A and Solomon, Stanislaus and North, Jeremy and Campbell, James F},
    journal={Omega},
    volume={95},
    pages={102056},
    year={2020},
}

@article{li2002school,
    title={The school bus routing problem: a case study},
    author={Li, Leon YO and Fu, Zhuo},
    journal={Journal of the Operational Research Society},
    volume={53},
    number={5},
    pages={552--558},
    year={2002}
}

@article{zhou2013edge,
    title={Edge bundling in Information Visualization},
    author={Zhou, Hong and Xu, Panpan and Yuan, Xiaoru and Qu, Huamin},
    journal={Tsinghua Science and Technology},
    volume={18},
    number={2},
    pages={145--156},
    year={2013}
}

@article{holten2009force,
    author={Holten, Danny and Van Wijk, Jarke J.},
    title={Force-Directed Edge Bundling for Graph Visualization},
    journal={Computer Graphics Forum},
    volume={28},
    number={3},
    pages={983--990},
    year={2009}
}

@article{selassie2011divided,
    title={Divided Edge Bundling for Directional Network Data},
    author={Selassie, David and Heller, Brandon and Heer, Jeffrey},
    journal={IEEE Transactions on Visualization and Computer Graphics},
    volume={17},
    number={12},
    pages={2354--2363},
    year={2011}
}

@article{holten2006hierarchical,
    title={Hierarchical Edge Bundles: Visualization of Adjacency Relations in Hierarchical Data},
    author={Holten, Danny},
    journal={IEEE Transactions on Visualization and Computer Graphics},
    volume={12},
    number={5},
    pages={741--748},
    year={2006}
}

@article{hurter2012kde,
    title={Graph Bundling by Kernel Density Estimation},
    author={Hurter, Christophe and Ersoy, Ozan and Telea, Alexandru},
    journal={Computer Graphics Forum},
    volume={31},
    number={3pt1},
    pages={865--874},
    year={2012}
}

@article{van2016cubu,
    title={CUBu: Universal Real-Time Bundling for Large Graphs},
    author={Van Der Zwan, Matthew and Codreanu, Valeriu and Telea, Alexandru},
    journal={IEEE Transactions on Visualization and Computer Graphics},
    volume={22},
    number={12},
    pages={2550--2563},
    year={2016}
}

@inproceedings{gansner2011MINGLE,
    author={Gansner, Emden R. and Hu, Yifan and North, Stephen and Scheidegger, Carlos},
    booktitle={Proceedings of IEEE Pacific Visualization Symposium}, 
    title={Multilevel Agglomerative Edge Bundling for Visualizing Large Graphs}, 
    year={2011},
    pages={187--194},
}

@article{liang2017photorecomposer,
    author={Liang, Yuan and Wang, Xiting and Zhang, Song-Hai and Hu, Shi-Min and Liu, Shixia},
    journal={IEEE Transactions on Visualization and Computer Graphics}, 
    title={PhotoRecomposer: Interactive Photo Recomposition by Cropping}, 
    year={2018},
    volume={24},
    number={10},
    pages={2728--2742}
}

@book{muller2007sdtw,
    title={Information Retrieval for Music and Motion},
    author={M{\"u}ller, Meinard},
    volume={2},
    year={2007},
    publisher={Springer}
}

@Inbook{muller2007dtw,
    title="Dynamic Time Warping",
    bookTitle="Information Retrieval for Music and Motion",
    year="2007",
    publisher="Springer",
    pages="69--84",
    isbn="978-3-540-74048-3",
    doi="10.1007/978-3-540-74048-3_4",
    url="https://doi.org/10.1007/978-3-540-74048-3_4",
    author={M\"uller, Meinard}
}



@misc{birdmapdemo,
    author={5D Vision},
    key={5D Vision},
    url={https://birdmap.5dvision.ee/EN},
    year={2006},
    note={A website demo of BirdMap dataset},
    howpublished={},
    lastaccessed={August 8, 2024},
}

@misc{birdvideo,
    key={Bird migration in Europe tracked by GPS},
    author={Crazy Clips},
    url={https://www.youtube.com/watch?v=AtuyMjSKqhY},
    year={2021},
    month={June},
    lastaccessed={August 8, 2024},
}

@misc{vesselvideo,
    key={Marine Traffic – A visualisation of global shipping data},
    author={Aurecon},
    url={https://www.youtube.com/watch?v=JLg1_dnWXR8},
    year={2018},
    month={March},
    lastaccessed={August 8, 2024},
}

@inproceedings{dragicevic2011distortion,
    author={Dragicevic, Pierre and Bezerianos, Anastasia and Javed, Waqas and Elmqvist, Niklas and Fekete, Jean-Daniel},
    title={Temporal Distortion for Animated Transitions},
    year={2011},
    booktitle={Proceedings of the CHI Conference on Human Factors in Computing Systems},
    pages={2009--2018},
}

@article{rodrigues2024evaluation,
    author={Rodrigues, Nils and Dennig, Frederik L. and Brandt, Vincent and Keim, Daniel A. and Weiskopf, Daniel},
    journal={IEEE Transactions on Visualization and Computer Graphics}, 
    title={Comparative Evaluation of Animated Scatter Plot Transitions}, 
    year={2024},
    volume={30},
    number={6},
    pages={2929--2941}
}

@inproceedings{baudisch2006Phosphor,
    author={Baudisch, Patrick and Tan, Desney and Collomb, Maxime and Robbins, Dan and Hinckley, Ken and Agrawala, Maneesh and Zhao, Shengdong and Ramos, Gonzalo},
    title={Phosphor: Explaining Transitions in the User Interface Using Afterglow Effects},
    year={2006},
    booktitle={Proceedings of the ACM Symposium on User Interface Software and Technology},
    pages={169–-178},
}

@article{elmqvist2008rolling,
    author={Elmqvist, Niklas and Dragicevic, Pierre and Fekete, Jean-Daniel},
    journal={IEEE Transactions on Visualization and Computer Graphics}, 
    title={Rolling the Dice: Multidimensional Visual Exploration using Scatterplot Matrix Navigation}, 
    year={2008},
    volume={14},
    number={6},
    pages={1539--1148}
}

@article{bach2014graphdiaries,
    author={Bach, Benjamin and Pietriga, Emmanuel and Fekete, Jean-Daniel},
    journal={IEEE Transactions on Visualization and Computer Graphics}, 
    title={GraphDiaries: Animated Transitions and Temporal Navigation for Dynamic Networks}, 
    year={2014},
    volume={20},
    number={5},
    pages={740--754}
}

@inproceedings{guilmaine2012hierarchy,
    author={Guilmaine, David and Viau, Christophe and McGuffin, Michael J.},
    title={Hierarchically Animated Transitions in Visualizations of Tree Structures},
    year={2012},
    booktitle={International Working Conference on Advanced Visual Interfaces},
    pages={514–-521},
}
@article{liu2014survey,
  title={A survey on Information Visualization: Recent Advances and Challenges},
  author={Liu, Shixia and Cui, Weiwei and Wu, Yingcai and Liu, Mengchen},
  journal={The Visual Computer},
  volume={30},
  pages={1373--1393},
  year={2014},
}
@article{cui2011textflow,
  title={Textflow: Towards Better Understanding of Evolving Topics in Text},
  author={Cui, Weiwei and Liu, Shixia and Tan, Li and Shi, Conglei and Song, Yangqiu and Gao, Zekai and Qu, Huamin and Tong, Xin},
  journal={IEEE Transactions on Visualization and Computer Graphics},
  volume={17},
  number={12},
  pages={2412--2421},
  year={2011},

}