@inproceedings{Blei2009LatentDA,
  title={Latent Dirichlet Allocation},
  author={David M. Blei and A. Ng and Michael I. Jordan},
  year={2009},
  url={https://api.semanticscholar.org/CorpusID:3177797}
}

@article{Jolliffe2016PrincipalCA,
  title={Principal component analysis: a review and recent developments},
  author={Ian T. Jolliffe and Jorge Cadima},
  journal={Philosophical Transactions of the Royal Society A: Mathematical, Physical and Engineering Sciences},
  year={2016},
  volume={374},
  url={https://api.semanticscholar.org/CorpusID:20101754}
}

@article{Kingma2013AutoEncodingVB,
  title={Auto-Encoding Variational Bayes},
  author={Diederik P. Kingma and Max Welling},
  journal={CoRR},
  year={2013},
  volume={abs/1312.6114},
  url={https://api.semanticscholar.org/CorpusID:216078090}
}

@inproceedings{Rumelhart1986LearningIR,
  title={Learning internal representations by error propagation},
  author={David E. Rumelhart and Geoffrey E. Hinton and Ronald J. Williams},
  year={1986},
  url={https://api.semanticscholar.org/CorpusID:62245742}
}

@inproceedings{pham-etal-2024-topicgpt,
    title = "{T}opic{GPT}: A Prompt-based Topic Modeling Framework",
    author = "Pham, Chau  and
      Hoyle, Alexander  and
      Sun, Simeng  and
      Resnik, Philip  and
      Iyyer, Mohit",
    editor = "Duh, Kevin  and
      Gomez, Helena  and
      Bethard, Steven",
    booktitle = "Proceedings of the 2024 Conference of the North American Chapter of the Association for Computational Linguistics: Human Language Technologies (Volume 1: Long Papers)",
    month = jun,
    year = "2024",
    address = "Mexico City, Mexico",
    publisher = "Association for Computational Linguistics",
    url = "https://aclanthology.org/2024.naacl-long.164",
    doi = "10.18653/v1/2024.naacl-long.164",
    pages = "2956--2984",
    abstract = "",
}

@inproceedings{wang-etal-2023-goal,
    title = "Goal-Driven Explainable Clustering via Language Descriptions",
    author = "Wang, Zihan  and
      Shang, Jingbo  and
      Zhong, Ruiqi",
    editor = "Bouamor, Houda  and
      Pino, Juan  and
      Bali, Kalika",
    booktitle = "Proceedings of the 2023 Conference on Empirical Methods in Natural Language Processing",
    month = dec,
    year = "2023",
    address = "Singapore",
    publisher = "Association for Computational Linguistics",
    url = "https://aclanthology.org/2023.emnlp-main.657",
    doi = "10.18653/v1/2023.emnlp-main.657",
    pages = "10626--10649",
    abstract = "",
}

