
BibTeX
MLA
APA
Chicago
@article{Fayyad1996TheKP,
  title={The KDD process for extracting useful knowledge from volumes of data},
  author={Usama M. Fayyad and Gregory Piatetsky-Shapiro and Padhraic Smyth},
  journal={Commun. ACM},
  year={1996},
  volume={39},
  pages={27-34},
  url={https://api.semanticscholar.org/CorpusID:56635038}
}

@inproceedings{wang-etal-2023-goal,
    title = "Goal-Driven Explainable Clustering via Language Descriptions",
    author = "Wang, Zihan  and
      Shang, Jingbo  and
      Zhong, Ruiqi",
    editor = "Bouamor, Houda  and
      Pino, Juan  and
      Bali, Kalika",
    booktitle = "Proceedings of the 2023 Conference on Empirical Methods in Natural Language Processing",
    month = dec,
    year = "2023",
    address = "Singapore",
    publisher = "Association for Computational Linguistics",
    url = "https://aclanthology.org/2023.emnlp-main.657",
    doi = "10.18653/v1/2023.emnlp-main.657",
    pages = "10626--10649",
    abstract = "",
}

@inproceedings{pham-etal-2024-topicgpt,
    title = "{T}opic{GPT}: A Prompt-based Topic Modeling Framework",
    author = "Pham, Chau  and
      Hoyle, Alexander  and
      Sun, Simeng  and
      Resnik, Philip  and
      Iyyer, Mohit",
    editor = "Duh, Kevin  and
      Gomez, Helena  and
      Bethard, Steven",
    booktitle = "Proceedings of the 2024 Conference of the North American Chapter of the Association for Computational Linguistics: Human Language Technologies (Volume 1: Long Papers)",
    month = jun,
    year = "2024",
    address = "Mexico City, Mexico",
    publisher = "Association for Computational Linguistics",
    url = "https://aclanthology.org/2024.naacl-long.164",
    doi = "10.18653/v1/2024.naacl-long.164",
    pages = "2956--2984",
    abstract = "",
}




@inproceedings{Zhong2023D5,
  author       = {Ruiqi Zhong and
                  Peter Zhang and
                  Steve Li and
                  Jinwoo Ahn and
                  Dan Klein and
                  Jacob Steinhardt},
  editor       = {Alice Oh and
                  Tristan Naumann and
                  Amir Globerson and
                  Kate Saenko and
                  Moritz Hardt and
                  Sergey Levine},
  title        = {Goal Driven Discovery of Distributional Differences via Language Descriptions},
  booktitle    = {Advances in Neural Information Processing Systems 36: Annual Conference
                  on Neural Information Processing Systems 2023, NeurIPS 2023, New Orleans,
                  LA, USA, December 10 - 16, 2023},
  year         = {2023},
  url          = {http://papers.nips.cc/paper\_files/paper/2023/hash/7e810b2c75d69be186cadd2fe3febeab-Abstract-Conference.html},
  timestamp    = {Fri, 01 Mar 2024 16:26:20 +0100},
  biburl       = {https://dblp.org/rec/conf/nips/ZhongZLAKS23.bib},
  bibsource    = {dblp computer science bibliography, https://dblp.org}
}

@inproceedings{citationneeded,
  author       = {placeholder},
  editor       = {ABC and DEF},
  title        = {Placeholder for Citation to be Found},
  booktitle    = {Advances in Finding Citations for Your Ppaer},
  year         = {2077}
}

@inproceedings{Steeg2014DiscoveringSI,
  title={Discovering Structure in High-Dimensional Data Through Correlation Explanation},
  author={Greg Ver Steeg and A. G. Galstyan},
  booktitle={Neural Information Processing Systems},
  year={2014},
  url={https://api.semanticscholar.org/CorpusID:14240005}
}

@article{Kingma2013AutoEncodingVB,
  title={Auto-Encoding Variational Bayes},
  author={Diederik P. Kingma and Max Welling},
  journal={CoRR},
  year={2013},
  volume={abs/1312.6114},
  url={https://api.semanticscholar.org/CorpusID:216078090}
}

@inproceedings{madaan2023selfrefine,
  author       = {Aman Madaan and
                  Niket Tandon and
                  Prakhar Gupta and
                  Skyler Hallinan and
                  Luyu Gao and
                  Sarah Wiegreffe and
                  Uri Alon and
                  Nouha Dziri and
                  Shrimai Prabhumoye and
                  Yiming Yang and
                  Shashank Gupta and
                  Bodhisattwa Prasad Majumder and
                  Katherine Hermann and
                  Sean Welleck and
                  Amir Yazdanbakhsh and
                  Peter Clark},
  editor       = {Alice Oh and
                  Tristan Naumann and
                  Amir Globerson and
                  Kate Saenko and
                  Moritz Hardt and
                  Sergey Levine},
  title        = {Self-Refine: Iterative Refinement with Self-Feedback},
  booktitle    = {Advances in Neural Information Processing Systems 36: Annual Conference
                  on Neural Information Processing Systems 2023, NeurIPS 2023, New Orleans,
                  LA, USA, December 10 - 16, 2023},
  year         = {2023},
  url          = {http://papers.nips.cc/paper\_files/paper/2023/hash/91edff07232fb1b55a505a9e9f6c0ff3-Abstract-Conference.html},
  timestamp    = {Fri, 01 Mar 2024 16:26:20 +0100},
  biburl       = {https://dblp.org/rec/conf/nips/MadaanTGHGW0DPY23.bib},
  bibsource    = {dblp computer science bibliography, https://dblp.org}
}

% LLM papers

@inproceedings{yu-etal-2023-prompt,
    title = "Prompt-Based {M}onte-{C}arlo Tree Search for Goal-oriented Dialogue Policy Planning",
    author = "Yu, Xiao  and
      Chen, Maximillian  and
      Yu, Zhou",
    editor = "Bouamor, Houda  and
      Pino, Juan  and
      Bali, Kalika",
    booktitle = "Proceedings of the 2023 Conference on Empirical Methods in Natural Language Processing",
    month = dec,
    year = "2023",
    address = "Singapore",
    publisher = "Association for Computational Linguistics",
    url = "https://aclanthology.org/2023.emnlp-main.439",
    doi = "10.18653/v1/2023.emnlp-main.439",
    pages = "7101--7125"
}

@inproceedings{
wang2024promptagent,
title={PromptAgent: Strategic Planning with Language Models Enables Expert-level Prompt Optimization},
author={Xinyuan Wang and Chenxi Li and Zhen Wang and Fan Bai and Haotian Luo and Jiayou Zhang and Nebojsa Jojic and Eric Xing and Zhiting Hu},
booktitle={The Twelfth International Conference on Learning Representations},
year={2024},
url={https://openreview.net/forum?id=22pyNMuIoa}
}

@inproceedings{
nottingham2023do,
title={Do Embodied Agents Dream of Pixelated Sheep?: Embodied Decision Making using Language Guided World Modelling},
author={Kolby Nottingham and Prithviraj Ammanabrolu and Alane Suhr and Yejin Choi and Hannaneh Hajishirzi and Sameer Singh and Roy Fox},
booktitle={Workshop on Reincarnating Reinforcement Learning at ICLR 2023},
year={2023},
url={https://openreview.net/forum?id=Z_qiOvqvnBl}
}

@article{Qiu2023PhenomenalYP,
  title={Phenomenal Yet Puzzling: Testing Inductive Reasoning Capabilities of Language Models with Hypothesis Refinement},
  author={Linlu Qiu and Liwei Jiang and Ximing Lu and Melanie Sclar and Valentina Pyatkin and Chandra Bhagavatula and Bailin Wang and Yoon Kim and Yejin Choi and Nouha Dziri and Xiang Ren},
  journal={ICLR},
  year={2024},
  url={https://api.semanticscholar.org/CorpusID:263909078}
}

@article{Raffel2019ExploringTL,
  title={Exploring the Limits of Transfer Learning with a Unified Text-to-Text Transformer},
  author={Colin Raffel and Noam M. Shazeer and Adam Roberts and Katherine Lee and Sharan Narang and Michael Matena and Yanqi Zhou and Wei Li and Peter J. Liu},
  journal={J. Mach. Learn. Res.},
  year={2019},
  volume={21},
  pages={140:1-140:67},
  url={https://api.semanticscholar.org/CorpusID:204838007}
}

@misc{zhao2024surveylargelanguagemodels,
      title={A Survey of Large Language Models}, 
      author={Wayne Xin Zhao and Kun Zhou and Junyi Li and Tianyi Tang and Xiaolei Wang and Yupeng Hou and Yingqian Min and Beichen Zhang and Junjie Zhang and Zican Dong and Yifan Du and Chen Yang and Yushuo Chen and Zhipeng Chen and Jinhao Jiang and Ruiyang Ren and Yifan Li and Xinyu Tang and Zikang Liu and Peiyu Liu and Jian-Yun Nie and Ji-Rong Wen},
      year={2024},
      eprint={2303.18223},
      archivePrefix={arXiv},
      primaryClass={cs.CL},
      url={https://arxiv.org/abs/2303.18223}, 
}

@inproceedings{hayati-etal-2020-inspired,
    title = "{INSPIRED}: Toward Sociable Recommendation Dialog Systems",
    author = "Hayati, Shirley Anugrah  and
      Kang, Dongyeop  and
      Zhu, Qingxiaoyang  and
      Shi, Weiyan  and
      Yu, Zhou",
    editor = "Webber, Bonnie  and
      Cohn, Trevor  and
      He, Yulan  and
      Liu, Yang",
    booktitle = "Proceedings of the 2020 Conference on Empirical Methods in Natural Language Processing (EMNLP)",
    month = nov,
    year = "2020",
    address = "Online",
    publisher = "Association for Computational Linguistics",
    url = "https://aclanthology.org/2020.emnlp-main.654",
    doi = "10.18653/v1/2020.emnlp-main.654",
    pages = "8142--8152"
}

@inproceedings{
shridhar2021alfworld,
title={{\{}ALFW{\}}orld: Aligning Text and Embodied Environments for Interactive Learning},
author={Mohit Shridhar and Xingdi Yuan and Marc-Alexandre Cote and Yonatan Bisk and Adam Trischler and Matthew Hausknecht},
booktitle={International Conference on Learning Representations},
year={2021},
url={https://openreview.net/forum?id=0IOX0YcCdTn}
}


@inproceedings{hoyle-etal-2022-neural,
    title = "Are Neural Topic Models Broken?",
    author = "Hoyle, Alexander Miserlis  and
      Sarkar, Rupak  and
      Goel, Pranav  and
      Resnik, Philip",
    editor = "Goldberg, Yoav  and
      Kozareva, Zornitsa  and
      Zhang, Yue",
    booktitle = "Findings of the Association for Computational Linguistics: EMNLP 2022",
    month = dec,
    year = "2022",
    address = "Abu Dhabi, United Arab Emirates",
    publisher = "Association for Computational Linguistics",
    url = "https://aclanthology.org/2022.findings-emnlp.390",
    doi = "10.18653/v1/2022.findings-emnlp.390",
    pages = "5321--5344"
}


@inproceedings{yao2023react,
  title = {{ReAct}: Synergizing Reasoning and Acting in Language Models},
  author = {Yao, Shunyu and Zhao, Jeffrey and Yu, Dian and Du, Nan and Shafran, Izhak and Narasimhan, Karthik and Cao, Yuan},
  booktitle = {International Conference on Learning Representations (ICLR) },
  year = {2023},
  html = {https://arxiv.org/abs/2210.03629},
}

@inproceedings{
xu2023knn,
title={\$k\${NN} Prompting: Beyond-Context Learning with Calibration-Free Nearest Neighbor Inference},
author={Benfeng Xu and Quan Wang and Zhendong Mao and Yajuan Lyu and Qiaoqiao She and Yongdong Zhang},
booktitle={The Eleventh International Conference on Learning Representations },
year={2023},
url={https://openreview.net/forum?id=fe2S7736sNS}
}

@inproceedings{wolf-etal-2020-transformers,
    title = "Transformers: State-of-the-Art Natural Language Processing",
    author = "Wolf, Thomas  and
      Debut, Lysandre  and
      Sanh, Victor  and
      Chaumond, Julien  and
      Delangue, Clement  and
      Moi, Anthony  and
      Cistac, Pierric  and
      Rault, Tim  and
      Louf, Remi  and
      Funtowicz, Morgan  and
      Davison, Joe  and
      Shleifer, Sam  and
      von Platen, Patrick  and
      Ma, Clara  and
      Jernite, Yacine  and
      Plu, Julien  and
      Xu, Canwen  and
      Le Scao, Teven  and
      Gugger, Sylvain  and
      Drame, Mariama  and
      Lhoest, Quentin  and
      Rush, Alexander",
    editor = "Liu, Qun  and
      Schlangen, David",
    booktitle = "Proceedings of the 2020 Conference on Empirical Methods in Natural Language Processing: System Demonstrations",
    month = oct,
    year = "2020",
    address = "Online",
    publisher = "Association for Computational Linguistics",
    url = "https://aclanthology.org/2020.emnlp-demos.6",
    doi = "10.18653/v1/2020.emnlp-demos.6",
    pages = "38--45"
}

@inproceedings{Bragg2013CrowdsourcingMC,
  title={Crowdsourcing Multi-Label Classification for Taxonomy Creation},
  author={Jonathan Bragg and Mausam and Daniel S. Weld},
  booktitle={AAAI Conference on Human Computation \& Crowdsourcing},
  year={2013},
  url={https://api.semanticscholar.org/CorpusID:11974604}
}


@inproceedings{wan2024tntlm,
author = {Wan, Mengting and Safavi, Tara and Jauhar, Sujay Kumar and Kim, Yujin and Counts, Scott and Neville, Jennifer and Suri, Siddharth and Shah, Chirag and White, Ryen W. and Yang, Longqi and Andersen, Reid and Buscher, Georg and Joshi, Dhruv and Rangan, Nagu},
title = {TnT-LLM: Text Mining at Scale with Large Language Models},
year = {2024},
isbn = {9798400704901},
publisher = {Association for Computing Machinery},
address = {New York, NY, USA},
url = {https://doi.org/10.1145/3637528.3671647},
doi = {10.1145/3637528.3671647},
abstract = {},
booktitle = {Proceedings of the 30th ACM SIGKDD Conference on Knowledge Discovery and Data Mining},
pages = {5836–5847},
numpages = {12},
keywords = {large language models, text classification, text clustering},
location = {Barcelona, Spain},
series = {KDD '24}
}


@article{Zhang2024DynamicAA,
  title={Dynamic and Adaptive Feature Generation with LLM},
  author={XinHao Zhang and Jinghan Zhang and Banafsheh Rekabdar and Yuanchun Zhou and Pengfei Wang and Kunpeng Liu},
  journal={ArXiv},
  year={2024},
  volume={abs/2406.03505},
  url={https://api.semanticscholar.org/CorpusID:270286174}
}

@inproceedings{
oikarinen2023labelfree,
title={Label-free Concept Bottleneck Models},
author={Tuomas Oikarinen and Subhro Das and Lam M. Nguyen and Tsui-Wei Weng},
booktitle={The Eleventh International Conference on Learning Representations },
year={2023},
url={https://openreview.net/forum?id=FlCg47MNvBA}
}

@article{JAFFE197760,
title = {Cognitive Therapy and the Emotional Disorders},
journal = {Psychosomatics},
volume = {18},
number = {1},
pages = {60},
year = {1977},
issn = {0033-3182},
doi = {https://doi.org/10.1016/S0033-3182(77)71107-7},
url = {https://www.sciencedirect.com/science/article/pii/S0033318277711077},
author = {Beryl Jaffe}
}
@article{Sophie2022phystruggle,
title = {Psychologists struggle to meet demand amid mental health crisis},
journal =  {American Psychological Association},
journal = {Monitor on Phychology},
volume = {54},
number = {3},
pages = {28},
year = {2022},
url ={https://www.apa.org/pubs/reports/practitioner/2022-covid-psychologist-workload},
author = {Sophie Bethune}
}
@inproceedings{Sharma2023CognitiveRO,
  title={Cognitive Reframing of Negative Thoughts through Human-Language Model Interaction},
  author={Ashish Sharma and Kevin Rushton and Inna Wanyin Lin and David Wadden and Khendra G. Lucas and Adam S. Miner and Theresa Nguyen and Tim Althoff},
  booktitle={Annual Meeting of the Association for Computational Linguistics},
  year={2023},
  url={https://api.semanticscholar.org/CorpusID:258480165}
}
@article{Touvron2023LLaMAOA,
  title={LLaMA: Open and Efficient Foundation Language Models},
  author={Hugo Touvron and Thibaut Lavril and Gautier Izacard and Xavier Martinet and Marie-Anne Lachaux and Timoth{\'e}e Lacroix and Baptiste Rozi{\`e}re and Naman Goyal and Eric Hambro and Faisal Azhar and Aurelien Rodriguez and Armand Joulin and Edouard Grave and Guillaume Lample},
  journal={ArXiv},
  year={2023},
  volume={abs/2302.13971},
  url={https://api.semanticscholar.org/CorpusID:257219404}
}
@article{OpenAI2023GPT4TR,
  title={GPT-4 Technical Report},
  author={OpenAI},
  journal={ArXiv},
  year={2023},
  volume={abs/2303.08774},
  url={https://api.semanticscholar.org/CorpusID:257532815}
}

@inproceedings{Liu2023ChatCounselorAL,
  title={ChatCounselor: A Large Language Models for Mental Health Support},
  author={June M. Liu and Donghao Li and He Cao and Tianhe Ren and Zeyi Liao and Jiamin Wu},
  year={2023},
  url={https://api.semanticscholar.org/CorpusID:262943261}
}

@article{Tober2013MotivationalIH,
  title={Motivational Interviewing: Helping People Change},
  author={Gillian Tober},
  journal={Alcohol and Alcoholism},
  year={2013},
  volume={48},
  pages={376-377},
  url={https://api.semanticscholar.org/CorpusID:145663551}
}
@misc{levine2020offline,
      title={Offline Reinforcement Learning: Tutorial, Review, and Perspectives on Open Problems}, 
      author={Sergey Levine and Aviral Kumar and George Tucker and Justin Fu},
      year={2020},
      eprint={2005.01643},
      archivePrefix={arXiv},
      primaryClass={cs.LG}
}

@misc{xu2023baize,
      title={Baize: An Open-Source Chat Model with Parameter-Efficient Tuning on Self-Chat Data}, 
      author={Canwen Xu and Daya Guo and Nan Duan and Julian McAuley},
      year={2023},
      eprint={2304.01196},
      archivePrefix={arXiv},
      primaryClass={cs.CL}
}

@inproceedings{
hu2022lora,
title={Lo{RA}: Low-Rank Adaptation of Large Language Models},
author={Edward J Hu and Yelong Shen and Phillip Wallis and Zeyuan Allen-Zhu and Yuanzhi Li and Shean Wang and Lu Wang and Weizhu Chen},
booktitle={International Conference on Learning Representations},
year={2022},
url={https://openreview.net/forum?id=nZeVKeeFYf9}
}

@article{Chung2022ScalingIL,
  title={Scaling Instruction-Finetuned Language Models},
  author={Hyung Won Chung and Le Hou and S. Longpre and Barret Zoph and Yi Tay and William Fedus and Eric Li and Xuezhi Wang and Mostafa Dehghani and Siddhartha Brahma and Albert Webson and Shixiang Shane Gu and Zhuyun Dai and Mirac Suzgun and Xinyun Chen and Aakanksha Chowdhery and Dasha Valter and Sharan Narang and Gaurav Mishra and Adams Wei Yu and Vincent Zhao and Yanping Huang and Andrew M. Dai and Hongkun Yu and Slav Petrov and Ed Huai-hsin Chi and Jeff Dean and Jacob Devlin and Adam Roberts and Denny Zhou and Quoc V. Le and Jason Wei},
  journal={ArXiv},
  year={2022},
  volume={abs/2210.11416},
  url={https://api.semanticscholar.org/CorpusID:253018554}
}

@inproceedings{he2017neuralCF,
author = {He, Xiangnan and Liao, Lizi and Zhang, Hanwang and Nie, Liqiang and Hu, Xia and Chua, Tat-Seng},
title = {Neural Collaborative Filtering},
year = {2017},
isbn = {9781450349130},
booktitle= {WWW},
publisher = {International World Wide Web Conferences Steering Committee},
address = {Republic and Canton of Geneva, CHE},
location = {Perth, Australia},
series = {WWW '17}
}

@misc{henderson2017efficientnaturallanguageresponse,
      title={Efficient Natural Language Response Suggestion for Smart Reply}, 
      author={Matthew Henderson and Rami Al-Rfou and Brian Strope and Yun-hsuan Sung and Laszlo Lukacs and Ruiqi Guo and Sanjiv Kumar and Balint Miklos and Ray Kurzweil},
      year={2017},
      eprint={1705.00652},
      archivePrefix={arXiv},
      primaryClass={cs.CL},
      url={https://arxiv.org/abs/1705.00652}, 
}


@inproceedings{Steeg19linearcorex,
  author       = {Greg Ver Steeg and
                  Hrayr Harutyunyan and
                  Daniel Moyer and
                  Aram Galstyan},
  editor       = {Hanna M. Wallach and
                  Hugo Larochelle and
                  Alina Beygelzimer and
                  Florence d'Alch{\'{e}}{-}Buc and
                  Emily B. Fox and
                  Roman Garnett},
  title        = {Fast structure learning with modular regularization},
  booktitle    = {Advances in Neural Information Processing Systems 32: Annual Conference
                  on Neural Information Processing Systems 2019, NeurIPS 2019, December
                  8-14, 2019, Vancouver, BC, Canada},
  pages        = {15567--15577},
  year         = {2019},
  url          = {https://proceedings.neurips.cc/paper/2019/hash/e2e14235335d2c0aa5f6855e339233d9-Abstract.html},
  timestamp    = {Mon, 16 May 2022 15:41:51 +0200},
  biburl       = {https://dblp.org/rec/conf/nips/SteegHMG19.bib},
  bibsource    = {dblp computer science bibliography, https://dblp.org}
}


@inproceedings{xie2024neighbor,
      title={Neighborhood-based Collaborative Filtering for Conversational Recommendation}, 
      author={Zhouhang Xie and Junda Wu and Hyunsik Jeon and Zhankui He and Harald Steck and Rahul Jha and Dawen Liang and Nathan Kallus and Julian McAuley},
      year={2024},
      booktitle = {RecSys}
}

@inproceedings{he23large,
  title = "Large language models as zero-shot conversational recommenders",
  author = "Zhankui He and Zhouhang Xie and Rahul Jha and Harald Steck and Dawen Liang and Yesu Feng and Bodhisattwa Majumder and Nathan Kallus and Julian McAuley",
  year = "2023",
  booktitle = "CIKM"
}


@inproceedings{kang-etal-2018-dataset,
    title = "A Dataset of Peer Reviews ({P}eer{R}ead): Collection, Insights and {NLP} Applications",
    author = "Kang, Dongyeop  and
      Ammar, Waleed  and
      Dalvi, Bhavana  and
      van Zuylen, Madeleine  and
      Kohlmeier, Sebastian  and
      Hovy, Eduard  and
      Schwartz, Roy",
    editor = "Walker, Marilyn  and
      Ji, Heng  and
      Stent, Amanda",
    booktitle = "Proceedings of the 2018 Conference of the North {A}merican Chapter of the Association for Computational Linguistics: Human Language Technologies, Volume 1 (Long Papers)",
    month = jun,
    year = "2018",
    address = "New Orleans, Louisiana",
    publisher = "Association for Computational Linguistics",
    url = "https://aclanthology.org/N18-1149",
    doi = "10.18653/v1/N18-1149",
    pages = "1647--1661",
    abstract = "",
}

@inproceedings{mcauley2013hidden,
author = {McAuley, Julian and Leskovec, Jure},
title = {Hidden factors and hidden topics: understanding rating dimensions with review text},
year = {2013},
isbn = {9781450324090},
publisher = {Association for Computing Machinery},
address = {New York, NY, USA},
url = {https://doi.org/10.1145/2507157.2507163},
doi = {10.1145/2507157.2507163},
abstract = {},
booktitle = {Proceedings of the 7th ACM Conference on Recommender Systems},
pages = {165–172},
numpages = {8},
keywords = {recommender systems, topic models},
location = {Hong Kong, China},
series = {RecSys '13}
}

@inproceedings{ramage2009topic,
  title={Topic modeling for the social sciences},
  author={Ramage, Daniel and Rosen, Evan and Chuang, Jason and Manning, Christopher D and McFarland, Daniel A},
  booktitle={NIPS 2009 workshop on applications for topic models: text and beyond},
  volume={5},
  number={27},
  pages={1--4},
  year={2009}
}

@article{liu2016overviewtopicbio,
  title={An overview of topic modeling and its current applications in bioinformatics},
  author={Liu, Lin and Tang, Lin and Dong, Wen and Yao, Shaowen and Zhou, Wei},
  journal={SpringerPlus},
  volume={5},
  pages={1--22},
  year={2016},
  publisher={Springer}
}


@inproceedings{mcauley2015inferring,
author = {McAuley, Julian and Pandey, Rahul and Leskovec, Jure},
title = {Inferring Networks of Substitutable and Complementary Products},
year = {2015},
isbn = {9781450336642},
publisher = {Association for Computing Machinery},
address = {New York, NY, USA},
url = {https://doi.org/10.1145/2783258.2783381},
doi = {10.1145/2783258.2783381},
abstract = {},
booktitle = {Proceedings of the 21th ACM SIGKDD International Conference on Knowledge Discovery and Data Mining},
pages = {785–794},
numpages = {10},
keywords = {link prediction, recommender systems, substitutes and complements, topic models},
location = {Sydney, NSW, Australia},
series = {KDD '15}
}

@inproceedings{Blei2009LatentDA,
  title={Latent Dirichlet Allocation},
  author={David M. Blei and A. Ng and Michael I. Jordan},
  year={2009},
  url={https://api.semanticscholar.org/CorpusID:3177797}
}

@inproceedings{Agarwal2009RegressionbasedLF,
  title={Regression-based latent factor models},
  author={Deepak K. Agarwal and Bee-Chung Chen},
  booktitle={Knowledge Discovery and Data Mining},
  year={2009},
  url={https://api.semanticscholar.org/CorpusID:17484284}
}

@article{Jolliffe2016PrincipalCA,
  title={Principal component analysis: a review and recent developments},
  author={Ian T. Jolliffe and Jorge Cadima},
  journal={Philosophical Transactions of the Royal Society A: Mathematical, Physical and Engineering Sciences},
  year={2016},
  volume={374},
  url={https://api.semanticscholar.org/CorpusID:20101754}
}

@inproceedings{Rumelhart1986LearningIR,
  title={Learning internal representations by error propagation},
  author={David E. Rumelhart and Geoffrey E. Hinton and Ronald J. Williams},
  year={1986},
  url={https://api.semanticscholar.org/CorpusID:62245742}
}

@inproceedings{Nozawa2022EvaluationMF,
  title={Evaluation Methods for Representation Learning: A Survey},
  author={Kento Nozawa and Issei Sato},
  booktitle={International Joint Conference on Artificial Intelligence},
  year={2022},
  url={https://api.semanticscholar.org/CorpusID:250634248}
}

@article{Grootendorst2022BERTopicNT,
  title={BERTopic: Neural topic modeling with a class-based TF-IDF procedure},
  author={Maarten R. Grootendorst},
  journal={ArXiv},
  year={2022},
  volume={abs/2203.05794},
  url={https://api.semanticscholar.org/CorpusID:247411231}
}

@article{Wang2022TowardsUC,
  title={Towards Unified Conversational Recommender Systems via Knowledge-Enhanced Prompt Learning},
  author={Xiaolei Wang and Kun Zhou and Ji-rong Wen and Wayne Xin Zhao},
  journal={Proceedings of the 28th ACM SIGKDD Conference on Knowledge Discovery and Data Mining},
  year={2022},
  url={https://api.semanticscholar.org/CorpusID:249889013}
}

@inproceedings{Steeg2017FastSL,
  title={Fast structure learning with modular regularization},
  author={Greg Ver Steeg and Hrayr Harutyunyan and Daniel Moyer and A. G. Galstyan},
  booktitle={Neural Information Processing Systems},
  year={2017},
  url={https://api.semanticscholar.org/CorpusID:202539161}
}

@misc{jiang2023mistral7b,
      title={Mistral 7B}, 
      author={Albert Q. Jiang and Alexandre Sablayrolles and Arthur Mensch and Chris Bamford and Devendra Singh Chaplot and Diego de las Casas and Florian Bressand and Gianna Lengyel and Guillaume Lample and Lucile Saulnier and Lélio Renard Lavaud and Marie-Anne Lachaux and Pierre Stock and Teven Le Scao and Thibaut Lavril and Thomas Wang and Timothée Lacroix and William El Sayed},
      year={2023},
      eprint={2310.06825},
      archivePrefix={arXiv},
      primaryClass={cs.CL},
      url={https://arxiv.org/abs/2310.06825}, 
}

@misc{koh2020conceptbottleneckmodels,
      title={Concept Bottleneck Models}, 
      author={Pang Wei Koh and Thao Nguyen and Yew Siang Tang and Stephen Mussmann and Emma Pierson and Been Kim and Percy Liang},
      year={2020},
      eprint={2007.04612},
      archivePrefix={arXiv},
      primaryClass={cs.LG},
      url={https://arxiv.org/abs/2007.04612}, 
}

@misc{oikarinen2023labelfreeconceptbottleneckmodels,
      title={Label-Free Concept Bottleneck Models}, 
      author={Tuomas Oikarinen and Subhro Das and Lam M. Nguyen and Tsui-Wei Weng},
      year={2023},
      eprint={2304.06129},
      archivePrefix={arXiv},
      primaryClass={cs.LG},
      url={https://arxiv.org/abs/2304.06129}, 
}
