@inproceedings{NEURIPS2019_f1ea154c,
 author = {Lombardo, Salvator and HAN, JUN and Schroers, Christopher and Mandt, Stephan},
 booktitle = {Advances in Neural Information Processing Systems},
 editor = {H. Wallach and H. Larochelle and A. Beygelzimer and F. d\textquotesingle Alch\'{e}-Buc and E. Fox and R. Garnett},
 pages = {},
 publisher = {Curran Associates, Inc.},
 title = {Deep Generative Video Compression},
 volume = {32},
 year = {2019}
}

@article{afzal2022battery,
  title={Battery-free wireless imaging of underwater environments},
  author={Afzal, Sayed Saad and Akbar, Waleed and Rodriguez, Osvy and Doumet, Mario and Ha, Unsoo and Ghaffarivardavagh, Reza and Adib, Fadel},
  journal={Nature communications},
  volume={13},
  number={1},
  pages={5546},
  year={2022},
  publisher={Nature Publishing Group UK London}
}

@inproceedings{anjum2022acoustic,
  title={Acoustic channel-aware autoencoder-based compression for underwater image transmission},
  author={Anjum, Khizar and Li, Zhile and Pompili, Dario},
  booktitle={2022 Sixth Underwater Communications and Networking Conference (UComms)},
  pages={1--5},
  year={2022},
  organization={IEEE}
}

@inproceedings{anjum2022deep,
  title={Deep Joint Source-Channel Coding for Underwater Image Transmission},
  author={Anjum, Khizar and Qi, Zhuoran and Pompili, Dario},
  booktitle={Proceedings of the 16th International Conference on Underwater Networks \& Systems},
  pages={1--8},
  year={2022}
}

@article{carver2021amphilight,
  title={Amphilight: Direct air-water communication with laser light},
  author={Carver, Charles J and Tian, Zhao and Zhang, Hongyong and Odame, Kofi M and Quattrini Li, Alberto and Zhou, Xia},
  journal={GetMobile: Mobile Computing and Communications},
  volume={24},
  number={3},
  pages={26--29},
  year={2021},
  publisher={ACM New York, NY, USA}
}

@inproceedings{chen2022underwater,
  title={Underwater messaging using mobile devices},
  author={Chen, Tuochao and Chan, Justin and Gollakota, Shyamnath},
  booktitle={Proceedings of the ACM SIGCOMM 2022 Conference},
  pages={545--559},
  year={2022}
}

@inproceedings{chen2023underwater,
  title={Underwater 3D positioning on smart devices},
  author={Chen, Tuochao and Chan, Justin and Gollakota, Shyamnath},
  booktitle={Proceedings of the ACM SIGCOMM 2023 Conference},
  pages={33--48},
  year={2023}
}

@article{dai2023wc,
    author = {Dai, Jincheng and Zhang, Ping and Niu, Kai and Wang, Sixian and Si, Zhongwei and Qin, Xiaoqi},
    title = {Communication Beyond Transmitting Bits: Semantics-Guided Source and Channel Coding},
    journal = {IEEE Wireless Communications},
    year = {2023}
}

@misc{esser2020taming,
      title={Taming Transformers for High-Resolution Image Synthesis},
      author={Patrick Esser and Robin Rombach and Björn Ommer},
      year={2020},
      eprint={2012.09841},
      archivePrefix={arXiv},
}

@article{grassucci2023generative,
  title={Generative Semantic Communication: Diffusion Models Beyond Bit Recovery},
  author={Grassucci, Eleonora and Barbarossa, Sergio and Comminiello, Danilo},
  journal={arXiv preprint arXiv:2306.04321},
  year={2023}
}

@incollection{jang2019underwater,
  title={Underwater backscatter networking},
  author={Jang, Junsu and Adib, Fadel},
  booktitle={Proceedings of the ACM Special Interest Group on Data Communication},
  pages={187--199},
  year={2019}
}

@article{jia2022two,
  title={A two-dimensional chirp-MFCSK modulation method for underwater LoRA system},
  author={Jia, Zhenyu and Zheng, Wenjun and Yuan, Fei},
  journal={IEEE Internet of Things Journal},
  volume={9},
  number={23},
  pages={24388--24397},
  year={2022},
  publisher={IEEE}
}

@article{le2023arxiv,
    author = {Le, Xia and Yao, Sun and Chengsi, Liang and Lei, Zhang and Muhammad, Ali Imran and Dusit Niyato},
    title = {Generative AI for Semantic Communication: Architecture, Challenges, and Outlook},
    journal = {arXiv preprint arXiv:2308.15483.},
    year = {2023}
}

@misc{li2024reparolossresilientgenerativecodec,
      title={Reparo: Loss-Resilient Generative Codec for Video Conferencing},
      author={Tianhong Li and Vibhaalakshmi Sivaraman and Pantea Karimi and Lijie Fan and Mohammad Alizadeh and Dina Katabi},
      year={2024},
      eprint={2305.14135},
      archivePrefix={arXiv},
}

@inproceedings{lin2021shrimp,
  title={Shrimp: a robust underwater visible light communication system},
  author={Lin, Chi and Yu, Yongda and Xiong, Jie and Zhang, Yichuan and Wang, Lei and Wu, Guowei and Luo, Zhongxuan},
  booktitle={Proceedings of the 27th annual international conference on mobile computing and networking},
  pages={134--146},
  year={2021}
}

@incollection{liu2021uqcom,
  title={UQCom: underwater safety communication based on 3D blue-green QR arrays},
  author={Liu, Xinyang and Gao, Xinhua and Li, Jiale and Wang, Yibo and Lin, Chi and Qin, Zhenquan and Wang, Lei},
  booktitle={Proceedings of the SIGCOMM'21 Poster and Demo Sessions},
  pages={36--38},
  year={2021}
}

@article{liu2023uqrcom,
  title={Uqrcom: Underwater wireless communication based on qr code},
  author={Liu, Xinyang and Wang, Lei and Xiong, Jie and Lin, Chi and Gao, Xinhua and Li, Jiale and Wang, Yibo},
  journal={Proceedings of the ACM on Interactive, Mobile, Wearable and Ubiquitous Technologies},
  volume={6},
  number={4},
  pages={1--22},
  year={2023},
  publisher={ACM New York, NY, USA}
}

@inproceedings{mobicom24_seascan,
author = {Naeem, Nazish and Rademacher, Jack and Patnaik, Ritik and Boroushaki, Tara and Adib, Fadel},
title = {SeaScan: An Energy-Efficient Underwater Camera for Wireless 3D Color Imaging},
year = {2024},
isbn = {9798400704895},
publisher = {Association for Computing Machinery},
booktitle = {Proceedings of the 30th Annual International Conference on Mobile Computing and Networking},
pages = {785–799},
numpages = {15},
series = {ACM MobiCom '24}
}

@inproceedings{rademacher2022enabling,
  title={Enabling battery-free wireless underwater imaging},
  author={Rademacher, Jack and Akbar, Waleed and Afzal, Sayed Saad and Rodriguez, Osvy and Naeem, Nazish and Wang, Purui and Doumet, Mario and Ha, Unsoo and Ghaffarivardavagh, Reza and Adib, Fadel},
  booktitle={Proceedings of the 16th International Conference on Underwater Networks \& Systems},
  pages={1--2},
  year={2022}
}

@inproceedings{restuccia2017isonar,
  title={iSonar: Software-defined underwater acoustic networking for amphibious smartphones},
  author={Restuccia, Francesco and Demirors, Emrecan and Melodia, Tommaso},
  booktitle={Proceedings of the 12th International Conference on Underwater Networks \& Systems},
  pages={1--9},
  year={2017}
}

@misc{shen2025catcontentadaptiveimagetokenization,
      title={CAT: Content-Adaptive Image Tokenization},
      author={Junhong Shen and Kushal Tirumala and Michihiro Yasunaga and Ishan Misra and Luke Zettlemoyer and Lili Yu and Chunting Zhou},
      year={2025},
      eprint={2501.03120},
      archivePrefix={arXiv},
      primaryClass={cs.CV},
}

@inproceedings{steinmetz2018practical,
  title={A practical guide to chirp spread spectrum for acoustic underwater communication in shallow waters},
  author={Steinmetz, Fabian and Heitmann, Jan and Renner, Christian},
  booktitle={Proceedings of the 13th International Conference on Underwater Networks \& Systems},
  pages={1--8},
  year={2018}
}

@inproceedings{steinmetz2022taking,
  title={Taking LoRa for a dive: CSS for low-power acoustic underwater communication},
  author={Steinmetz, Fabian and Renner, Bernd-Christian},
  booktitle={2022 Sixth Underwater Communications and Networking Conference (UComms)},
  pages={1--5},
  year={2022},
  organization={IEEE}
}

@inproceedings{tonolini2018networking,
  title={Networking across boundaries: enabling wireless communication through the water-air interface},
  author={Tonolini, Francesco and Adib, Fadel},
  booktitle={Proceedings of the 2018 Conference of the ACM Special Interest Group on Data Communication},
  pages={117--131},
  year={2018}
}

@article{van2017neural,
  title={Neural discrete representation learning},
  author={Van Den Oord, Aaron and Vinyals, Oriol and others},
  journal={Advances in neural information processing systems},
  volume={30},
  year={2017}
}

@article{xie2021tsp,
    author = {Xie, Huiqiang and Qin, Zhijin and Li, Geoffrey Ye and Juang, Biing-Hwang},
    title = {Deep Learning Enabled Semantic Communication Systems},
    journal = {IEEE Transactions on Signal Processing},
    year = {2021}
}

@INPROCEEDINGS{xie2024icc,
  author={Xie, Wenjun and Zhang, Enqi and You, Lizhao and Wang, Deqing and Wang, Zhaorui and Liqun, F.},
  booktitle={ICC 2024 - IEEE International Conference on Communications},
  title={Combating Multi-Path Interference to Improve Chirp-Based Underwater Acoustic Communication},
  year={2024},
  volume={},
  number={},
  pages={5377-5382},
  keywords={Wireless communication;Chirp modulation;Chirp;Bit error rate;LoRa;Symbols;Interference}}

@misc{yan2024elastictokadaptivetokenizationimage,
      title={ElasticTok: Adaptive Tokenization for Image and Video},
      author={Wilson Yan and Matei Zaharia and Volodymyr Mnih and Pieter Abbeel and Aleksandra Faust and Hao Liu},
      year={2024},
      eprint={2410.08368},
      archivePrefix={arXiv},
}

@inproceedings{yang2023aquahelper,
  title={AquaHelper: Underwater sos transmission and detection in swimming pools},
  author={Yang, Qiang and Zheng, Yuanqing},
  booktitle={Proceedings of the 21st ACM Conference on Embedded Networked Sensor Systems},
  pages={294--307},
  year={2023}
}

@inproceedings{yang80neural,
  title={Neural Enhanced Underwater SOS Detection},
  author={Yang, Qiang and Zheng, Yuanqing},
  booktitle={IEEE INFOCOM 2024-IEEE Conference on Computer Communications},
  pages={971--980},
  year={2024},
  organization={IEEE}
}

@article{yu2021vector,
  title={Vector-quantized image modeling with improved vqgan},
  author={Yu, Jiahui and Li, Xin and Koh, Jing Yu and Zhang, Han and Pang, Ruoming and Qin, James and Ku, Alexander and Xu, Yuanzhong and Baldridge, Jason and Wu, Yonghui},
  journal={arXiv preprint arXiv:2110.04627},
  year={2021}
}

@article{yu2023language,
  title={Language Model Beats Diffusion--Tokenizer is Key to Visual Generation},
  author={Yu, Lijun and Lezama, Jos{\'e} and Gundavarapu, Nitesh B and Versari, Luca and Sohn, Kihyuk and Minnen, David and Cheng, Yong and Gupta, Agrim and Gu, Xiuye and Hauptmann, Alexander G and others},
  journal={arXiv preprint arXiv:2310.05737},
  year={2023}
}

@article{yu2024image,
  title={An Image is Worth 32 Tokens for Reconstruction and Generation},
  author={Yu, Qihang and Weber, Mark and Deng, Xueqing and Shen, Xiaohui and Cremers, Daniel and Chen, Liang-Chieh},
  journal={arXiv preprint arXiv:2406.07550},
  year={2024}
}

