



@misc{gofish,
	Author = {{GOFISH}},
        Tittle ={{Wireless Underwater Fishing Video Camera}},
	Howpublished = {\url{https://gofishcam.com/}},
    Year = {2024}
}

@misc{hand_signal,
	Author = {{Megan Denny}},
        Tittle ={{Scuba Diving Hand Signals}},
	Howpublished = {\url{https://blog.padi.com/scuba-diving-hand-signals/}},
    Year = {2019}
}


@misc{moving_average,
	Author = {{Wikipedia}},
        Tittle ={{Moving average}},
	Howpublished = {\url{https://en.wikipedia.org/wiki/Moving_average}},
    Year = {2024}
}

@misc{stat_zhao,
	Author = {{DEMA}},
        Tittle ={{DEMA Releases Full Detailed Analyses of Diving Customer Research}},
	Howpublished = {\url{https://www.dema.org/news/690878/DEMA-Releases-Full-Detailed-Analyses-of-Diving-Customer-Research.htm}},
    Year = {2025}
}

@misc{stat_zhao_plus,
	Author = {{Darcy Kieran}},
        Tittle ={{Scuba Diving Participation Rate in The USA: Almost Back to Pre-Pandemic Level in 2022}},
	Howpublished = {\url{https://medium.com/scubanomics/scuba-diving-participation-rate-in-the-usa-almost-back-to-pre-pandemic-level-in-2022-534fc4bdb005}},
    Year = {2023}
}

@misc{stat_zhao_1,
	Author = {{Ocean Allison}},
        Tittle ={{Diving into Ocean Science}},
	Howpublished = {\url{https://blog.padi.com/diving-into-ocean-science/}},
    Year = {2019}
}

@misc{MMSE,
	Author = {{Phil Schniter}},
        Tittle ={{MMSE Equalizer Design}},
	Howpublished = {\url{https://www2.ece.ohio-state.
edu/~schniter/ee501/handouts/mmse_eq.pdf}},
    Year = {2008}
}

@inproceedings{campagnaro2023affordable,
  title={Affordable underwater acoustic modems and their application in everyday life: a complete overview},
  author={Campagnaro, Filippo and Steinmetz, Fabian and Renner, Bernd-Christian and Zorzi, Michele},
  booktitle={Proceedings of the 17th International Conference on Underwater Networks \& Systems},
  pages={1--7},
  year={2023}
}

@book{jung2021exploiting,
  title={Exploiting chirp spread spectrum and error detection in LoRa collision recovery},
  author={Jung, Raejoon},
  year={2021},
  publisher={Stanford University}
}

@inproceedings{chen2024hitting,
  title={Hitting the Sweet Spot: An SF-any Coding Paradigm for Empowering City-Wide LoRa Communications},
  author={Chen, Weiwei and Zhang, Jiefeng and Xia, Xianjin and Wang, Shuai and He, Tian},
  booktitle={2024 23rd ACM/IEEE International Conference on Information Processing in Sensor Networks (IPSN)},
  pages={225--236},
  year={2024},
  organization={IEEE}
}




@misc{ocean,
	Author = {{Oceanic}},
        Tittle ={{WIRELESS TRANSMITTER}},
	Howpublished = {\url{https://www.oceanicworldwide.com/product/computers/transmitter/}},
    Year = {2023}
}

@misc{3GPP,
	Author = {{3GPP TS 36.201-820}},
        Tittle ={{Evolved universal terrestrial radio access
(E-UTRA); long term evolution (LTE) physical layer}},
	Howpublished = {\url{https://portal.3gpp.org/desktopmodules/Specifications/SpecificationDetails.aspx?specificationId=2424}},
    Year = {2023}
}




@misc{hydrophone,
	Author = {{Aquarian Hydrophone}},
        Tittle ={{Aquarian Hydrophone}},
	Howpublished = {\url{https://www.aquarianaudio.com/as-1-hydrophone.html}},
    Year = {2023}
}

@misc{hydrophone_plus,
	Author = {{NOAA}},
        Tittle ={{What is a hydrophone?}},
	Howpublished = {\url{https://oceanservice.noaa.gov/facts/hydrophone.html}},
    Year = {2024}
}

@misc{Samsung,
	Author = {{Samsung}},
        Tittle ={{Galaxy S21+ 5G}},
	Howpublished = {\url{https://www.samsung.com/us/smartphones/galaxy-s-series/certified-re-newed-store/buy/galaxy-s21-plus-5g-128gb-certified-renewed-unlocked-sm5g996uzkaxaa/?modelCode=SM5G998UZKAXAA}},
    Year = {2021}
}

@misc{LoRaWAN,
	Author = {{Semtech}},
        Tittle ={{LoRa (PHY)}},
	Howpublished = {\url{https://www.semtech.com/lora/what-is-lora}},
    Year = {2024}
}

@misc{PNG,
	Author = {{Wikipedia}},
        Tittle ={{PNG}},
	Howpublished = {\url{https://en.wikipedia.org/wiki/PNG}},
    Year = {2024}
}


@article{yang2012properties,
  title={Properties of underwater acoustic communication channels in shallow water},
  author={Yang, TC},
  journal={The Journal of the Acoustical Society of America},
  volume={131},
  number={1},
  pages={129--145},
  year={2012},
  publisher={AIP Publishing}
}

@online{DeepLab,
title ={Pytorch DEEPLABV3},
url ={https://pytorch.org/hub/pytorch_vision_deeplabv3_resnet101/},
}


@book{hamming1986coding,
  title={Coding and information theory},
  author={Hamming, Richard W},
  year={1986},
  publisher={Prentice-Hall, Inc.}
}

@techreport{doran2007gray,
  title={The gray code},
  author={Doran, Robert W},
  year={2007},
  institution={Citeseer}
}






@article{TSN23,
author = {Xu, Zhenqiang and Tong, Shuai and Xie, Pengjin and Wang, Jiliang},
title = {From Demodulation to Decoding: Toward Complete LoRa PHY Understanding and Implementation},
year = {2023},
issue_date = {November 2022},
publisher = {Association for Computing Machinery},
address = {New York, NY, USA},
volume = {18},
number = {4},
issn = {1550-4859},
url = {https://doi-org.proxy2.library.illinois.edu/10.1145/3546869},
journal = {ACM Trans. Sen. Netw.},
month = {jan},
articleno = {64},
numpages = {27},
keywords = {physical layer, LoRa, Low-power wide-area network}
}




@article{afzal2022battery,
  title={Battery-free wireless imaging of underwater environments},
  author={Afzal, Sayed Saad and Akbar, Waleed and Rodriguez, Osvy and Doumet, Mario and Ha, Unsoo and Ghaffarivardavagh, Reza and Adib, Fadel},
  journal={Nature communications},
  volume={13},
  number={1},
  pages={5546},
  year={2022},
  publisher={Nature Publishing Group UK London}
}

@inproceedings{anjum2022deep,
  title={Deep Joint Source-Channel Coding for Underwater Image Transmission},
  author={Anjum, Khizar and Qi, Zhuoran and Pompili, Dario},
  booktitle={Proceedings of the 16th International Conference on Underwater Networks \& Systems},
  pages={1--8},
  year={2022}
}

@article{zhang2022underwater,
  title={Underwater single-image restoration with transmission estimation using color constancy},
  author={Zhang, Wenbo and Liu, Weidong and Li, Le},
  journal={Journal of Marine Science and Engineering},
  volume={10},
  number={3},
  pages={430},
  year={2022},
  publisher={MDPI}
}

@inproceedings{qi2022asvtuw,
  title={ASVTuw: Adaptive scalable video transmission in underwater acoustic multicast networks},
  author={Qi, Zhuoran and Petroccia, Roberto and Pompili, Dario},
  booktitle={Proceedings of the 16th International Conference on Underwater Networks \& Systems},
  pages={1--8},
  year={2022}
}

@INPROCEEDINGS{xie2024icc,
  author={Xie, Wenjun and Zhang, Enqi and You, Lizhao and Wang, Deqing and Wang, Zhaorui and Liqun, F.},
  booktitle={ICC 2024 - IEEE International Conference on Communications},
  title={Combating Multi-Path Interference to Improve Chirp-Based Underwater Acoustic Communication},
  year={2024},
  volume={},
  number={},
  pages={5377-5382},
  keywords={Wireless communication;Chirp modulation;Chirp;Bit error rate;LoRa;Symbols;Interference}}

@inproceedings{tonolini2018networking,
  title={Networking across boundaries: enabling wireless communication through the water-air interface},
  author={Tonolini, Francesco and Adib, Fadel},
  booktitle={Proceedings of the 2018 Conference of the ACM Special Interest Group on Data Communication},
  pages={117--131},
  year={2018}
}


@incollection{jang2019underwater,
  title={Underwater backscatter networking},
  author={Jang, Junsu and Adib, Fadel},
  booktitle={Proceedings of the ACM Special Interest Group on Data Communication},
  pages={187--199},
  year={2019}
}

@article{carver2021amphilight,
  title={Amphilight: Direct air-water communication with laser light},
  author={Carver, Charles J and Tian, Zhao and Zhang, Hongyong and Odame, Kofi M and Quattrini Li, Alberto and Zhou, Xia},
  journal={GetMobile: Mobile Computing and Communications},
  volume={24},
  number={3},
  pages={26--29},
  year={2021},
  publisher={ACM New York, NY, USA}
}

@inproceedings{chen2022underwater,
  title={Underwater messaging using mobile devices},
  author={Chen, Tuochao and Chan, Justin and Gollakota, Shyamnath},
  booktitle={Proceedings of the ACM SIGCOMM 2022 Conference},
  pages={545--559},
  year={2022}
}

@inproceedings{chen2023underwater,
  title={Underwater 3D positioning on smart devices},
  author={Chen, Tuochao and Chan, Justin and Gollakota, Shyamnath},
  booktitle={Proceedings of the ACM SIGCOMM 2023 Conference},
  pages={33--48},
  year={2023}
}

@inproceedings{yang2023aquahelper,
  title={AquaHelper: Underwater sos transmission and detection in swimming pools},
  author={Yang, Qiang and Zheng, Yuanqing},
  booktitle={Proceedings of the 21st ACM Conference on Embedded Networked Sensor Systems},
  pages={294--307},
  year={2023}
}


@inproceedings{yang80neural,
  title={Neural Enhanced Underwater SOS Detection},
  author={Yang, Qiang and Zheng, Yuanqing},
  booktitle={IEEE INFOCOM 2024-IEEE Conference on Computer Communications},
  pages={971--980},
  year={2024},
  organization={IEEE}
}

@inproceedings{lin2021shrimp,
  title={Shrimp: a robust underwater visible light communication system},
  author={Lin, Chi and Yu, Yongda and Xiong, Jie and Zhang, Yichuan and Wang, Lei and Wu, Guowei and Luo, Zhongxuan},
  booktitle={Proceedings of the 27th annual international conference on mobile computing and networking},
  pages={134--146},
  year={2021}
}


@article{jia2022two,
  title={A two-dimensional chirp-MFCSK modulation method for underwater LoRA system},
  author={Jia, Zhenyu and Zheng, Wenjun and Yuan, Fei},
  journal={IEEE Internet of Things Journal},
  volume={9},
  number={23},
  pages={24388--24397},
  year={2022},
  publisher={IEEE}
}



@inproceedings{rademacher2022enabling,
  title={Enabling battery-free wireless underwater imaging},
  author={Rademacher, Jack and Akbar, Waleed and Afzal, Sayed Saad and Rodriguez, Osvy and Naeem, Nazish and Wang, Purui and Doumet, Mario and Ha, Unsoo and Ghaffarivardavagh, Reza and Adib, Fadel},
  booktitle={Proceedings of the 16th International Conference on Underwater Networks \& Systems},
  pages={1--2},
  year={2022}
}

@inproceedings{steinmetz2018practical,
  title={A practical guide to chirp spread spectrum for acoustic underwater communication in shallow waters},
  author={Steinmetz, Fabian and Heitmann, Jan and Renner, Christian},
  booktitle={Proceedings of the 13th International Conference on Underwater Networks \& Systems},
  pages={1--8},
  year={2018}
}

@inproceedings{anjum2022acoustic,
  title={Acoustic channel-aware autoencoder-based compression for underwater image transmission},
  author={Anjum, Khizar and Li, Zhile and Pompili, Dario},
  booktitle={2022 Sixth Underwater Communications and Networking Conference (UComms)},
  pages={1--5},
  year={2022},
  organization={IEEE}
}


@inproceedings{steinmetz2022taking,
  title={Taking LoRa for a dive: CSS for low-power acoustic underwater communication},
  author={Steinmetz, Fabian and Renner, Bernd-Christian},
  booktitle={2022 Sixth Underwater Communications and Networking Conference (UComms)},
  pages={1--5},
  year={2022},
  organization={IEEE}
}


@incollection{liu2021uqcom,
  title={UQCom: underwater safety communication based on 3D blue-green QR arrays},
  author={Liu, Xinyang and Gao, Xinhua and Li, Jiale and Wang, Yibo and Lin, Chi and Qin, Zhenquan and Wang, Lei},
  booktitle={Proceedings of the SIGCOMM'21 Poster and Demo Sessions},
  pages={36--38},
  year={2021}
}




@inproceedings{restuccia2017isonar,
  title={iSonar: Software-defined underwater acoustic networking for amphibious smartphones},
  author={Restuccia, Francesco and Demirors, Emrecan and Melodia, Tommaso},
  booktitle={Proceedings of the 12th International Conference on Underwater Networks \& Systems},
  pages={1--9},
  year={2017}
}

@inproceedings{li2022curvinglora,
  title={$\{$CurvingLoRa$\}$ to boost $\{$LoRa$\}$ network throughput via concurrent transmission},
  author={Li, Chenning and Guo, Xiuzhen and Shangguan, Longfei and Cao, Zhichao and Jamieson, Kyle},
  booktitle={19th USENIX Symposium on Networked Systems Design and Implementation (NSDI 22)},
  pages={879--895},
  year={2022}
}


@article{kebkal2002sweep,
  title={Sweep-spread carrier for underwater communication over acoustic channels with strong multipath propagation},
  author={Kebkal, Konstantin G and Bannasch, Rudolf},
  journal={The Journal of the Acoustical Society of America},
  volume={112},
  number={5},
  pages={2043--2052},
  year={2002},
  publisher={Acoustical Society of America}
}


@article{liu2023uqrcom,
  title={Uqrcom: Underwater wireless communication based on qr code},
  author={Liu, Xinyang and Wang, Lei and Xiong, Jie and Lin, Chi and Gao, Xinhua and Li, Jiale and Wang, Yibo},
  journal={Proceedings of the ACM on Interactive, Mobile, Wearable and Ubiquitous Technologies},
  volume={6},
  number={4},
  pages={1--22},
  year={2023},
  publisher={ACM New York, NY, USA}
}

@article{grassucci2023generative,
  title={Generative Semantic Communication: Diffusion Models Beyond Bit Recovery},
  author={Grassucci, Eleonora and Barbarossa, Sergio and Comminiello, Danilo},
  journal={arXiv preprint arXiv:2306.04321},
  year={2023}
}


@article{xie2021tsp,
    author = {Xie, Huiqiang and Qin, Zhijin and Li, Geoffrey Ye and Juang, Biing-Hwang},
    title = {Deep Learning Enabled Semantic Communication Systems},
    journal = {IEEE Transactions on Signal Processing},
    year = {2021}
}

@article{dai2023wc,
    author = {Dai, Jincheng and Zhang, Ping and Niu, Kai and Wang, Sixian and Si, Zhongwei and Qin, Xiaoqi},
    title = {Communication Beyond Transmitting Bits: Semantics-Guided Source and Channel Coding},
    journal = {IEEE Wireless Communications},
    year = {2023}
}

@article{le2023arxiv,
    author = {Le, Xia and Yao, Sun and Chengsi, Liang and Lei, Zhang and Muhammad, Ali Imran and Dusit Niyato},
    title = {Generative AI for Semantic Communication: Architecture, Challenges, and Outlook},
    journal = {arXiv preprint arXiv:2308.15483.},
    year = {2023}
}

@article{ho2020denoising,
  title={Denoising diffusion probabilistic models},
  author={Ho, Jonathan and Jain, Ajay and Abbeel, Pieter},
  journal={Advances in neural information processing systems},
  volume={33},
  pages={6840--6851},
  year={2020}
}

@article{hong2022cogvideo,
  title={Cogvideo: Large-scale pretraining for text-to-video generation via transformers},
  author={Hong, Wenyi and Ding, Ming and Zheng, Wendi and Liu, Xinghan and Tang, Jie},
  journal={arXiv preprint arXiv:2205.15868},
  year={2022}
}

@inproceedings{zhang2023adding,
  title={Adding conditional control to text-to-image diffusion models},
  author={Zhang, Lvmin and Rao, Anyi and Agrawala, Maneesh},
  booktitle={Proceedings of the IEEE/CVF International Conference on Computer Vision},
  pages={3836--3847},
  year={2023}
}

@misc{Dayma_DALL·E_Mini_2021,
      author = {Dayma, Boris and Patil, Suraj and Cuenca, Pedro and Saifullah, Khalid and Abraham, Tanishq and Lê Khắc, Phúc and Melas, Luke and Ghosh, Ritobrata},
      doi = {10.5281/zenodo.5146400},
      month = {7},
      title = {DALL·E Mini},
      url = {https://github.com/borisdayma/dalle-mini},
      year = {2021}
}

@article{saleh2020realistic,
  title={A realistic fish-habitat dataset to evaluate algorithms for underwater visual analysis},
  author={Saleh, Alzayat and Laradji, Issam H and Konovalov, Dmitry A and Bradley, Michael and Vazquez, David and Sheaves, Marcus},
  journal={Scientific Reports},
  volume={10},
  number={1},
  pages={14671},
  year={2020},
  publisher={Nature Publishing Group UK London},
  doi={https://doi.org/10.1038/s41598-020-71639-x}
}

@misc{esser2020taming,
      title={Taming Transformers for High-Resolution Image Synthesis},
      author={Patrick Esser and Robin Rombach and Björn Ommer},
      year={2020},
      eprint={2012.09841},
      archivePrefix={arXiv},
}







@article{yu2024image,
  title={An Image is Worth 32 Tokens for Reconstruction and Generation},
  author={Yu, Qihang and Weber, Mark and Deng, Xueqing and Shen, Xiaohui and Cremers, Daniel and Chen, Liang-Chieh},
  journal={arXiv preprint arXiv:2406.07550},
  year={2024}
}

@article{lecun1989backpropagation,
  title={Backpropagation applied to handwritten zip code recognition},
  author={LeCun, Yann and Boser, Bernhard and Denker, John S and Henderson, Donnie and Howard, Richard E and Hubbard, Wayne and Jackel, Lawrence D},
  journal={Neural computation},
  volume={1},
  number={4},
  pages={541--551},
  year={1989},
  publisher={MIT Press}
}


@inproceedings{mao2024extreme,
  title={Extreme image compression using fine-tuned vqgans},
  author={Mao, Qi and Yang, Tinghan and Zhang, Yinuo and Wang, Zijian and Wang, Meng and Wang, Shiqi and Jin, Libiao and Ma, Siwei},
  booktitle={2024 Data Compression Conference (DCC)},
  pages={203--212},
  year={2024},
  organization={IEEE}
}

@inproceedings{esser2021taming,
  title={Taming transformers for high-resolution image synthesis},
  author={Esser, Patrick and Rombach, Robin and Ommer, Bjorn},
  booktitle={Proceedings of the IEEE/CVF conference on computer vision and pattern recognition},
  pages={12873--12883},
  year={2021}
}

@article{liu2023efficient,
  title={An Efficient and Robust Underwater Image Compression Scheme Based on Autoencoder},
  author={Liu, Jiahui and Yuan, Fei and Xue, Chang and Jia, Zhenyu and Cheng, En},
  journal={IEEE Journal of Oceanic Engineering},
  volume={48},
  number={3},
  pages={925--945},
  year={2023},
  publisher={IEEE}
}

@article{imagenet15russakovsky,
    Author = {Olga Russakovsky and Jia Deng and Hao Su and Jonathan Krause and Sanjeev Satheesh and Sean Ma and Zhiheng Huang and Andrej Karpathy and Aditya Khosla and Michael Bernstein and Alexander C. Berg and Li Fei-Fei},
    Title = { {ImageNet Large Scale Visual Recognition Challenge} },
    Year = {2015},
    journal   = {International Journal of Computer Vision (IJCV)},
    volume={115},
    number={3},
    pages={211-252}
}

@article{saleh2020realistic,
  title={A realistic fish-habitat dataset to evaluate algorithms for underwater visual analysis},
  author={Saleh, Alzayat and Laradji, Issam H and Konovalov, Dmitry A and Bradley, Michael and Vazquez, David and Sheaves, Marcus},
  journal={Scientific Reports},
  volume={10},
  number={1},
  pages={14671},
  year={2020},
  publisher={Nature Publishing Group UK London},
  doi={https://doi.org/10.1038/s41598-020-71639-x}
}

@article{yu2024an,
  author    = {Qihang Yu and Mark Weber and Xueqing Deng and Xiaohui Shen and Daniel Cremers and Liang-Chieh Chen},
  title     = {An Image is Worth 32 Tokens for Reconstruction and Generation},
  journal   = {arxiv: 2406.07550},
  year      = {2024}
}

@article{yu2023language,
  title={Language Model Beats Diffusion--Tokenizer is Key to Visual Generation},
  author={Yu, Lijun and Lezama, Jos{\'e} and Gundavarapu, Nitesh B and Versari, Luca and Sohn, Kihyuk and Minnen, David and Cheng, Yong and Gupta, Agrim and Gu, Xiuye and Hauptmann, Alexander G and others},
  journal={arXiv preprint arXiv:2310.05737},
  year={2023}
}

@misc{AppleRD2021,
  title     = {Apple Reveals RD into allowing iPhones to communicate in Underwater and Underground Environments},
  author    = {{Patently Apple}},
  year      = {2021},
  url       = {https://www.patentlyapple.com/patentlyapple/2021/01/apple-reveals-rd-into-allowing-iphones-to-communicate-in-underwater-and-underground-environments.html}
}

@inproceedings{zhang2018unreasonable,
  title={The unreasonable effectiveness of deep features as a perceptual metric},
  author={Zhang, Richard and Isola, Phillip and Efros, Alexei A and Shechtman, Eli and Wang, Oliver},
  booktitle={Proceedings of the IEEE conference on computer vision and pattern recognition},
  pages={586--595},
  year={2018}
}

@article{wallace1991jpeg,
  title={The JPEG still picture compression standard},
  author={Wallace, Gregory K},
  journal={Communications of the ACM},
  volume={34},
  number={4},
  pages={30--44},
  year={1991},
  publisher={AcM New York, NY, USA}
}

@misc{webp2024,
  author       = {T. W. team},
  title        = {{WebP: A New Image Format for the Web}},
  howpublished = {\url{https://developers.google.com/speed/webp/}},
  note         = {[Online; accessed 28-August-2024]},
  year         = {2024}
}


@misc{bellard_bpg,
  author       = {F. Bellard},
  title        = {{BPG Image Format}},
  howpublished = {\url{https://bellard.org/bpg/}},
  note         = {[Online; accessed 28-August-2024]},
  year         = {2024}
}

@misc{3gpp_release16,
  author       = "{3GPP}",
  title        = "{Release 16}",
  year         = 2020,
  url          = {https://www.3gpp.org/release-16},
  note         = {Accessed: 2024-08-29}
}


@misc{garmin_descent_t2_2023,
  title        = {Descent{™} T2 Transceiver},
  author       = {{Garmin}},
  year         = {2023},
  howpublished = {\url{https://www.garmin.com/en-US/p/1071269}},
  note         = {Accessed: 08-31-2024}
}


@inproceedings{cheng2024grace,
  title={$\{$GRACE$\}$:$\{$Loss-Resilient$\}$$\{$Real-Time$\}$ Video through Neural Codecs},
  author={Cheng, Yihua and Zhang, Ziyi and Li, Hanchen and Arapin, Anton and Zhang, Yue and Zhang, Qizheng and Liu, Yuhan and Du, Kuntai and Zhang, Xu and Yan, Francis Y and others},
  booktitle={21st USENIX Symposium on Networked Systems Design and Implementation (NSDI 24)},
  pages={509--531},
  year={2024}
}

@inproceedings{chen2024lifter,
  title={$\{$LiFteR$\}$: Unleash Learned Codecs in Video Streaming with Loose Frame Referencing},
  author={Chen, Bo and Yan, Zhisheng and Zhang, Yinjie and Yang, Zhe and Nahrstedt, Klara},
  booktitle={21st USENIX Symposium on Networked Systems Design and Implementation (NSDI 24)},
  pages={533--548},
  year={2024}
}

@inproceedings{dasari2022swift,
  title={Swift: Adaptive video streaming with layered neural codecs},
  author={Dasari, Mallesham and Kahatapitiya, Kumara and Das, Samir R and Balasubramanian, Aruna and Samaras, Dimitris},
  booktitle={19th USENIX Symposium on Networked Systems Design and Implementation (NSDI 22)},
  pages={103--118},
  year={2022}
}

@article{huffman1952method,
  title={A method for the construction of minimum-redundancy codes},
  author={Huffman, David A},
  journal={Proceedings of the IRE},
  volume={40},
  number={9},
  pages={1098--1101},
  year={1952},
  publisher={IEEE}
}

@article{witten1987arithmetic,
  title={Arithmetic coding for data compression},
  author={Witten, Ian H and Neal, Radford M and Cleary, John G},
  journal={Communications of the ACM},
  volume={30},
  number={6},
  pages={520--540},
  year={1987},
  publisher={ACM New York, NY, USA}
}

@article{wojtkow2017biomechanics,
  title={Biomechanics of diving: the influence of the swimming speed on the kinematics of lower limbs of professional divers},
  author={Wojtk{\'o}w, Magdalena and Nikodem, Anna},
  journal={Acta of bioengineering and biomechanics},
  volume={19},
  number={4},
  pages={117--125},
  year={2017},
  publisher={Politechnika Wroc{\l}awska. Oficyna Wydawnicza Politechniki Wroc{\l}awskiej}
}

@online{TORRAS,
  author       = {TORRAS},
  title        = {TORRAS IPX8 Waterproof Phone Pouch Floating},
  year         = {2024},
  url          = {https://www.amazon.com/TORRAS-Waterproof-Floating-Underwater-Touchable/dp/B0CWP7XG5Q},
  note         = {Accessed: 2024-09-02}
}

@misc{vulkan_2024,
  title        = {Vulkan® - Industry Forged Graphics API},
  howpublished = {\url{https://www.vulkan.org/}},
  year         = {2024},
  note         = {Accessed: 2024-09-03}
}



@misc{apple_intelligence,
  title = {Apple Intelligence},
  howpublished = {\url{https://www.apple.com/apple-intelligence}},
  note = {Accessed: 2024-09-03},
  year = {2024},
  author = {{Apple Inc.}}
}

@misc{samsung_galaxy_ai,
  title = {Galaxy AI},
  howpublished = {\url{https://www.samsung.com/us/galaxy-ai/}},
  note = {Accessed: 2024-09-03},
  year = {2024},
  author = {{Samsung Electronics}}
}

@article{van2017neural,
  title={Neural discrete representation learning},
  author={Van Den Oord, Aaron and Vinyals, Oriol and others},
  journal={Advances in neural information processing systems},
  volume={30},
  year={2017}
}

@article{yu2021vector,
  title={Vector-quantized image modeling with improved vqgan},
  author={Yu, Jiahui and Li, Xin and Koh, Jing Yu and Zhang, Han and Pang, Ruoming and Qin, James and Ku, Alexander and Xu, Yuanzhong and Baldridge, Jason and Wu, Yonghui},
  journal={arXiv preprint arXiv:2110.04627},
  year={2021}
}


@article{oquab2023dinov2,
  title={Dinov2: Learning robust visual features without supervision},
  author={Oquab, Maxime and Darcet, Timoth{\'e}e and Moutakanni, Th{\'e}o and Vo, Huy and Szafraniec, Marc and Khalidov, Vasil and Fernandez, Pierre and Haziza, Daniel and Massa, Francisco and El-Nouby, Alaaeldin and others},
  journal={arXiv preprint arXiv:2304.07193},
  year={2023}
}

@inproceedings{radford2021learning,
  title={Learning transferable visual models from natural language supervision},
  author={Radford, Alec and Kim, Jong Wook and Hallacy, Chris and Ramesh, Aditya and Goh, Gabriel and Agarwal, Sandhini and Sastry, Girish and Askell, Amanda and Mishkin, Pamela and Clark, Jack and others},
  booktitle={International conference on machine learning},
  pages={8748--8763},
  year={2021},
  organization={PMLR}
}

@article{vaswani2017attention,
  title={Attention is all you need},
  author={Vaswani, A},
  journal={Advances in Neural Information Processing Systems},
  year={2017}
}

@misc{pytorch_mobile,
  title = {PyTorch Mobile},
  howpublished = {\url{https://pytorch.org/mobile/home/}},
  note = {Accessed: 2024-09-01},
    year = {2024},
}

@inproceedings{hore2010image,
  title={Image quality metrics: PSNR vs. SSIM},
  author={Hore, Alain and Ziou, Djemel},
  booktitle={2010 20th international conference on pattern recognition},
  pages={2366--2369},
  year={2010},
  organization={IEEE}
}

@inproceedings{wang2003multiscale,
  title={Multiscale structural similarity for image quality assessment},
  author={Wang, Zhou and Simoncelli, Eero P and Bovik, Alan C},
  booktitle={The Thrity-Seventh Asilomar Conference on Signals, Systems \& Computers, 2003},
  volume={2},
  pages={1398--1402},
  year={2003},
  organization={Ieee}
}

@inproceedings{sheikh2005visual,
  title={A visual information fidelity approach to video quality assessment},
  author={Sheikh, Hamid R and Bovik, Alan C},
  booktitle={The first international workshop on video processing and quality metrics for consumer electronics},
  volume={7},
  number={2},
  pages={2117--2128},
  year={2005},
  organization={sn}
}

@misc{mantacabo_scubadiving,
  author       = {Manta Cabo},
  title        = {Scuba Diving Depth and Time: How Far Can One Go?},
  year         = {2024},
  url          = {https://www.mantacabo.com/scuba-diving-depth-and-time-how-far-can-one-go/},
  note         = {Accessed: 2024-09-01}
}


@inproceedings{cheng2020image,
    title={Learned Image Compression with Discretized Gaussian Mixture
    Likelihoods and Attention Modules},
    author={Cheng, Zhengxue and Sun, Heming and Takeuchi, Masaru and Katto,
    Jiro},
    booktitle= "Proceedings of the IEEE Conference on Computer Vision and
    Pattern Recognition (CVPR)",
    year={2020}
}

@inproceedings{touvron2021training,
  title={Training data-efficient image transformers \& distillation through attention},
  author={Touvron, Hugo and Cord, Matthieu and Douze, Matthijs and Massa, Francisco and Sablayrolles, Alexandre and J{\'e}gou, Herv{\'e}},
  booktitle={International conference on machine learning},
  pages={10347--10357},
  year={2021},
  organization={PMLR}
}

@inproceedings{NIPS2014_5ca3e9b1,
 author = {Goodfellow, Ian and Pouget-Abadie, Jean and Mirza, Mehdi and Xu, Bing and Warde-Farley, David and Ozair, Sherjil and Courville, Aaron and Bengio, Yoshua},
 booktitle = {Advances in Neural Information Processing Systems},
 editor = {Z. Ghahramani and M. Welling and C. Cortes and N. Lawrence and K.Q. Weinberger},
 pages = {},
 publisher = {Curran Associates, Inc.},
 title = {Generative Adversarial Nets},
 volume = {27},
 year = {2014}
}


@misc{dataset_video_1,
  author       = {Robert Kort},
  title        = {Amazing Cozumel Scuba Diving August, 2022 in 4K},
  year         = {2022},
  url          = {https://www.youtube.com/watch?v=YcdVRP0Y5H8}
}

@misc{dataset_video_2,
  author       = {
surgeonfish1},
  title        = {Maldives Deep South Diving 4k},
  year         = {2018},
  url          = {https://www.youtube.com/watch?v=sN2WM3VwVwM}
}

@misc{dataset_video_3,
  author       = {Robert Kort},
  title        = {Deep Diving 4K - Mexico Underwater Caves - Incredible Underwater World - 3 Hours},
  year         = {2021},
  url          = {4K Relaxation Channel}
}

@misc{dataset_video_4,
  author       = {Turbulence},
  title        = {Night Diving at Waikiki pond. Fish sleeping video made with GoPro and LED diving lights},
  year         = {2022},
  url          = {https://www.youtube.com/watch?v=z6PtM1r57do}
}

@misc{dataset_video_5,
  author       = {Gerry Green},
  title        = {Scuba diving in the Caribbean 2021 77 dives 2 hour underwater relaxation video in 4k},
  year         = {2022},
  url          = {https://www.youtube.com/watch?v=gD5Rxr_5Jws}
}

@inproceedings {nsdi24_grace,
author = {Yihua Cheng and Ziyi Zhang and Hanchen Li and Anton Arapin and Yue Zhang and Qizheng Zhang and Yuhan Liu and Kuntai Du and Xu Zhang and Francis Y. Yan and Amrita Mazumdar and Nick Feamster and Junchen Jiang},
title = {{GRACE}: {Loss-Resilient} {Real-Time} Video through Neural Codecs},
booktitle = {21st USENIX Symposium on Networked Systems Design and Implementation (NSDI 24)},
year = {2024},
isbn = {978-1-939133-39-7},
address = {Santa Clara, CA},
pages = {509--531},
publisher = {USENIX Association},
month = apr
}
@misc{li2024reparolossresilientgenerativecodec,
      title={Reparo: Loss-Resilient Generative Codec for Video Conferencing},
      author={Tianhong Li and Vibhaalakshmi Sivaraman and Pantea Karimi and Lijie Fan and Mohammad Alizadeh and Dina Katabi},
      year={2024},
      eprint={2305.14135},
      archivePrefix={arXiv},
}

@misc{yan2024elastictokadaptivetokenizationimage,
      title={ElasticTok: Adaptive Tokenization for Image and Video},
      author={Wilson Yan and Matei Zaharia and Volodymyr Mnih and Pieter Abbeel and Aleksandra Faust and Hao Liu},
      year={2024},
      eprint={2410.08368},
      archivePrefix={arXiv},
}

@misc{shen2025catcontentadaptiveimagetokenization,
      title={CAT: Content-Adaptive Image Tokenization},
      author={Junhong Shen and Kushal Tirumala and Michihiro Yasunaga and Ishan Misra and Luke Zettlemoyer and Lili Yu and Chunting Zhou},
      year={2025},
      eprint={2501.03120},
      archivePrefix={arXiv},
      primaryClass={cs.CV},
}

@inproceedings{NEURIPS2019_f1ea154c,
 author = {Lombardo, Salvator and HAN, JUN and Schroers, Christopher and Mandt, Stephan},
 booktitle = {Advances in Neural Information Processing Systems},
 editor = {H. Wallach and H. Larochelle and A. Beygelzimer and F. d\textquotesingle Alch\'{e}-Buc and E. Fox and R. Garnett},
 pages = {},
 publisher = {Curran Associates, Inc.},
 title = {Deep Generative Video Compression},
 volume = {32},
 year = {2019}
}

@misc{dosovitskiy2021imageworth16x16words,
      title={An Image is Worth 16x16 Words: Transformers for Image Recognition at Scale},
      author={Alexey Dosovitskiy and Lucas Beyer and Alexander Kolesnikov and Dirk Weissenborn and Xiaohua Zhai and Thomas Unterthiner and Mostafa Dehghani and Matthias Minderer and Georg Heigold and Sylvain Gelly and Jakob Uszkoreit and Neil Houlsby},
      year={2021},
      eprint={2010.11929},
      archivePrefix={arXiv},
      primaryClass={cs.CV},
      url={https://arxiv.org/abs/2010.11929},
}

@inproceedings{santurkar2018generative,
  title={Generative compression},
  author={Santurkar, Shibani and Budden, David and Shavit, Nir},
  booktitle={2018 Picture Coding Symposium (PCS)},
  pages={258--262},
  year={2018},
  organization={IEEE}
}

@inproceedings{mobicom24_seascan,
author = {Naeem, Nazish and Rademacher, Jack and Patnaik, Ritik and Boroushaki, Tara and Adib, Fadel},
title = {SeaScan: An Energy-Efficient Underwater Camera for Wireless 3D Color Imaging},
year = {2024},
isbn = {9798400704895},
publisher = {Association for Computing Machinery},
booktitle = {Proceedings of the 30th Annual International Conference on Mobile Computing and Networking},
pages = {785–799},
numpages = {15},
series = {ACM MobiCom '24}
}


@inproceedings{anantharajah2014local,
title={Local inter-session variability modelling for object classification},
author={Anantharajah, Kaneswaran and Ge, ZongYuan and McCool, Christopher and Denman, Simon and Fookes, Clinton B and Corke, Peter and Tjondronegoro, Dian W and Sridharan, Sridha},
booktitle={Winter Conference on Applications of Computer Vision (WACV), 2013 IEEE Conference on},
year={2014}
}

@inproceedings{marques2020l2uwe,
  title={L2uwe: A framework for the efficient enhancement of low-light underwater images using local contrast and multi-scale fusion},
  author={Marques, Tunai Porto and Albu, Alexandra Branzan},
  booktitle={Proceedings of the IEEE/CVF conference on computer vision and pattern recognition workshops},
  pages={538--539},
  year={2020}
}

@inproceedings{islam2020suim,
  title={{Semantic Segmentation of Underwater Imagery: Dataset and Benchmark}},
  author={Islam, Md Jahidul and Edge, Chelsey and Xiao, Yuyang and Luo, Peigen and Mehtaz,
              Muntaqim and Morse, Christopher and Enan, Sadman Sakib and Sattar, Junaed},
  booktitle={IEEE/RSJ International Conference on Intelligent Robots and Systems (IROS)},
  year={2020},
  organization={IEEE/RSJ}
}

 @article{islam2019fast,
     title={Fast Underwater Image Enhancement for Improved Visual Perception},
     author={Islam, Md Jahidul and Xia, Youya and Sattar, Junaed},
     journal={IEEE Robotics and Automation Letters (RA-L)},
     volume={5},
     number={2},
     pages={3227--3234},
     year={2020},
     publisher={IEEE}
 }


@article{jmse7010016,
  title={CADDY underwater stereo-vision dataset for human--robot interaction (HRI) in the context of diver activities},
  author={Gomez Chavez, Arturo and Ranieri, Andrea and Chiarella, Davide and Zereik, Enrica and Babi{\'c}, Anja and Birk, Andreas},
  journal={Journal of Marine Science and Engineering},
  volume={7},
  number={1},
  pages={16},
  year={2019},
  publisher={MDPI}
}


@ARTICLE{2018arXiv180704856G,
       author = {{Gomez Chavez}, Arturo and {Ranieri}, Andrea and {Chiarella}, Davide and
        {Zereik}, Enrica and {Babi{\'c}}, Anja and {Birk}, Andreas},
        title = "{CADDY Underwater Stereo-Vision Dataset for Human-Robot Interaction (HRI) in the Context of Diver Activities}",
      journal = {arXiv e-prints},
     keywords = {Computer Science - Computer Vision and Pattern Recognition, Computer Science - Robotics},
         year = 2018,
        month = Jul
}


@article{li2019underwater,
  title={An underwater image enhancement benchmark dataset and beyond},
  author={Li, Chongyi and Guo, Chunle and Ren, Wenqi and Cong, Runmin and Hou, Junhui and Kwong, Sam and Tao, Dacheng},
  journal={IEEE transactions on image processing},
  volume={29},
  pages={4376--4389},
  year={2019},
  publisher={IEEE}
}

@ARTICLE{10102831,
  author={Hong, Lin and Wang, Xin and Zhang, Gan and Zhao, Ming},
  journal={IEEE Transactions on Image Processing},
  title={USOD10K: A New Benchmark Dataset for Underwater Salient Object Detection},
  year={2023},
  volume={},
  number={},
  pages={1-1},
  doi={10.1109/TIP.2023.3266163}}


@misc{imagenet100,
  title        = {ImageNet100},
  author       = {Ambityga},
  year         = {2023},
  url          = {https://www.kaggle.com/datasets/ambityga/imagenet100},
  note         = {Accessed: 2025-01-30}
}


@inproceedings{bengio2009curriculum,
  title={Curriculum learning},
  author={Bengio, Yoshua and Louradour, J{\'e}r{\^o}me and Collobert, Ronan and Weston, Jason},
  booktitle={Proceedings of the 26th annual international conference on machine learning},
  pages={41--48},
  year={2009}
}
