@inproceedings{CasCN,
  title={Information diffusion prediction via recurrent cascades convolution},
  author={Chen, Xueqin and Zhou, Fan and Zhang, Kunpeng and Trajcevski, Goce and Zhong, Ting and Zhang, Fengli},
  booktitle={Proceedings of ICDE},
  year={2019}
}

@article{Castformer,
  title={CasTformer: A novel cascade transformer towards predicting information diffusion},
  author={Sun, Xigang and Zhou, Jingya and Liu, Ling and Wu, Zhen},
  journal={Information Sciences},
  year={2023}
}

@article{achiam2023gpt,
  title={Gpt-4 technical report},
  author={Achiam, Josh and Adler, Steven and Agarwal, Sandhini and Ahmad, Lama and Akkaya, Ilge and Aleman, Florencia Leoni and Almeida, Diogo and Altenschmidt, Janko and Altman, Sam and Anadkat, Shyamal and others},
  journal={arXiv preprint arXiv:2303.08774},
  year={2023}
}

@article{awais2025foundation,
  title={Foundation Models Defining a New Era in Vision: a Survey and Outlook},
  author={Awais, Muhammad and Naseer, Muzammal and Khan, Salman and Anwer, Rao Muhammad and Cholakkal, Hisham and Shah, Mubarak and Yang, Ming-Hsuan and Khan, Fahad Shahbaz},
  journal={IEEE Transactions on Pattern Analysis and Machine Intelligence},
  year={2025}
}

@article{bai2023qwen,
  title={Qwen technical report},
  author={Bai, Jinze and Bai, Shuai and Chu, Yunfei and Cui, Zeyu and Dang, Kai and Deng, Xiaodong and Fan, Yang and Ge, Wenbin and Han, Yu and Huang, Fei and others},
  journal={arXiv preprint arXiv:2309.16609},
  year={2023}
}

@inproceedings{cao2017deephawkes,
  title={Deephawkes: Bridging the gap between prediction and understanding of information cascades},
  author={Cao, Qi and Shen, Huawei and Cen, Keting and Ouyang, Wentao and Cheng, Xueqi},
  booktitle={Proceedings of CIKM},
  year={2017}
}

@inproceedings{cao2020popularity,
  title={Popularity prediction on social platforms with coupled graph neural networks},
  author={Cao, Qi and Shen, Huawei and Gao, Jinhua and Wei, Bingzheng and Cheng, Xueqi},
  booktitle={Proceedings of WSDM},
  year={2020}
}

@article{casflow,
  title={Casflow: Exploring hierarchical structures and propagation uncertainty for cascade prediction},
  author={Xu, Xovee and Zhou, Fan and Zhang, Kunpeng and Liu, Siyuan and Trajcevski, Goce},
  journal={IEEE Transactions on Knowledge and Data Engineering},
  year={2021}
}

@inproceedings{chen2020generative,
  title={Generative pretraining from pixels},
  author={Chen, Mark and Radford, Alec and Child, Rewon and Wu, Jeffrey and Jun, Heewoo and Luan, David and Sutskever, Ilya},
  booktitle={Proceedings of ICML},
  year={2020}
}

@article{cheng2024information,
  title={Information Cascade Popularity Prediction via Probabilistic Diffusion},
  author={Cheng, Zhangtao and Zhou, Fan and Xu, Xovee and Zhang, Kunpeng and Trajcevski, Goce and Zhong, Ting and Philip, S Yu},
  journal={IEEE Transactions on Knowledge and Data Engineering},
  year={2024}
}

@inproceedings{gong2024self,
  title={Self-pro: A Self-prompt and Tuning Framework for Graph Neural Networks},
  author={Gong, Chenghua and Li, Xiang and Yu, Jianxiang and Cheng, Yao and Tan, Jiaqi and Yu, Chengcheng},
  booktitle={Proceedings of ECML-PKDD},
  year={2024},
}

@inproceedings{gregor2014deep,
  title={Deep autoregressive networks},
  author={Gregor, Karol and Danihelka, Ivo and Mnih, Andriy and Blundell, Charles and Wierstra, Daan},
  booktitle={Proceedings of ICML},
  year={2014}
}

@inproceedings{iwata2013discovering,
  title={Discovering latent influence in online social activities via shared cascade poisson processes},
  author={Iwata, Tomoharu and Shah, Amar and Ghahramani, Zoubin},
  booktitle={Proceedings of SIGKDD},
  year={2013}
}

@inproceedings{jin2023time,
  title={Time-llm: Time series forecasting by reprogramming large language models},
  author={Jin, Ming and Wang, Shiyu and Ma, Lintao and Chu, Zhixuan and Zhang, James Y and Shi, Xiaoming and Chen, Pin-Yu and Liang, Yuxuan and Li, Yuan-Fang and Pan, Shirui and others},
  booktitle={Proceedings of ICLR},
  year={2024}
}

@inproceedings{li2017deepcas,
  title={Deepcas: An end-to-end predictor of information cascades},
  author={Li, Cheng and Ma, Jiaqi and Guo, Xiaoxiao and Mei, Qiaozhu},
  booktitle={Proceedings of the Web Conference},
  year={2017}
}

@article{li2021capturing,
  title={Capturing dynamics of information diffusion in SNS: A survey of methodology and techniques},
  author={Li, Huacheng and Xia, Chunhe and Wang, Tianbo and Wen, Sheng and Chen, Chao and Xiang, Yang},
  journal={ACM Computing Surveys (CSUR)},
  year={2021}
}

@inproceedings{liang2024foundation,
  title={Foundation models for time series analysis: A tutorial and survey},
  author={Liang, Yuxuan and Wen, Haomin and Nie, Yuqi and Jiang, Yushan and Jin, Ming and Song, Dongjin and Pan, Shirui and Wen, Qingsong},
  booktitle={Proceedings of SIGKDD},
  year={2024}
}

@article{lipton2015critical,
  title={A Critical Review of Recurrent Neural Networks for Sequence Learning},
  author={Lipton, Zachary Chase},
  journal={arXiv Preprint, CoRR, abs/1506.00019},
  year={2015}
}

@article{liu2023pre,
  title={Pre-train, prompt, and predict: A systematic survey of prompting methods in natural language processing},
  author={Liu, Pengfei and Yuan, Weizhe and Fu, Jinlan and Jiang, Zhengbao and Hayashi, Hiroaki and Neubig, Graham},
  journal={ACM Computing Surveys},
  year={2023}
}

@inproceedings{liu2024autotimes,
  title={Autotimes: Autoregressive time series forecasters via large language models},
  author={Liu, Yong and Qin, Guo and Huang, Xiangdong and Wang, Jianmin and Long, Mingsheng},
  booktitle={Proceedings of NIPS},
  year={2024}
}

@inproceedings{liu2024unitime,
  title={Unitime: A language-empowered unified model for cross-domain time series forecasting},
  author={Liu, Xu and Hu, Junfeng and Li, Yuan and Diao, Shizhe and Liang, Yuxuan and Hooi, Bryan and Zimmermann, Roger},
  booktitle={Proceedings of the Web Conference},
  year={2024}
}

@inproceedings{qiu2018deepinf,
  title={Deepinf: Social influence prediction with deep learning},
  author={Qiu, Jiezhong and Tang, Jian and Ma, Hao and Dong, Yuxiao and Wang, Kuansan and Tang, Jie},
  booktitle={Proceedings of SIGKDD},
  year={2018}
}

@article{radford2019language,
  title={Language models are unsupervised multitask learners},
  author={Radford, Alec and Wu, Jeffrey and Child, Rewon and Luan, David and Amodei, Dario and Sutskever, Ilya and others},
  journal={OpenAI blog},
  year={2019}
}

@article{rajasegaran2025empirical,
  title={An Empirical Study of Autoregressive Pre-training from Videos},
  author={Rajasegaran, Jathushan and Radosavovic, Ilija and Ravishankar, Rahul and Gandelsman, Yossi and Feichtenhofer, Christoph and Malik, Jitendra},
  journal={arXiv preprint arXiv:2501.05453
        
        },
  year={2025}
}

@article{ranzato2014video,
  title={Video (language) modeling: a baseline for generative models of natural videos},
  author={Ranzato, MarcAurelio and Szlam, Arthur and Bruna, Joan and Mathieu, Michael and Collobert, Ronan and Chopra, Sumit},
  journal={arXiv preprint arXiv:1412.6604},
  year={2014}
}

@inproceedings{rizoiu2018sir,
  title={SIR-Hawkes: Linking epidemic models and Hawkes processes to model diffusions in finite populations},
  author={Rizoiu, Marian-Andrei and Mishra, Swapnil and Kong, Quyu and Carman, Mark and Xie, Lexing},
  booktitle={Proceedings of the Web Conference},
  year={2018}
}

@inproceedings{rubanova2019latent,
  title={Latent ordinary differential equations for irregularly-sampled time series},
  author={Rubanova, Yulia and Chen, Ricky TQ and Duvenaud, David K},
  booktitle={Proceedings of NIPS},
  year={2019}
}

@article{szabo2010predicting,
  title={Predicting the popularity of online content},
  author={Szabo, Gabor and Huberman, Bernardo A},
  journal={Communications of the ACM},
  year={2010}
}

@article{tian2024visual,
  title={Visual autoregressive modeling: Scalable image generation via next-scale prediction},
  author={Tian, Keyu and Jiang, Yi and Yuan, Zehuan and Peng, Bingyue and Wang, Liwei},
  journal={arXiv preprint arXiv:2404.02905
        
        
        
        },
  year={2024}
}

@inproceedings{van2016conditional,
  title={Conditional image generation with pixelcnn decoders},
  author={Van den Oord, Aaron and Kalchbrenner, Nal and Espeholt, Lasse and Vinyals, Oriol and Graves, Alex and others},
  booktitle={Proceedings of NIPS},
  year={2016}
}

@inproceedings{van2016pixel,
  title={Pixel recurrent neural networks},
  author={Van Den Oord, A{\"a}ron and Kalchbrenner, Nal and Kavukcuoglu, Koray},
  booktitle={Proceedings of ICML},
  year={2016}
}

@inproceedings{vaswani2017attention,
  title={Attention is all you need},
  author={Vaswani, A},
  booktitle={Proceedings of NIPS},
  year={2017}
}

@inproceedings{wu2021autoformer,
  title={Autoformer: Decomposition transformers with auto-correlation for long-term series forecasting},
  author={Wu, Haixu and Xu, Jiehui and Wang, Jianmin and Long, Mingsheng},
  booktitle={Proceedings of NIPS},
  year={2021}
}

@article{yang2019neural,
  title={Neural diffusion model for microscopic cascade study},
  author={Yang, Cheng and Sun, Maosong and Liu, Haoran and Han, Shiyi and Liu, Zhiyuan and Luan, Huanbo},
  journal={IEEE Transactions on Knowledge and Data Engineering},
  year={2019}
}

@article{yu2022transformer,
  title={Transformer-enhanced Hawkes process with decoupling training for information cascade prediction},
  author={Yu, Liu and Xu, Xovee and Trajcevski, Goce and Zhou, Fan},
  journal={Knowledge-Based Systems},
  year={2022}
}

@article{yu2023empower,
  title={Empower text-attributed graphs learning with large language models (llms)},
  author={Yu, Jianxiang and Ren, Yuxiang and Gong, Chenghua and Tan, Jiaqi and Li, Xiang and Zhang, Xuecang},
  journal={arXiv preprint arXiv:2310.09872
        
        },
  year={2023}
}

@article{zhang2024vision,
  title={Vision-language models for vision tasks: A survey},
  author={Zhang, Jingyi and Huang, Jiaxing and Jin, Sheng and Lu, Shijian},
  journal={IEEE Transactions on Pattern Analysis and Machine Intelligence},
  year={2024}
}

@inproceedings{zhou2020variational,
  title={Variational information diffusion for probabilistic cascades prediction},
  author={Zhou, Fan and Xu, Xovee and Zhang, Kunpeng and Trajcevski, Goce and Zhong, Ting},
  booktitle={Proceedings of INFOCOM},
  year={2020}
}

@article{zhou2021survey,
  title={A survey of information cascade analysis: Models, predictions, and recent advances},
  author={Zhou, Fan and Xu, Xovee and Trajcevski, Goce and Zhang, Kunpeng},
  journal={ACM Computing Surveys (CSUR)},
  year={2021}
}

