
% Journals

% First the Full Name is given, then the abbreviation used in the AMS Math
% Reviews, with an indication if it could not be found there.
% Note the 2nd overwrites the 1st, so swap them if you want the full name.

 %{AMS}
 @String{AMSTrans = "American Mathematical Society Translations" }
 @String{AMSTrans = "Amer. Math. Soc. Transl." }
 @String{BullAMS = "Bulletin of the American Mathematical Society" }
 @String{BullAMS = "Bull. Amer. Math. Soc." }
 @String{ProcAMS = "Proceedings of the American Mathematical Society" }
 @String{ProcAMS = "Proc. Amer. Math. Soc." }
 @String{TransAMS = "Transactions of the American Mathematical Society" }
 @String{TransAMS = "Trans. Amer. Math. Soc." }

 %ACM
 @String{CACM = "Communications of the {ACM}" }
 @String{CACM = "Commun. {ACM}" }
 @String{CompServ = "Comput. Surveys" }
 @String{JACM = "J. ACM" }
 @String{ACMMathSoft = "{ACM} Transactions on Mathematical Software" }
 @String{ACMMathSoft = "{ACM} Trans. Math. Software" }
 @String{SIGNUM = "{ACM} {SIGNUM} Newsletter" }
 @String{SIGNUM = "{ACM} {SIGNUM} Newslett." }

 @String{AmerSocio = "American Journal of Sociology" }
 @String{AmerStatAssoc = "Journal of the American Statistical Association" }
 @String{AmerStatAssoc = "J. Amer. Statist. Assoc." }
 @String{ApplMathComp = "Applied Mathematics and Computation" }
 @String{ApplMathComp = "Appl. Math. Comput." }
 @String{AmerMathMonthly = "American Mathematical Monthly" }
 @String{AmerMathMonthly = "Amer. Math. Monthly" }
 @String{BIT = "{BIT}" }
 @String{BritStatPsych = "British Journal of Mathematical and Statistical
          Psychology" }
 @String{BritStatPsych = "Brit. J. Math. Statist. Psych." }
 @String{CanMathBull = "Canadian Mathematical Bulletin" }
 @String{CanMathBull = "Canad. Math. Bull." }
 @String{CompApplMath = "Journal of Computational and Applied Mathematics" }
 @String{CompApplMath = "J. Comput. Appl. Math." }
 @String{CompPhys = "Journal of Computational Physics" }
 @String{CompPhys = "J. Comput. Phys." }
 @String{CompStruct = "Computers and Structures" }
 @String{CompStruct = "Comput. \& Structures" }
 @String{CompJour = "The Computer Journal" }
 @String{CompJour = "Comput. J." }
 @String{CompSysSci = "Journal of Computer and System Sciences" }
 @String{CompSysSci = "J. Comput. System Sci." }
 @String{Computing = "Computing" }
 @String{ContempMath = "Contemporary Mathematics" }
 @String{ContempMath = "Contemp. Math." }
 @String{Crelle = "Crelle's Journal" }
 @String{GiornaleMath = "Giornale di Mathematiche" }
 @String{GiornaleMath = "Giorn. Mat." } % didn't find in AMS MR., ibid.

 %IEEE
 @String{Computer = "{IEEE} Computer" }
 @String{IEEETransComp = "{IEEE} Transactions on Computers" }
 @String{IEEETransComp = "{IEEE} Trans. Comput." }
 @String{IEEETransAC = "{IEEE} Transactions on Automatic Control" }
 @String{IEEETransAC = "{IEEE} Trans. Automat. Control" }
 @String{IEEESpec = "{IEEE} Spectrum" } % didn't find in AMS MR
 @String{ProcIEEE = "Proceedings of the {IEEE}" }
 @String{ProcIEEE = "Proc. {IEEE}" } % didn't find in AMS MR
 @String{IEEETransAeroElec = "{IEEE} Transactions on Aerospace and Electronic
     Systems" }
 @String{IEEETransAeroElec = "{IEEE} Trans. Aerospace Electron. Systems" }

 @String{IMANumerAna = "{IMA} Journal of Numerical Analysis" }
 @String{IMANumerAna = "{IMA} J. Numer. Anal." }
 @String{InfProcLet = "Information Processing Letters" }
 @String{InfProcLet = "Inform. Process. Lett." }
 @String{InstMathApp = "Journal of the Institute of Mathematics and
     its Applications" }
 @String{InstMathApp = "J. Inst. Math. Appl." }
 @String{IntControl = "International Journal of Control" }
 @String{IntControl = "Internat. J. Control" }
 @String{IntNumerEng = "International Journal for Numerical Methods in
     Engineering" }
 @String{IntNumerEng = "Internat. J. Numer. Methods Engrg." }
 @String{IntSuper = "International Journal of Supercomputing Applications" }
 @String{IntSuper = "Internat. J. Supercomputing Applic." } % didn't find
%% in AMS MR
 @String{Kibernetika = "Kibernetika" }
 @String{JResNatBurStand = "Journal of Research of the National Bureau
     of Standards" }
 @String{JResNatBurStand = "J. Res. Nat. Bur. Standards" }
 @String{LinAlgApp = "Linear Algebra and its Applications" }
 @String{LinAlgApp = "Linear Algebra Appl." }
 @String{MathAnaAppl = "Journal of Mathematical Analysis and Applications" }
 @String{MathAnaAppl = "J. Math. Anal. Appl." }
 @String{MathAnnalen = "Mathematische Annalen" }
 @String{MathAnnalen = "Math. Ann." }
 @String{MathPhys = "Journal of Mathematical Physics" }
 @String{MathPhys = "J. Math. Phys." }
 @String{MathComp = "Mathematics of Computation" }
 @String{MathComp = "Math. Comp." }
 @String{MathScand = "Mathematica Scandinavica" }
 @String{MathScand = "Math. Scand." }
 @String{TablesAidsComp = "Mathematical Tables and Other Aids to Computation" }
 @String{TablesAidsComp = "Math. Tables Aids Comput." }
 @String{NumerMath = "Numerische Mathematik" }
 @String{NumerMath = "Numer. Math." }
 @String{PacificMath = "Pacific Journal of Mathematics" }
 @String{PacificMath = "Pacific J. Math." }
 @String{ParDistComp = "Journal of Parallel and Distributed Computing" }
 @String{ParDistComp = "J. Parallel and Distrib. Comput." } % didn't find
%% in AMS MR
 @String{ParComputing = "Parallel Computing" }
 @String{ParComputing = "Parallel Comput." }
 @String{PhilMag = "Philosophical Magazine" }
 @String{PhilMag = "Philos. Mag." }
 @String{ProcNAS = "Proceedings of the National Academy of Sciences
                    of the USA" }
 @String{ProcNAS = "Proc. Nat. Acad. Sci. U. S. A." }
 @String{Psychometrika = "Psychometrika" }
 @String{QuartMath = "Quarterly Journal of Mathematics, Oxford, Series (2)" }
 @String{QuartMath = "Quart. J. Math. Oxford Ser. (2)" }
 @String{QuartApplMath = "Quarterly of Applied Mathematics" }
 @String{QuartApplMath = "Quart. Appl. Math." }
 @String{RevueInstStat = "Review of the International Statisical Institute" }
 @String{RevueInstStat = "Rev. Inst. Internat. Statist." }

 %SIAM
 @String{JSIAM = "Journal of the Society for Industrial and Applied
     Mathematics" }
 @String{JSIAM = "J. Soc. Indust. Appl. Math." }
 @String{JSIAMB = "Journal of the Society for Industrial and Applied
     Mathematics, Series B, Numerical Analysis" }
 @String{JSIAMB = "J. Soc. Indust. Appl. Math. Ser. B Numer. Anal." }
 @String{SIAMAlgMeth = "{SIAM} Journal on Algebraic and Discrete Methods" }
 @String{SIAMAlgMeth = "{SIAM} J. Algebraic Discrete Methods" }
 @String{SIAMAppMath = "{SIAM} Journal on Applied Mathematics" }
 @String{SIAMAppMath = "{SIAM} J. Appl. Math." }
 @String{SIAMComp = "{SIAM} Journal on Computing" }
 @String{SIAMComp = "{SIAM} J. Comput." }
 @String{SIAMMatrix = "{SIAM} Journal on Matrix Analysis and Applications" }
 @String{SIAMMatrix = "{SIAM} J. Matrix Anal. Appl." }
 @String{SIAMNumAnal = "{SIAM} Journal on Numerical Analysis" }
 @String{SIAMNumAnal = "{SIAM} J. Numer. Anal." }
 @String{SIAMReview = "{SIAM} Review" }
 @String{SIAMReview = "{SIAM} Rev." }
 @String{SIAMSciStat = "{SIAM} Journal on Scientific and Statistical
     Computing" }
 @String{SIAMSciStat = "{SIAM} J. Sci. Statist. Comput." }

 @String{SoftPracExp = "Software Practice and Experience" }
 @String{SoftPracExp = "Software Prac. Experience" } % didn't find in AMS MR
 @String{StatScience = "Statistical Science" }
 @String{StatScience = "Statist. Sci." }
 @String{Techno = "Technometrics" }
 @String{USSRCompMathPhys = "{USSR} Computational Mathematics and Mathematical
     Physics" }
 @String{USSRCompMathPhys = "{U. S. S. R.} Comput. Math. and Math. Phys." }
 @String{VLSICompSys = "Journal of {VLSI} and Computer Systems" }
 @String{VLSICompSys = "J. {VLSI} Comput. Syst." }
 @String{ZAngewMathMech = "Zeitschrift fur Angewandte Mathematik und
     Mechanik" }
 @String{ZAngewMathMech = "Z. Angew. Math. Mech." }
 @String{ZAngewMathPhys = "Zeitschrift fur Angewandte Mathematik und Physik" }
 @String{ZAngewMathPhys = "Z. Angew. Math. Phys." }

% Publishers % ================================================= |

 @String{Academic = "Academic Press" }
 @String{ACMPress = "{ACM} Press" }
 @String{AdamHilger = "Adam Hilger" }
 @String{AddisonWesley = "Addison-Wesley" }
 @String{AllynBacon = "Allyn and Bacon" }
 @String{AMS = "American Mathematical Society" }
 @String{Birkhauser = "Birkh{\"a}user" }
 @String{CambridgePress = "Cambridge University Press" }
 @String{Chelsea = "Chelsea" }
 @String{ClaredonPress = "Claredon Press" }
 @String{DoverPub = "Dover Publications" }
 @String{Eyolles = "Eyolles" }
 @String{HoltRinehartWinston = "Holt, Rinehart and Winston" }
 @String{Interscience = "Interscience" }
 @String{JohnsHopkinsPress = "The Johns Hopkins University Press" }
 @String{JohnWileySons = "John Wiley and Sons" }
 @String{Macmillan = "Macmillan" }
 @String{MathWorks = "The Math Works Inc." }
 @String{McGrawHill = "McGraw-Hill" }
 @String{NatBurStd = "National Bureau of Standards" }
 @String{NorthHolland = "North-Holland" }
 @String{OxfordPress = "Oxford University Press" }  %address Oxford or London?
 @String{PergamonPress = "Pergamon Press" }
 @String{PlenumPress = "Plenum Press" }
 @String{PrenticeHall = "Prentice-Hall" }
 @String{SIAMPub = "{SIAM} Publications" }
 @String{Springer = "Springer-Verlag" }
 @String{TexasPress = "University of Texas Press" }
 @String{VanNostrand = "Van Nostrand" }
 @String{WHFreeman = "W. H. Freeman and Co." }

%Entries
@inproceedings{LatentODE,
  title={Latent ordinary differential equations for irregularly-sampled time series},
  author={Rubanova, Yulia and Chen, Ricky TQ and Duvenaud, David K},
  booktitle={Proceedings of NIPS},
  year={2019}
}

@inproceedings{Dydiff-VAE,
  title={Dydiff-vae: A dynamic variational framework for information diffusion prediction},
  author={Wang, Ruijie and Huang, Zijie and Liu, Shengzhong and Shao, Huajie and Liu, Dongxin and Li, Jinyang and Wang, Tianshi and Sun, Dachun and Yao, Shuochao and Abdelzaher, Tarek},
  booktitle={Proceedings of SIGIR},
  year={2021}
}

@article{weng2013virality,
  title={Virality prediction and community structure in social networks},
  author={Weng, Lilian and Menczer, Filippo and Ahn, Yong-Yeol},
  journal={Scientific reports},
  year={2013}
}

@inproceedings{pinto2013using,
  title={Using early view patterns to predict the popularity of youtube videos},
  author={Pinto, Henrique and Almeida, Jussara M and Gon{\c{c}}alves, Marcos A},
  booktitle={Proceedings of WSDM},
  year={2013}
}

@article{yang2021full,
  title={Full-scale information diffusion prediction with reinforced recurrent networks},
  author={Yang, Cheng and Wang, Hao and Tang, Jian and Shi, Chuan and Sun, Maosong and Cui, Ganqu and Liu, Zhiyuan},
  journal={IEEE Transactions on Neural Networks and Learning Systems},
  year={2021}
}

@inproceedings{zhang2023prompt,
  title={Prompt learning for news recommendation},
  author={Zhang, Zizhuo and Wang, Bang},
  booktitle={Proceedings of SIGIR},
  year={2023}
}

@article{long2024towards,
  title={Towards Graph Prompt Learning: A Survey and Beyond},
  author={Long, Qingqing and Yan, Yuchen and Zhang, Peiyan and Fang, Chen and Cui, Wentao and Ning, Zhiyuan and Xiao, Meng and Cao, Ning and Luo, Xiao and Xu, Lingjun and others},
  journal={arXiv preprint arXiv:2408.14520
        
        },
  year={2024}
}

@inproceedings{gong2024self,
  title={Self-pro: A Self-prompt and Tuning Framework for Graph Neural Networks},
  author={Gong, Chenghua and Li, Xiang and Yu, Jianxiang and Cheng, Yao and Tan, Jiaqi and Yu, Chengcheng},
  booktitle={Proceedings of ECML-PKDD},
  year={2024},
}

@article{liu2023pre,
  title={Pre-train, prompt, and predict: A systematic survey of prompting methods in natural language processing},
  author={Liu, Pengfei and Yuan, Weizhe and Fu, Jinlan and Jiang, Zhengbao and Hayashi, Hiroaki and Neubig, Graham},
  journal={ACM Computing Surveys},
  year={2023}
}

@article{song2022graph,
  title={Graph-based semi-supervised learning: A comprehensive review},
  author={Song, Zixing and Yang, Xiangli and Xu, Zenglin and King, Irwin},
  journal={IEEE Transactions on Neural Networks and Learning Systems},
  year={2022}
}

@inproceedings{grover2016node2vec,
  title={node2vec: Scalable feature learning for networks},
  author={Grover, Aditya and Leskovec, Jure},
  booktitle={Proceedings of SIGKDD},
  year={2016}
}

@inproceedings{tang2015line,
  title={Line: Large-scale information network embedding},
  author={Tang, Jian and Qu, Meng and Wang, Mingzhe and Zhang, Ming and Yan, Jun and Mei, Qiaozhu},
  booktitle={Proceedings of the Web Conference},
  year={2015}
}

@inproceedings{perozzi2014deepwalk,
  title={Deepwalk: Online learning of social representations},
  author={Perozzi, Bryan and Al-Rfou, Rami and Skiena, Steven},
  booktitle={Proceedings of SIGKDD},
  year={2014}
}

@article{gu2023mamba,
  title={Mamba: Linear-time sequence modeling with selective state spaces},
  author={Gu, Albert and Dao, Tri},
  journal={arXiv preprint arXiv:2312.00752},
  year={2023}
}

@article{lipton2015critical,
  title={A Critical Review of Recurrent Neural Networks for Sequence Learning},
  author={Lipton, Zachary Chase},
  journal={arXiv Preprint, CoRR, abs/1506.00019},
  year={2015}
}

@inproceedings{gregor2014deep,
  title={Deep autoregressive networks},
  author={Gregor, Karol and Danihelka, Ivo and Mnih, Andriy and Blundell, Charles and Wierstra, Daan},
  booktitle={Proceedings of ICML},
  year={2014}
}

@article{bommasani2021opportunities,
  title={On the opportunities and risks of foundation models},
  author={Bommasani, Rishi and Hudson, Drew A and Adeli, Ehsan and Altman, Russ and Arora, Simran and von Arx, Sydney and Bernstein, Michael S and Bohg, Jeannette and Bosselut, Antoine and Brunskill, Emma and others},
  journal={arXiv preprint arXiv:2108.07258},
  year={2021}
}

@inproceedings{liang2024foundation,
  title={Foundation models for time series analysis: A tutorial and survey},
  author={Liang, Yuxuan and Wen, Haomin and Nie, Yuqi and Jiang, Yushan and Jin, Ming and Song, Dongjin and Pan, Shirui and Wen, Qingsong},
  booktitle={Proceedings of SIGKDD},
  year={2024}
}

@article{zhang2024vision,
  title={Vision-language models for vision tasks: A survey},
  author={Zhang, Jingyi and Huang, Jiaxing and Jin, Sheng and Lu, Shijian},
  journal={IEEE Transactions on Pattern Analysis and Machine Intelligence},
  year={2024}
}

@article{awais2025foundation,
  title={Foundation Models Defining a New Era in Vision: a Survey and Outlook},
  author={Awais, Muhammad and Naseer, Muzammal and Khan, Salman and Anwer, Rao Muhammad and Cholakkal, Hisham and Shah, Mubarak and Yang, Ming-Hsuan and Khan, Fahad Shahbaz},
  journal={IEEE Transactions on Pattern Analysis and Machine Intelligence},
  year={2025}
}

@article{minaee2024large,
  title={Large language models: A survey},
  author={Minaee, Shervin and Mikolov, Tomas and Nikzad, Narjes and Chenaghlu, Meysam and Socher, Richard and Amatriain, Xavier and Gao, Jianfeng},
  journal={arXiv preprint arXiv:2402.06196},
  year={2024}
}

@inproceedings{rizoiu2018sir,
  title={SIR-Hawkes: Linking epidemic models and Hawkes processes to model diffusions in finite populations},
  author={Rizoiu, Marian-Andrei and Mishra, Swapnil and Kong, Quyu and Carman, Mark and Xie, Lexing},
  booktitle={Proceedings of the Web Conference},
  year={2018}
}

@inproceedings{iwata2013discovering,
  title={Discovering latent influence in online social activities via shared cascade poisson processes},
  author={Iwata, Tomoharu and Shah, Amar and Ghahramani, Zoubin},
  booktitle={Proceedings of SIGKDD},
  year={2013}
}

@inproceedings{qiu2018deepinf,
  title={Deepinf: Social influence prediction with deep learning},
  author={Qiu, Jiezhong and Tang, Jian and Ma, Hao and Dong, Yuxiao and Wang, Kuansan and Tang, Jie},
  booktitle={Proceedings of SIGKDD},
  year={2018}
}

@article{yang2019neural,
  title={Neural diffusion model for microscopic cascade study},
  author={Yang, Cheng and Sun, Maosong and Liu, Haoran and Han, Shiyi and Liu, Zhiyuan and Luan, Huanbo},
  journal={IEEE Transactions on Knowledge and Data Engineering},
  year={2019}
}

@inproceedings{wu2021autoformer,
  title={Autoformer: Decomposition transformers with auto-correlation for long-term series forecasting},
  author={Wu, Haixu and Xu, Jiehui and Wang, Jianmin and Long, Mingsheng},
  booktitle={Proceedings of NIPS},
  year={2021}
}

@article{tian2024visual,
  title={Visual autoregressive modeling: Scalable image generation via next-scale prediction},
  author={Tian, Keyu and Jiang, Yi and Yuan, Zehuan and Peng, Bingyue and Wang, Liwei},
  journal={arXiv preprint arXiv:2404.02905
        
        
        
        },
  year={2024}
}

@inproceedings{chen2020generative,
  title={Generative pretraining from pixels},
  author={Chen, Mark and Radford, Alec and Child, Rewon and Wu, Jeffrey and Jun, Heewoo and Luan, David and Sutskever, Ilya},
  booktitle={Proceedings of ICML},
  year={2020}
}

@inproceedings{vaswani2017attention,
  title={Attention is all you need},
  author={Vaswani, A},
  booktitle={Proceedings of NIPS},
  year={2017}
}

@inproceedings{van2016pixel,
  title={Pixel recurrent neural networks},
  author={Van Den Oord, A{\"a}ron and Kalchbrenner, Nal and Kavukcuoglu, Koray},
  booktitle={Proceedings of ICML},
  year={2016}
}

@inproceedings{van2016conditional,
  title={Conditional image generation with pixelcnn decoders},
  author={Van den Oord, Aaron and Kalchbrenner, Nal and Espeholt, Lasse and Vinyals, Oriol and Graves, Alex and others},
  booktitle={Proceedings of NIPS},
  year={2016}
}

@inproceedings{liu2024unitime,
  title={Unitime: A language-empowered unified model for cross-domain time series forecasting},
  author={Liu, Xu and Hu, Junfeng and Li, Yuan and Diao, Shizhe and Liang, Yuxuan and Hooi, Bryan and Zimmermann, Roger},
  booktitle={Proceedings of the Web Conference},
  year={2024}
}

@inproceedings{jin2023time,
  title={Time-llm: Time series forecasting by reprogramming large language models},
  author={Jin, Ming and Wang, Shiyu and Ma, Lintao and Chu, Zhixuan and Zhang, James Y and Shi, Xiaoming and Chen, Pin-Yu and Liang, Yuxuan and Li, Yuan-Fang and Pan, Shirui and others},
  booktitle={Proceedings of ICLR},
  year={2024}
}

@article{yu2023empower,
  title={Empower text-attributed graphs learning with large language models (llms)},
  author={Yu, Jianxiang and Ren, Yuxiang and Gong, Chenghua and Tan, Jiaqi and Li, Xiang and Zhang, Xuecang},
  journal={arXiv preprint arXiv:2310.09872
        
        },
  year={2023}
}

@article{rajasegaran2025empirical,
  title={An Empirical Study of Autoregressive Pre-training from Videos},
  author={Rajasegaran, Jathushan and Radosavovic, Ilija and Ravishankar, Rahul and Gandelsman, Yossi and Feichtenhofer, Christoph and Malik, Jitendra},
  journal={arXiv preprint arXiv:2501.05453
        
        },
  year={2025}
}

@article{peng2024multi,
  title={Multi-modal Auto-regressive Modeling via Visual Words},
  author={Peng, Tianshuo and Li, Zuchao and Zhang, Lefei and Zhao, Hai and Wang, Ping and Du, Bo},
  journal={arXiv preprint arXiv:2403.07720
        },
  year={2024}
}

@article{roberts2023gpt4geo,
  title={GPT4GEO: How a Language Model Sees the World's Geography},
  author={Roberts, Jonathan and L{\"u}ddecke, Timo and Das, Sowmen and Han, Kai and Albanie, Samuel},
  journal={arXiv preprint arXiv:2306.00020
        
        },
  year={2023}
}

@article{liu2023towards,
  title={Towards graph foundation models: A survey and beyond},
  author={Liu, Jiawei and Yang, Cheng and Lu, Zhiyuan and Chen, Junze and Li, Yibo and Zhang, Mengmei and Bai, Ting and Fang, Yuan and Sun, Lichao and Yu, Philip S and others},
  journal={arXiv preprint arXiv:2310.11829},
  year={2023}
}

@article{gong2024survey,
  title={A Survey on Learning from Graphs with Heterophily: Recent Advances and Future Directions},
  author={Gong, Chenghua and Cheng, Yao and Yu, Jianxiang and Xu, Can and Shan, Caihua and Luo, Siqiang and Li, Xiang},
  journal={arXiv preprint arXiv:2401.09769},
  year={2024}
}

@article{liu2024seislm,
  title={SeisLM: a Foundation Model for Seismic Waveforms},
  author={Liu, Tianlin and M{\"u}nchmeyer, Jannes and Laurenti, Laura and Marone, Chris and de Hoop, Maarten V and Dokmani{\'c}, Ivan},
  journal={arXiv preprint arXiv:2410.15765},
  year={2024}
}

@article{dong2022survey,
  title={A survey on in-context learning},
  author={Dong, Qingxiu and Li, Lei and Dai, Damai and Zheng, Ce and Ma, Jingyuan and Li, Rui and Xia, Heming and Xu, Jingjing and Wu, Zhiyong and Liu, Tianyu and others},
  journal={arXiv preprint arXiv:2301.00234},
  year={2022}
}

@article{ranzato2014video,
  title={Video (language) modeling: a baseline for generative models of natural videos},
  author={Ranzato, MarcAurelio and Szlam, Arthur and Bruna, Joan and Mathieu, Michael and Collobert, Ronan and Chopra, Sumit},
  journal={arXiv preprint arXiv:1412.6604},
  year={2014}
}

@article{banh2023generative,
  title={Generative artificial intelligence},
  author={Banh, Leonardo and Strobel, Gero},
  journal={Electronic Markets},
  year={2023}
}

@inproceedings{sun2023all,
  title={All in one: Multi-task prompting for graph neural networks},
  author={Sun, Xiangguo and Cheng, Hong and Li, Jia and Liu, Bo and Guan, Jihong},
  booktitle={Proceedings of SIGKDD},
  year={2023}
}

@article{sun2023graph,
  title={Graph prompt learning: A comprehensive survey and beyond},
  author={Sun, Xiangguo and Zhang, Jiawen and Wu, Xixi and Cheng, Hong and Xiong, Yun and Li, Jia},
  journal={arXiv preprint arXiv:2311.16534},
  year={2023}
}

@inproceedings{liu2023graphprompt,
  title={Graphprompt: Unifying pre-training and downstream tasks for graph neural networks},
  author={Liu, Zemin and Yu, Xingtong and Fang, Yuan and Zhang, Xinming},
  booktitle={Proceedings of the Web Conference},
  year={2023}
}

@inproceedings{fang2024universal,
  title={Universal prompt tuning for graph neural networks},
  author={Fang, Taoran and Zhang, Yunchao and Yang, Yang and Wang, Chunping and Chen, Lei},
  booktitle={Proceedings of NIPS},
  year={2024}
}

@article{dai2022can,
  title={Why can gpt learn in-context? language models implicitly perform gradient descent as meta-optimizers},
  author={Dai, Damai and Sun, Yutao and Dong, Li and Hao, Yaru and Ma, Shuming and Sui, Zhifang and Wei, Furu},
  journal={arXiv preprint arXiv:2212.10559},
  year={2022}
}

@inproceedings{wang2022language,
  title={What language model architecture and pretraining objective works best for zero-shot generalization?},
  author={Wang, Thomas and Roberts, Adam and Hesslow, Daniel and Le Scao, Teven and Chung, Hyung Won and Beltagy, Iz and Launay, Julien and Raffel, Colin},
  booktitle={Proceedings of ICML},
  year={2022}
}

@inproceedings{cheng2014can,
  title={Can cascades be predicted?},
  author={Cheng, Justin and Adamic, Lada and Dow, P Alex and Kleinberg, Jon Michael and Leskovec, Jure},
  booktitle={Proceedings of the Web Conference},
  year={2014}
}

@inproceedings{zhang2019prone,
  title={Prone: Fast and scalable network representation learning.},
  author={Zhang, Jie and Dong, Yuxiao and Wang, Yan and Tang, Jie and Ding, Ming},
  booktitle={Proceedings of IJCAI},
  year={2019}
}

@inproceedings{donnat2018learning,
  title={Learning structural node embeddings via diffusion wavelets},
  author={Donnat, Claire and Zitnik, Marinka and Hallac, David and Leskovec, Jure},
  booktitle={Proceedings of SIGKDD},
  year={2018}
}

@article{tan2024large,
  title={Large language models for data annotation: A survey},
  author={Tan, Zhen and Li, Dawei and Wang, Song and Beigi, Alimohammad and Jiang, Bohan and Bhattacharjee, Amrita and Karami, Mansooreh and Li, Jundong and Cheng, Lu and Liu, Huan},
  journal={arXiv preprint arXiv:2402.13446},
  year={2024}
}

@article{mou2024individual,
  title={From Individual to Society: A Survey on Social Simulation Driven by Large Language Model-based Agents},
  author={Mou, Xinyi and Ding, Xuanwen and He, Qi and Wang, Liang and Liang, Jingcong and Zhang, Xinnong and Sun, Libo and Lin, Jiayu and Zhou, Jie and Huang, Xuanjing and others},
  journal={arXiv preprint arXiv:2412.03563},
  year={2024}
}

@article{gong2025agents,
  title={Agents with foundation models: advance and vision},
  author={Gong, Chenghua and Li, Xiang},
  journal={Frontiers of Computer Science},
  year={2025}
}

@article{lazer2020computational,
  title={Computational social science: Obstacles and opportunities},
  author={Lazer, David MJ and Pentland, Alex and Watts, Duncan J and Aral, Sinan and Athey, Susan and Contractor, Noshir and Freelon, Deen and Gonzalez-Bailon, Sandra and King, Gary and Margetts, Helen and others},
  journal={Science},
  year={2020}
}

@article{ziems2024can,
  title={Can large language models transform computational social science?},
  author={Ziems, Caleb and Held, William and Shaikh, Omar and Chen, Jiaao and Zhang, Zhehao and Yang, Diyi},
  journal={Computational Linguistics},
  year={2024},
}

@article{bai2023qwen,
  title={Qwen technical report},
  author={Bai, Jinze and Bai, Shuai and Chu, Yunfei and Cui, Zeyu and Dang, Kai and Deng, Xiaodong and Fan, Yang and Ge, Wenbin and Han, Yu and Huang, Fei and others},
  journal={arXiv preprint arXiv:2309.16609},
  year={2023}
}

@article{achiam2023gpt,
  title={Gpt-4 technical report},
  author={Achiam, Josh and Adler, Steven and Agarwal, Sandhini and Ahmad, Lama and Akkaya, Ilge and Aleman, Florencia Leoni and Almeida, Diogo and Altenschmidt, Janko and Altman, Sam and Anadkat, Shyamal and others},
  journal={arXiv preprint arXiv:2303.08774},
  year={2023}
}

@article{radford2019language,
  title={Language models are unsupervised multitask learners},
  author={Radford, Alec and Wu, Jeffrey and Child, Rewon and Luan, David and Amodei, Dario and Sutskever, Ilya and others},
  journal={OpenAI blog},
  year={2019}
}

@inproceedings{liu2024autotimes,
  title={Autotimes: Autoregressive time series forecasters via large language models},
  author={Liu, Yong and Qin, Guo and Huang, Xiangdong and Wang, Jianmin and Long, Mingsheng},
  booktitle={Proceedings of NIPS},
  year={2024}
}

@article{xu2022ccgl,
  title={Ccgl: Contrastive cascade graph learning},
  author={Xu, Xovee and Zhou, Fan and Zhang, Kunpeng and Liu, Siyuan},
  journal={IEEE Transactions on Knowledge and Data Engineering},
  year={2022}
}

@inproceedings{huang2020learning,
  title={Learning bi-directional social influence in information cascades using graph sequence attention networks},
  author={Huang, Zhenhua and Wang, Zhenyu and Zhang, Rui and Zhao, Yangyang and Zheng, Fadong},
  booktitle={Proceedings of the Web Conference},
  year={2020}
}

@article{yu2022transformer,
  title={Transformer-enhanced Hawkes process with decoupling training for information cascade prediction},
  author={Yu, Liu and Xu, Xovee and Trajcevski, Goce and Zhou, Fan},
  journal={Knowledge-Based Systems},
  year={2022}
}

@article{cheng2024information,
  title={Information Cascade Popularity Prediction via Probabilistic Diffusion},
  author={Cheng, Zhangtao and Zhou, Fan and Xu, Xovee and Zhang, Kunpeng and Trajcevski, Goce and Zhong, Ting and Philip, S Yu},
  journal={IEEE Transactions on Knowledge and Data Engineering},
  year={2024}
}

@inproceedings{rubanova2019latent,
  title={Latent ordinary differential equations for irregularly-sampled time series},
  author={Rubanova, Yulia and Chen, Ricky TQ and Duvenaud, David K},
  booktitle={Proceedings of NIPS},
  year={2019}
}

@inproceedings{zhou2020variational,
  title={Variational information diffusion for probabilistic cascades prediction},
  author={Zhou, Fan and Xu, Xovee and Zhang, Kunpeng and Trajcevski, Goce and Zhong, Ting},
  booktitle={Proceedings of INFOCOM},
  year={2020}
}

@article{li2021capturing,
  title={Capturing dynamics of information diffusion in SNS: A survey of methodology and techniques},
  author={Li, Huacheng and Xia, Chunhe and Wang, Tianbo and Wen, Sheng and Chen, Chao and Xiang, Yang},
  journal={ACM Computing Surveys (CSUR)},
  year={2021}
}

@article{pan2024complexity,
  title={Complexity of social media in the era of generative AI},
  author={Pan, Liming and Wang, Chong-Yang and Zhou, Fang and L{\"u}, Linyuan},
  journal={National Science Review},
  year={2024}
}

@article{szabo2010predicting,
  title={Predicting the popularity of online content},
  author={Szabo, Gabor and Huberman, Bernardo A},
  journal={Communications of the ACM},
  year={2010}
}

@inproceedings{li2017deepcas,
  title={Deepcas: An end-to-end predictor of information cascades},
  author={Li, Cheng and Ma, Jiaqi and Guo, Xiaoxiao and Mei, Qiaozhu},
  booktitle={Proceedings of the Web Conference},
  year={2017}
}

@inproceedings{CasCN,
  title={Information diffusion prediction via recurrent cascades convolution},
  author={Chen, Xueqin and Zhou, Fan and Zhang, Kunpeng and Trajcevski, Goce and Zhong, Ting and Zhang, Fengli},
  booktitle={Proceedings of ICDE},
  year={2019}
}

@article{casflow,
  title={Casflow: Exploring hierarchical structures and propagation uncertainty for cascade prediction},
  author={Xu, Xovee and Zhou, Fan and Zhang, Kunpeng and Liu, Siyuan and Trajcevski, Goce},
  journal={IEEE Transactions on Knowledge and Data Engineering},
  year={2021}
}

@article{zhou2021survey,
  title={A survey of information cascade analysis: Models, predictions, and recent advances},
  author={Zhou, Fan and Xu, Xovee and Trajcevski, Goce and Zhang, Kunpeng},
  journal={ACM Computing Surveys (CSUR)},
  year={2021}
}

@article{leskovec2007dynamics,
  title={The dynamics of viral marketing},
  author={Leskovec, Jure and Adamic, Lada A and Huberman, Bernardo A},
  journal={ACM Transactions on the Web (TWEB)},
  year={2007}
}

@inproceedings{wu2019dual,
  title={Dual sequential prediction models linking sequential recommendation and information dissemination},
  author={Wu, Qitian and Gao, Yirui and Gao, Xiaofeng and Weng, Paul and Chen, Guihai},
  booktitle={Proceedings of SIGKDD},
  year={2019}
}

@article{zhao2020online,
  title={Online flu epidemiological deep modeling on disease contact network},
  author={Zhao, Liang and Chen, Jiangzhuo and Chen, Feng and Jin, Fang and Wang, Wei and Lu, Chang-Tien and Ramakrishnan, Naren},
  journal={GeoInformatica},
  year={2020}
}

@article{zhang2023deep,
  title={A deep learning-based fast fake news detection model for cyber-physical social services},
  author={Zhang, Qin and Guo, Zhiwei and Zhu, Yanyan and Vijayakumar, Pandi and Castiglione, Aniello and Gupta, Brij B},
  journal={Pattern Recognition Letters},
  year={2023}
}

@inproceedings{cao2020popularity,
  title={Popularity prediction on social platforms with coupled graph neural networks},
  author={Cao, Qi and Shen, Huawei and Gao, Jinhua and Wei, Bingzheng and Cheng, Xueqi},
  booktitle={Proceedings of WSDM},
  year={2020}
}

@article{Castformer,
  title={CasTformer: A novel cascade transformer towards predicting information diffusion},
  author={Sun, Xigang and Zhou, Jingya and Liu, Ling and Wu, Zhen},
  journal={Information Sciences},
  year={2023}
}

@inproceedings{PREP,
  title={Prep: Pre-training with temporal elapse inference for popularity prediction},
  author={Cao, Qi and Shen, Huawei and Liu, Yuanhao and Gao, Jinhua and Cheng, Xueqi},
  booktitle={Proceedings of the Web Conference},
  year={2022}
}

@inproceedings{cao2017deephawkes,
  title={Deephawkes: Bridging the gap between prediction and understanding of information cascades},
  author={Cao, Qi and Shen, Huawei and Cen, Keting and Ouyang, Wentao and Cheng, Xueqi},
  booktitle={Proceedings of CIKM},
  year={2017}
}

@inproceedings{zhou2024modeling,
  title={Modeling Personalized Retweeting Behaviors for Multi-Stage Cascade Popularity Prediction},
  author={Zhou, Mingyang and Lin, Yanjie and Liu, Gang and Li, Zuwen and Liao, Hao and Mao, Rui},
  booktitle={Proceedings of IJCAI},
  year={2024}
}

@article{CasDO,
  title={Information Cascade Popularity Prediction via Probabilistic Diffusion},
  author={Cheng, Zhangtao and Zhou, Fan and Xu, Xovee and Zhang, Kunpeng and Trajcevski, Goce and Zhong, Ting and Philip, S Yu},
  journal={IEEE Transactions on Knowledge and Data Engineering},
  year={2024}
}


@inproceedings{CTCP,
  title={Continuous-time graph learning for cascade popularity prediction},
  author={Lu, Xiaodong and Ji, Shuo and Yu, Le and Sun, Leilei and Du, Bowen and Zhu, Tongyu},
  booktitle={Proceedings of IJCAI},
  year={2023}
}

@inproceedings{jiao2024enhancing,
  title={Enhancing Multi-Scale Diffusion Prediction via Sequential Hypergraphs and Adversarial Learning},
  author={Jiao, Pengfei and Chen, Hongqian and Bao, Qing and Zhang, Wang and Wu, Huaming},
  booktitle={Proceedings of AAAI},
  year={2024}
}