@article{bahri2021scarf,
  title={Scarf: Self-supervised contrastive learning using random feature corruption},
  author={Bahri, Dara and Jiang, Heinrich and Tay, Yi and Metzler, Donald},
  journal={arXiv preprint arXiv:2106.15147},
  year={2021}
}

@article{cybenko1989approximation,
  title={Approximation by superpositions of a sigmoidal function},
  author={Cybenko, George},
  journal={Mathematics of control, signals and systems},
  volume={2},
  number={4},
  pages={303--314},
  year={1989},
  publisher={Springer}
}

@inproceedings{du2022glam,
  title={Glam: Efficient scaling of language models with mixture-of-experts},
  author={Du, Nan and Huang, Yanping and Dai, Andrew M and Tong, Simon and Lepikhin, Dmitry and Xu, Yuanzhong and Krikun, Maxim and Zhou, Yanqi and Yu, Adams Wei and Firat, Orhan and others},
  booktitle={International Conference on Machine Learning},
  pages={5547--5569},
  year={2022},
  organization={PMLR}
}

@article{fedus2022review,
  title={A review of sparse expert models in deep learning},
  author={Fedus, William and Dean, Jeff and Zoph, Barret},
  journal={arXiv preprint arXiv:2209.01667},
  year={2022}
}

@article{gorishniy2021revisiting,
  title={Revisiting deep learning models for tabular data},
  author={Gorishniy, Yury and Rubachev, Ivan and Khrulkov, Valentin and Babenko, Artem},
  journal={Advances in Neural Information Processing Systems},
  volume={34},
  pages={18932--18943},
  year={2021}
}

@article{gorishniy2022embeddings,
  title={On embeddings for numerical features in tabular deep learning},
  author={Gorishniy, Yury and Rubachev, Ivan and Babenko, Artem},
  journal={Advances in Neural Information Processing Systems},
  volume={35},
  pages={24991--25004},
  year={2022}
}

@article{gorishniy2024tabm,
  title={TabM: Advancing Tabular Deep Learning with Parameter-Efficient Ensembling},
  author={Gorishniy, Yury and Kotelnikov, Akim and Babenko, Artem},
  journal={arXiv preprint arXiv:2410.24210},
  year={2024}
}

@article{grinsztajn2022tree,
  title={Why do tree-based models still outperform deep learning on typical tabular data?},
  author={Grinsztajn, L{\'e}o and Oyallon, Edouard and Varoquaux, Ga{\"e}l},
  journal={Advances in neural information processing systems},
  volume={35},
  pages={507--520},
  year={2022}
}

@inproceedings{guo2021embedding,
  title={An embedding learning framework for numerical features in ctr prediction},
  author={Guo, Huifeng and Chen, Bo and Tang, Ruiming and Zhang, Weinan and Li, Zhenguo and He, Xiuqiang},
  booktitle={Proceedings of the 27th ACM SIGKDD Conference on Knowledge Discovery \& Data Mining},
  pages={2910--2918},
  year={2021}
}

@article{holzmuller2024better,
  title={Better by default: Strong pre-tuned mlps and boosted trees on tabular data},
  author={Holzm{\"u}ller, David and Grinsztajn, L{\'e}o and Steinwart, Ingo},
  journal={arXiv preprint arXiv:2407.04491},
  year={2024}
}

@article{hornik1991approximation,
  title={Approximation capabilities of multilayer feedforward networks},
  author={Hornik, Kurt},
  journal={Neural networks},
  volume={4},
  number={2},
  pages={251--257},
  year={1991},
  publisher={Elsevier}
}

@article{huang2020tabtransformer,
  title={Tabtransformer: Tabular data modeling using contextual embeddings},
  author={Huang, Xin and Khetan, Ashish and Cvitkovic, Milan and Karnin, Zohar},
  journal={arXiv preprint arXiv:2012.06678},
  year={2020}
}

@article{jang2016categorical,
  title={Categorical reparameterization with gumbel-softmax},
  author={Jang, Eric and Gu, Shixiang and Poole, Ben},
  journal={arXiv preprint arXiv:1611.01144},
  year={2016}
}

@article{jeffares2023tangos,
  title={TANGOS: Regularizing tabular neural networks through gradient orthogonalization and specialization},
  author={Jeffares, Alan and Liu, Tennison and Crabb{\'e}, Jonathan and Imrie, Fergus and van der Schaar, Mihaela},
  journal={arXiv preprint arXiv:2303.05506},
  year={2023}
}

@article{kadra2021well,
  title={Well-tuned simple nets excel on tabular datasets},
  author={Kadra, Arlind and Lindauer, Marius and Hutter, Frank and Grabocka, Josif},
  journal={Advances in neural information processing systems},
  volume={34},
  pages={23928--23941},
  year={2021}
}

@article{lakshminarayanan2017simple,
  title={Simple and scalable predictive uncertainty estimation using deep ensembles},
  author={Lakshminarayanan, Balaji and Pritzel, Alexander and Blundell, Charles},
  journal={Advances in neural information processing systems},
  volume={30},
  year={2017}
}

@article{puigcerver2023sparse,
  title={From sparse to soft mixtures of experts},
  author={Puigcerver, Joan and Riquelme, Carlos and Mustafa, Basil and Houlsby, Neil},
  journal={arXiv preprint arXiv:2308.00951},
  year={2023}
}

@article{riquelme2021scaling,
  title={Scaling vision with sparse mixture of experts},
  author={Riquelme, Carlos and Puigcerver, Joan and Mustafa, Basil and Neumann, Maxim and Jenatton, Rodolphe and Susano Pinto, Andr{\'e} and Keysers, Daniel and Houlsby, Neil},
  journal={Advances in Neural Information Processing Systems},
  volume={34},
  pages={8583--8595},
  year={2021}
}

@article{shwartz2022tabular,
  title={Tabular data: Deep learning is not all you need},
  author={Shwartz-Ziv, Ravid and Armon, Amitai},
  journal={Information Fusion},
  volume={81},
  pages={84--90},
  year={2022},
  publisher={Elsevier}
}

@article{somepalli2021saint,
  title={Saint: Improved neural networks for tabular data via row attention and contrastive pre-training},
  author={Somepalli, Gowthami and Goldblum, Micah and Schwarzschild, Avi and Bruss, C Bayan and Goldstein, Tom},
  journal={arXiv preprint arXiv:2106.01342},
  year={2021}
}

@inproceedings{song2019autoint,
  title={Autoint: Automatic feature interaction learning via self-attentive neural networks},
  author={Song, Weiping and Shi, Chence and Xiao, Zhiping and Duan, Zhijian and Xu, Yewen and Zhang, Ming and Tang, Jian},
  booktitle={Proceedings of the 28th ACM international conference on information and knowledge management},
  pages={1161--1170},
  year={2019}
}

@article{wen2020batchensemble,
  title={Batchensemble: an alternative approach to efficient ensemble and lifelong learning},
  author={Wen, Yeming and Tran, Dustin and Ba, Jimmy},
  journal={arXiv preprint arXiv:2002.06715},
  year={2020}
}

@article{yuksel2012twenty,
  title={Twenty years of mixture of experts},
  author={Yuksel, Seniha Esen and Wilson, Joseph N and Gader, Paul D},
  journal={IEEE transactions on neural networks and learning systems},
  volume={23},
  number={8},
  pages={1177--1193},
  year={2012},
  publisher={IEEE}
}

