@ARTICLE{10032237,
  author={Qin, Xiaohan and Ma, Ting and Tang, Zhixuan and Zhang, Xin and Zhou, Haibo and Zhao, Lian},
  journal={IEEE Trans. Wireless Commun.}, 
  title={{Service-Aware Resource Orchestration in Ultra-Dense LEO Satellite-Terrestrial Integrated 6G: A Service Function Chain Approach}}, 
  year={2023},
  month=sep,
  volume={22},
  number={9},
  pages={6003-6017},
  keywords={Games;Low earth orbit satellites;Satellites;Heuristic algorithms;Noise measurement;Delays;Resource management;Ultra-dense LEO satellite-terrestrial integrated network;routing and downloading;multi-SFC embedding;weighted potential game},
  doi={10.1109/TWC.2023.3239080}}

@ARTICLE{10207691,
  author={He, Jingchao and Cheng, Nan and Yin, Zhisheng and Zhou, Conghao and Zhou, Haibo and Quan, Wei and Lin, Xiao-Hui},
  journal={IEEE Trans. Veh. Technol.}, 
  title={{Service-Oriented Network Resource Orchestration in Space-Air-Ground Integrated Network}}, 
  year={2024},
  volume={73},
  number={1},
  pages={1162-1174},
  month=jan,
  keywords={Resource management;Wireless communication;Virtual links;Vehicle dynamics;Optimization;Heuristic algorithms;Dynamic scheduling;Space-air-ground integrated network (SAGIN);software-defined networking (SDN);network function virtualization (NFV);service function chain (SFC);wireless resource allocation},
  doi={10.1109/TVT.2023.3301676}}

@ARTICLE{10238738,
  author={Akbari, Mohammad and Syed, Aisha and Kennedy, W. Sean and Erol-Kantarci, Melike},
  journal={IEEE Trans. Mach. Learn. Commun. Netw.}, 
  title={{Constrained Federated Learning for AoI-Limited SFC in UAV-Aided MEC for Smart Agriculture}}, 
  year={2023},
  month=jan,
  number={},
  volume={1},
  pages={277-295},
  keywords={Internet of Things;Smart agriculture;Monitoring;Task analysis;Farming;Servers;Real-time systems;Internet of Things;network function virtualization;age of information;UAV-aided mobile edge computing (UAV-aided MEC);constraint MDP;federated reinforcement learning},
  doi={10.1109/TMLCN.2023.3311749}}

@INPROCEEDINGS{9013347,
  author={Araniti, G. and Genovese, G. and Iera, A. and Molinaro, A. and Pizzi, S.},
  booktitle={IEEE Global Communications Conference (GLOBECOM)}, 
  title={{Virtualizing Nanosatellites in SDN/NFV Enabled Ground Segments to Enhance Service Orchestration}}, 
  year={2019},
  month=dec,
  address={Waikoloa, HI},
  volume={},
  number={},
  doi={10.1109/GLOBECOM38437.2019.9013347}}

@ARTICLE{9062531,
  author={Wang, Guangchao and Zhou, Sheng and Zhang, Shan and Niu, Zhisheng and Shen, Xuemin},
  journal={IEEE J. Sel. Areas Commun.}, 
  title={{SFC-Based Service Provisioning for Reconfigurable Space-Air-Ground Integrated Networks}}, 
  year={2020},
  month=jul,
  volume={38},
  number={7},
  pages={1478-1489},
  doi={10.1109/JSAC.2020.2986851}}

@ARTICLE{9084136,
  author={Liu, Yicen and Lu, Yu and Li, Xi and Yao, Zhigang and Zhao, Donghao},
  journal={IEEE Internet Things J.}, 
  title={{On Dynamic Service Function Chain Reconfiguration in IoT Networks}}, 
  year={2020},
  month=nov,
  volume={7},
  number={11},
  pages={10969-10984},
  doi={10.1109/JIOT.2020.2991753}}

@ARTICLE{9099505,
  author={Gu, Lin and Hu, Jie and Zeng, Deze and Guo, Song and Jin, Hai},
  journal={IEEE Trans. Network Sci. Eng.}, 
  title={{Service Function Chain Deployment and Network Flow Scheduling in Geo-Distributed Data Centers}}, 
  year={2020},
  month=Oct,
  volume={7},
  number={4},
  pages={2587-2597},
  doi={10.1109/TNSE.2020.2997376}}

@ARTICLE{9122544,
  author={Ren, Bangbang and Gu, Siyuan and Guo, Deke and Tang, Guoming and Lin, Xu},
  journal={IEEE Trans. Cloud Comput.}, 
  title={{Joint Optimization of VNF Placement and Flow Scheduling in Mobile Core Network}}, 
  year={2022},
  month=Jul,
  volume={10},
  number={3},
  pages={1900-1912},
  doi={10.1109/TCC.2020.3004301}}

@ARTICLE{9351537,
  author={Li, Junling and Shi, Weisen and Wu, Huaqing and Zhang, Shan and Shen, Xuemin},
  journal={IEEE Internet Things J.}, 
  title={{Cost-Aware Dynamic SFC Mapping and Scheduling in SDN/NFV-Enabled Space-Air-Ground-Integrated Networks for Internet of Vehicles}}, 
  year={2022},
  month=apr,
  volume={9},
  number={8},
  pages={5824-5838},
  doi={10.1109/JIOT.2021.3058250}}

@ARTICLE{9632419,
  author={Chen, Handi and Wang, Shupeng and Li, Guojun and Nie, Laisen and Wang, Xiaojie and Ning, Zhaolong},
  journal={IEEE Trans. Ind. Inform.}, 
  title={{Distributed Orchestration of Service Function Chains for Edge Intelligence in the Industrial Internet of Things}}, 
  year={2022},
  month=sep,
  volume={18},
  number={9},
  pages={6244-6254},
  doi={10.1109/TII.2021.3131757}}

@INPROCEEDINGS{9637726,
  author={Xuan, Wenlu and Zhao, Zhongqi and Fan, Lei and Han, Zhu},
  booktitle={IEEE 18th International Conference on Mobile Ad Hoc and Smart Systems (MASS)}, 
  title={{Minimizing Delay in Network Function Visualization with Quantum Computing}}, 
  year={2021},
  month=oct,
  address={Denver, CO},
  volume={},
  number={},
  pages={108-116},
  doi={10.1109/MASS52906.2021.00022}}

@INPROCEEDINGS{9652156,
  author={Kien, Nguyen Trung and Hoang Anh, Vu and Phong, Vu Dinh and Ngoc Minh, Nguyen and Thanh, Nguyen Huu},
  booktitle={31st International Telecommunication Networks and Applications Conference (ITNAC)}, 
  title={{Machine Learning-based Service Function Chain over UAVs: Resource Profiling and Framework}}, 
  year={2021},
  month=nov,
  address={Sydney, Australia},
  volume={},
  number={},
  pages={127-133},
  keywords={Performance evaluation;Power demand;Service function chaining;Image edge detection;Computational modeling;Quality of service;Computer architecture;Unmanned Aerial Vehicles (UAVs);Machine Learning;Artificial Intelligence (AI);edge - cloud computing;Network Function Virtualization (NFV);Internet of Things (IoT)},
  doi={10.1109/ITNAC53136.2021.9652156}}

@ARTICLE{9749937,
  author={Zhang, Peiying and Yang, Pan and Kumar, Neeraj and Guizani, Mohsen},
  journal={IEEE Trans. Veh. Technol}, 
  title={{Space-Air-Ground Integrated Network Resource Allocation Based on Service Function Chain}}, 
  year={2022},
  month=jul,
  volume={71},
  number={7},
  pages={7730-7738},
  keywords={Delays;Resource management;Satellites;Internet of Things;Business;Task analysis;Delay effects;Space-air-ground integrated network;service function chain;delay sensitive;resource allocation},
  doi={10.1109/TVT.2022.3165145}}

@ARTICLE{9785397,
  author={Abouaomar, Amine and Cherkaoui, Soumaya and Mlika, Zoubeir and Kobbane, Abdellatif},
  journal={IEEE Syst. J.}, 
  title={{Service Function Chaining in MEC: A Mean-Field Game and Reinforcement Learning Approach}}, 
  year={2022},
  month=dec,
  volume={16},
  number={4},
  pages={5357-5368},
  doi={10.1109/JSYST.2022.3171232}}

@ARTICLE{9839646,
  author={Colajanni, Gabriella and Daniele, Patrizia and Galluccio, Laura and Grasso, Christian and Schembra, Giovanni},
  journal={IEEE Commun. Mag.}, 
  title={{Service Chain Placement Optimization in 5G FANET-Based Network Edge}}, 
  year={2022},
  month=nov,
  volume={60},
  number={11},
  pages={60-65},
  doi={10.1109/MCOM.001.2200014}}

@ARTICLE{9951143,
  author={Zhang, Peiying and Zhang, Yi and Kumar, Neeraj and Guizani, Mohsen},
  journal={IEEE Internet Things J.}, 
  title={{Dynamic SFC Embedding Algorithm Assisted by Federated Learning in Space-Air-Ground-Integrated Network Resource Allocation Scenario}}, 
  year={2023},
  month=jun,
  volume={10},
  number={11},
  pages={9308-9318},
  doi={10.1109/JIOT.2022.3222200}}

@article{AKYILDIZ2019134,
title = {{The Internet of Space Things/CubeSats: A ubiquitous cyber-physical system for the connected world}},
journal = {Comput. Networks},
volume = {150},
pages = {134-149},
year = {2019},
month=feb,
issn = {1389-1286},
doi = {https://doi.org/10.1016/j.comnet.2018.12.017},
author = {Ian F. Akyildiz and Ahan Kak},
}

@article{JIA2024104,
  title = {{Dynamic SFC placement with parallelized VNFs in Data Center Networks: A DRL-based approach}},
  journal = {ICT Express},
  volume = {10},
  number = {1},
  pages = {104-110},
  year = {2024},
  month = feb,
  issn = {2405-9595},
  author = {Jing Jia and Jing Hua}}

@article{jia2021vnf,
  title={{VNF-Based Service Provision in Software Defined LEO Satellite Networks}},
  author={Jia, Ziye and Sheng, Min and Li, Jiandong and Zhou, Di and Han, Zhu},
  journal={IEEE Trans. Wireless Commun.},
  volume={20},
  number={9},
  pages={6139--6153},
  year={2021},
  month=sep,
  publisher={IEEE}
}

