@ARTICLE{8368236,
  author={Liu, Jiajia and Shi, Yongpeng and Fadlullah, Zubair Md. and Kato, Nei},
  journal={IEEE Commun. Surv. Tutor.}, 
  title={{Space-Air-Ground Integrated Network: A Survey}}, 
  year={2018},
  Month={Fourth quarter},
  volume={20},
  number={4},
  pages={2714-2741},
  doi={10.1109/COMST.2018.2841996}}


@ARTICLE{9839646,
  author={Colajanni, Gabriella and Daniele, Patrizia and Galluccio, Laura and Grasso, Christian and Schembra, Giovanni},
  journal={IEEE Commun. Mag.}, 
  title={{Service Chain Placement Optimization in 5G FANET-Based Network Edge}}, 
  year={2022},
  month=nov,
  volume={60},
  number={11},
  pages={60-65},
  doi={10.1109/MCOM.001.2200014}}


@INPROCEEDINGS{9637726,
  author={Xuan, Wenlu and Zhao, Zhongqi and Fan, Lei and Han, Zhu},
  booktitle={IEEE 18th International Conference on Mobile Ad Hoc and Smart Systems (MASS)}, 
  title={{Minimizing Delay in Network Function Visualization with Quantum Computing}}, 
  year={2021},
  month=oct,
  address={Denver, CO},
  volume={},
  number={},
  pages={108-116},
  doi={10.1109/MASS52906.2021.00022}}

@INPROCEEDINGS{10001236,
  author={Qin, Xiaohan and Ma, Ting and Tang, Zhixuan and Zhang, Xin and Liu, Xiaoyu and Zhou, Haibo},
  booktitle={GLOBECOM 2022 - 2022 IEEE Global Communications Conference}, 
  title={{SFC Enabled Data Delivery for Ultra-Dense LEO Satellite-Terrestrial Integrated Network}}, 
  year={2022},
  month=dec,
  volume={},
  number={},
  pages={668-673},
  doi={10.1109/GLOBECOM48099.2022.10001236}}

@ARTICLE{10025831,
  author={Zhang, Xiaoquan and Cui, Lin and Tso, Fung Po and Li, Zhetao and Jia, Weijia},
  journal={IEEE Trans. Serv. Comput.}, 
  title={{Dapper: Deploying Service Function Chains in the Programmable Data Plane Via Deep Reinforcement Learning}}, 
  year={2023},
  month=Jul,
  volume={16},
  number={4},
  pages={2532-2544},
  doi={10.1109/TSC.2023.3237244}}

@ARTICLE{9099505,
  author={Gu, Lin and Hu, Jie and Zeng, Deze and Guo, Song and Jin, Hai},
  journal={IEEE Trans. Network Sci. Eng.}, 
  title={{Service Function Chain Deployment and Network Flow Scheduling in Geo-Distributed Data Centers}}, 
  year={2020},
  month=Oct,
  volume={7},
  number={4},
  pages={2587-2597},
  doi={10.1109/TNSE.2020.2997376}}

@ARTICLE{9084136,
  author={Liu, Yicen and Lu, Yu and Li, Xi and Yao, Zhigang and Zhao, Donghao},
  journal={IEEE Internet Things J.}, 
  title={{On Dynamic Service Function Chain Reconfiguration in IoT Networks}}, 
  year={2020},
  month=nov,
  volume={7},
  number={11},
  pages={10969-10984},
  doi={10.1109/JIOT.2020.2991753}}

@ARTICLE{9785397,
  author={Abouaomar, Amine and Cherkaoui, Soumaya and Mlika, Zoubeir and Kobbane, Abdellatif},
  journal={IEEE Syst. J.}, 
  title={{Service Function Chaining in MEC: A Mean-Field Game and Reinforcement Learning Approach}}, 
  year={2022},
  month=dec,
  volume={16},
  number={4},
  pages={5357-5368},
  doi={10.1109/JSYST.2022.3171232}}

@ARTICLE{9951143,
  author={Zhang, Peiying and Zhang, Yi and Kumar, Neeraj and Guizani, Mohsen},
  journal={IEEE Internet Things J.}, 
  title={{Dynamic SFC Embedding Algorithm Assisted by Federated Learning in Space-Air-Ground-Integrated Network Resource Allocation Scenario}}, 
  year={2023},
  month=jun,
  volume={10},
  number={11},
  pages={9308-9318},
  doi={10.1109/JIOT.2022.3222200}}

@ARTICLE{9632419,
  author={Chen, Handi and Wang, Shupeng and Li, Guojun and Nie, Laisen and Wang, Xiaojie and Ning, Zhaolong},
  journal={IEEE Trans. Ind. Inform.}, 
  title={{Distributed Orchestration of Service Function Chains for Edge Intelligence in the Industrial Internet of Things}}, 
  year={2022},
  month=sep,
  volume={18},
  number={9},
  pages={6244-6254},
  doi={10.1109/TII.2021.3131757}}

@ARTICLE{9729637,
  author={Yang, Lei and Jia, Junzhong and Lin, Hongcai and Cao, Jiannong},
  journal={IEEE Trans. Mobile Comput.}, 
  title={{Reliable Dynamic Service Chain Scheduling in 5G Networks}}, 
  year={2023},
  month=aug,
  volume={22},
  number={8},
  pages={4898-4911},
  doi={10.1109/TMC.2022.3157312}}

@ARTICLE{9062531,
  author={Wang, Guangchao and Zhou, Sheng and Zhang, Shan and Niu, Zhisheng and Shen, Xuemin},
  journal={IEEE J. Sel. Areas Commun.}, 
  title={{SFC-Based Service Provisioning for Reconfigurable Space-Air-Ground Integrated Networks}}, 
  year={2020},
  month=jul,
  volume={38},
  number={7},
  pages={1478-1489},
  doi={10.1109/JSAC.2020.2986851}}

@ARTICLE{9122544,
  author={Ren, Bangbang and Gu, Siyuan and Guo, Deke and Tang, Guoming and Lin, Xu},
  journal={IEEE Trans. Cloud Comput.}, 
  title={{Joint Optimization of VNF Placement and Flow Scheduling in Mobile Core Network}}, 
  year={2022},
  month=Jul,
  volume={10},
  number={3},
  pages={1900-1912},
  doi={10.1109/TCC.2020.3004301}}

@article{AKYILDIZ2019134,
title = {{The Internet of Space Things/CubeSats: A ubiquitous cyber-physical system for the connected world}},
journal = {Comput. Networks},
volume = {150},
pages = {134-149},
year = {2019},
month=feb,
issn = {1389-1286},
doi = {https://doi.org/10.1016/j.comnet.2018.12.017},
author = {Ian F. Akyildiz and Ahan Kak},
}

@INPROCEEDINGS{9013347,
  author={Araniti, G. and Genovese, G. and Iera, A. and Molinaro, A. and Pizzi, S.},
  booktitle={IEEE Global Communications Conference (GLOBECOM)}, 
  title={{Virtualizing Nanosatellites in SDN/NFV Enabled Ground Segments to Enhance Service Orchestration}}, 
  year={2019},
  month=dec,
  address={Waikoloa, HI},
  volume={},
  number={},
  doi={10.1109/GLOBECOM38437.2019.9013347}}


@ARTICLE{7572068,
  author={Zeng, Yong and Zhang, Rui and Lim, Teng Joon},
  journal={IEEE Trans. Commun.}, 
  title={{Throughput Maximization for UAV-Enabled Mobile Relaying Systems}}, 
  year={2016},
  month=dec,
  volume={64},
  number={12},
  pages={4983-4996},
  doi={10.1109/TCOMM.2016.2611512}}

@ARTICLE{9453860,
  author={Wang, Yanmin and Feng, Wei and Wang, Jue and Quek, Tony Q. S.},
  journal={IEEE J. Sel. Areas Commun.}, 
  title={{Hybrid Satellite-UAV-Terrestrial Networks for 6G Ubiquitous Coverage: A Maritime Communications Perspective}}, 
  year={2021},
  volume={39},
  number={11},
  pages={3475-3490},
  doi={10.1109/JSAC.2021.3088692}}

@ARTICLE{9184929,
  author={Jia, Ziye and Sheng, Min and Li, Jiandong and Niyato, Dusit and Han, Zhu},
  journal={IEEE Internet Things J.}, 
  title={{LEO-Satellite-Assisted UAV: Joint Trajectory and Data Collection for Internet of Remote Things in 6G Aerial Access Networks}}, 
  year={2021},
  month=jun,
  volume={8},
  number={12},
  pages={9814-9826},
  doi={10.1109/JIOT.2020.3021255}}

@ARTICLE{9583591,
  author={Jia, Ziye and Sheng, Min and Li, Jiandong and Han, Zhu},
  journal={IEEE Internet Things J.}, 
  title={{Toward Data Collection and Transmission in 6G Space-Air-Ground Integrated Networks: Cooperative HAP and LEO Satellite Schemes}}, 
  year={2022},
  month=jul,
  volume={9},
  number={13},
  pages={10516-10528},
  doi={10.1109/JIOT.2021.3121760}}

@ARTICLE{9865119,
  author={Al-Habob, Ahmed A. and Dobre, Octavia A. and Muhaidat, Sami and Poor, H. Vincent},
  journal={IEEE Internet Things J.}, 
  title={{Energy-Efficient Information Placement and Delivery Using UAVs}}, 
  year={2023},
  month=jan,
  volume={10},
  number={1},
  pages={357-366},
  doi={10.1109/JIOT.2022.3200916}}

@ARTICLE{10048589,
  author={Chen, Wei-Kun and Liu, Ya-Feng and Liu, Fan and Dai, Yu-Hong and Luo, Zhi-Quan},
  journal={IEEE Trans. Signal Process.}, 
  title={{Towards Efficient Large-Scale Network Slicing: An LP Dynamic Rounding-and-Refinement Approach}}, 
  year={2023},
  volume={},
  number={},
  pages={1-16},
  doi={10.1109/TSP.2023.3244671}}

@ARTICLE{9075271,
  author={Li, Junling and Shi, Weisen and Zhang, Ning and Shen, Xuemin},
  journal={IEEE Trans. Cogn. Commun. Netw.}, 
  title={{Delay-Aware VNF Scheduling: A Reinforcement Learning Approach With Variable Action Set}}, 
  year={2021},
  month=mar,
  volume={7},
  number={1},
  pages={304-318},
  doi={10.1109/TCCN.2020.2988908}}

  @ARTICLE{9989360,
  author={Luo, Quyuan and Luan, Tom H. and Shi, Weisong and Fan, Pingzhi},
  journal={IEEE J. Sel. Areas Commun.}, 
  title={{Deep Reinforcement Learning Based Computation Offloading and Trajectory Planning for Multi-UAV Cooperative Target Search}}, 
  year={2023},
  month=feb,
  volume={41},
  number={2},
  pages={504-520},
  doi={10.1109/JSAC.2022.3228558}}

  @ARTICLE{9714482,
  author={Jia, Ziye and Wu, Qihui and Dong, Chao and Yuen, Chau and Han, Zhu},
  journal={IEEE Internet Things J.}, 
  title={{Hierarchical Aerial Computing for Internet of Things via Cooperation of HAPs and UAVs}}, 
  year={2023},
  month=apr,
  volume={10},
  number={7},
  pages={5676-5688},
  doi={10.1109/JIOT.2022.3151639}}

@ARTICLE{8353906,
  author={Zhou, Di and Sheng, Min and Liu, Runzi and Wang, Yu and Li, Jiandong},
  journal={IEEE J. Sel. Areas Commun.}, 
  title={{Channel-Aware Mission Scheduling in Broadband Data Relay Satellite Networks}}, 
  year={2018},
  month=may,
  volume={36},
  number={5},
  pages={1052-1064},
  doi={10.1109/JSAC.2018.2832779}}

  @ARTICLE{8594571,
  author={Zhang, Jiao and Zhou, Li and Tang, Qi and Ngai, Edith C.-H. and Hu, Xiping and Zhao, Haitao and Wei, Jibo},
  journal={IEEE Internet Things J.}, 
  title={{Stochastic Computation Offloading and Trajectory Scheduling for UAV-Assisted Mobile Edge Computing}}, 
  year={2019},
  month=apr,
  volume={6},
  number={2},
  pages={3688-3699},
  doi={10.1109/JIOT.2018.2890133}}

  @ARTICLE{8937793,
  author={Liu, Yuan and Xiong, Ke and Ni, Qiang and Fan, Pingyi and Letaief, Khaled Ben},
  journal={IEEE Internet Things J.}, 
  title={{UAV-Assisted Wireless Powered Cooperative Mobile Edge Computing: Joint Offloading, CPU Control, and Trajectory Optimization}}, 
  year={2020},
  month=apr,
  volume={7},
  number={4},
  pages={2777-2790},
  doi={10.1109/JIOT.2019.2958975}}

@Article{electronics11030385,
  AUTHOR = {Safwat, Nour El-Din and Hafez, Ismail Mohammed and Newagy, Fatma},
  TITLE = {{3D Placement of a New Tethered UAV to UAV Relay System for Coverage Maximization}},
  JOURNAL = {Electronics},
  VOLUME = {11},
  YEAR = {2022},
  month=jan,
  NUMBER = {3},
  pages = {385-398}}

@ARTICLE{8411465,
  author={Khuwaja, Aziz Altaf and Chen, Yunfei and Zhao, Nan and Alouini, Mohamed-Slim and Dobbins, Paul},
  journal={IEEE Commun. Surv. Tut.}, 
  title={{A Survey of Channel Modeling for UAV Communications}}, 
  year={2018},
  month = {Fourth quarter},
  volume={20},
  number={4},
  pages={2804-2821},
  keywords={Frequency measurement;Fading channels;Antenna measurements;Narrowband;Tutorials;Atmospheric modeling;Aerodynamics;Channel characterization;channel models;measurement campaigns;UAV communication},
  doi={10.1109/COMST.2018.2856587}}

@INPROCEEDINGS{7510942,
  author={Tani, Shigenori and Motoyoshi, Katsuyuki and Sano, Hiroyasu and Okamura, Atsushi and Nishiyama, Hiroki and Kato, Nei},
  booktitle={2016 IEEE International Conference on Communications (ICC)}, 
  title={{An adaptive beam control technique for diversity gain maximization in LEO satellite to ground transmissions}}, 
  year={2016},
  volume={},
  number={},
  pages={1-5},
  doi={10.1109/ICC.2016.7510942}}

@article{TheFederatedSatellite,
  author={Golkar,Alessandro and Lluch i Cruz,Ignasi},
  year={2015},
  month=Jun,
  title={{The Federated Satellite Systems paradigm: Concept and business case evaluation}},
  journal={Acta astronautica},
  volume={111},
  pages={230-248},
  isbn={0094-5765},
  language={English},
  }

@ARTICLE{10238738,
  author={Akbari, Mohammad and Syed, Aisha and Kennedy, W. Sean and Erol-Kantarci, Melike},
  journal={IEEE Trans. Mach. Learn. Commun. Netw.}, 
  title={{Constrained Federated Learning for AoI-Limited SFC in UAV-Aided MEC for Smart Agriculture}}, 
  year={2023},
  month=jan,
  number={},
  volume={1},
  pages={277-295},
  keywords={Internet of Things;Smart agriculture;Monitoring;Task analysis;Farming;Servers;Real-time systems;Internet of Things;network function virtualization;age of information;UAV-aided mobile edge computing (UAV-aided MEC);constraint MDP;federated reinforcement learning},
  doi={10.1109/TMLCN.2023.3311749}}

@Article{drones7020132,
  AUTHOR = {Wang, Yangang and Wang, Hai and Wei, Xianglin and Zhao, Kuang and Fan, Jianhua and Chen, Juan and Hu, Yongyang and Jia, Runa},
  TITLE = {{Service Function Chain Scheduling in Heterogeneous Multi-UAV Edge Computing}},
  JOURNAL = {Drones},
  VOLUME = {7},
  YEAR = {2023},
  month=feb,
  NUMBER = {2},
  ARTICLE-NUMBER = {132},
  ISSN = {2504-446X},
  DOI = {10.3390/drones7020132}}

@ARTICLE{9351537,
  author={Li, Junling and Shi, Weisen and Wu, Huaqing and Zhang, Shan and Shen, Xuemin},
  journal={IEEE Internet Things J.}, 
  title={{Cost-Aware Dynamic SFC Mapping and Scheduling in SDN/NFV-Enabled Space-Air-Ground-Integrated Networks for Internet of Vehicles}}, 
  year={2022},
  month=apr,
  volume={9},
  number={8},
  pages={5824-5838},
  doi={10.1109/JIOT.2021.3058250}}

@inproceedings{10.1145/3213526.3213534,
author = {Nogales, Borja and Sanchez-Aguero, Victor and Vidal, Ivan and Valera, Francisco and Garcia-Reinoso, Jaime},
title = {{A NFV system to support configurable and automated multi-UAV service deployments}},
booktitle = {Proceedings of the 4th ACM Workshop on Micro Aerial Vehicle Networks, Systems, and Applications (DroNet'18)},
year = {2018},
month=jun,
isbn = {9781450358392},
publisher = {Association for Computing Machinery},
address = {New York, NY, USA},
doi = {10.1145/3213526.3213534},
pages = {39-44},
numpages = {6},
keywords = {MANO, NFV, SUAV, Virtualization},
location = {Munich, Germany},
series = {DroNet'18}
}

@ARTICLE{9809985,
  author={Pourghasemian, Mohsen and Abedi, Mohammad Reza and Hosseini, Shima Salar and Mokari, Nader and Javan, Mohammad Reza and Jorswieck, Eduard A.},
  journal={IEEE Trans. Green Commun. Netw.}, 
  title={{AI-Based Mobility-Aware Energy Efficient Resource Allocation and Trajectory Design for NFV Enabled Aerial Networks}}, 
  year={2023},
  month=mar,
  volume={7},
  number={1},
  pages={281-297},
  keywords={Costs;Streaming media;Resource management;Delays;Trajectory;Space-air-ground integrated networks;Quality of service;UAVs' trajectory;energy efficiency;VNF placement and scheduling;VNF migration;deep reinforcement learning;hierarchical hybrid actions},
  doi={10.1109/TGCN.2022.3186911}}

@article{tipantuna2019nfv,
  title={{An NFV-based energy scheduling algorithm for a 5G enabled fleet of programmable unmanned aerial vehicles}},
  author={Tipantu{\~n}a, Christian and Hesselbach, Xavier and S{\'a}nchez-Aguero, Victor and Valera, Francisco and Vidal, Ivan and Nogales, Borja and others},
  journal={Wirel. Commun. Mob. Comput.},
  volume={2019},
  year={2019},
  month=feb,
  publisher={Hindawi}
}

@article{herrera2016resource,
  title={{Resource allocation in NFV: A comprehensive survey}},
  author={Herrera, Juliver Gil and Botero, Juan Felipe},
  journal={IEEE Trans. Netw. Serv. Manag.},
  volume={13},
  number={3},
  pages={518--532},
  year={2016},
  month=sep,
  publisher={IEEE}
}

@inproceedings{20233814771268,
title = {{SFC Deployment in Space-Air-Ground Integrated Networks Based on Matching Game}},
booktitle = {INFOCOM WKSHPS 2023},
author = {Cao, Yilu and Jia, Ziye and Dong, Chao and Wang, Yanting and You, Jiahao and Wu, Qihui},
year = {2023},
month=may,
address = {Hoboken, NJ, United states}
} 

@article{jia2021vnf,
  title={{VNF-Based Service Provision in Software Defined LEO Satellite Networks}},
  author={Jia, Ziye and Sheng, Min and Li, Jiandong and Zhou, Di and Han, Zhu},
  journal={IEEE Trans. Wireless Commun.},
  volume={20},
  number={9},
  pages={6139--6153},
  year={2021},
  month=sep,
  publisher={IEEE}
}

@ARTICLE{8612450,
  author={Kato, Nei and Fadlullah, Zubair Md. and Tang, Fengxiao and Mao, Bomin and Tani, Shigenori and Okamura, Atsushi and Liu, Jiajia},
  journal={IEEE Wireless Commun.}, 
  title={{Optimizing Space-Air-Ground Integrated Networks by Artificial Intelligence}}, 
  year={2019},
  month=aug,
  volume={26},
  number={4},
  pages={140-147},
  keywords={Deep learning;Satellite broadcasting;Satellites;Security;Delays;Quality of experience},
  doi={10.1109/MWC.2018.1800365}}


@article{cheng20226g,
  title={{6G Service-Oriented Space-Air-Ground Integrated Network: A Survey}},
  author={Cheng,Nan  and He,Jingchao  and Yin,Zhisheng and Zhou,Conghao and Wu, Huaqing and Lyu,Feng and Zhou, Haibo and Shen, Xuemin},
  journal={Chinese J Aeronaut.},
  volume={35},
  number={9},
  pages={1--18},
  year={2022},
  month=sep,
  publisher={Elsevier}
}

@ARTICLE{9722775,
  author={Cui, Huanxi and Zhang, Jun and Geng, Yuhui and Xiao, Zhenyu and Sun, Tao and Zhang, Ning and Liu, Jiajia and Wu, Qihui and Cao, Xianbin},
  journal={China Commun.}, 
  title={{Space-Air-Ground Integrated Network (SAGIN) for 6G: Requirements, Architecture and Challenges}}, 
  year={2022},
  month=feb,
  volume={19},
  number={2},
  pages={90-108},
  keywords={5G mobile communication;6G mobile communication;Industrial Internet of Things;Network architecture;Logic gates;Control systems;Protocols;6G;AI;DT;SAGIN;NTN;Network architecture},
  doi={10.23919/JCC.2022.02.008}}

  @inproceedings{van2016deep,
  title={{Deep reinforcement learning with double q-learning}},
  author={Van Hasselt, Hado and Guez, Arthur and Silver, David},
  booktitle={Proceedings of the AAAI conference on artificial intelligence},
  volume={30},
  number={1},
  year={2016}
}

@book{filar2012competitive,
  title={{Competitive Markov Decision Processes}},
  author={Filar, Jerzy and Vrieze, Koos},
  year={2012},
  publisher={Springer Science \& Business Media}
}

@article{arulkumaran2017deep,
  title={{Deep reinforcement learning: A brief survey}},
  author={Arulkumaran, Kai and Deisenroth, Marc Peter and Brundage, Miles and Bharath, Anil Anthony},
  journal={IEEE Signal Process. Mag.},
  volume={34},
  number={6},
  pages={26--38},
  year={2017},
  month=nov,
  publisher={IEEE}
}

@article{hasselt2010double,
  title={{Double Q-learning}},
  author={Hasselt, Hado},
  journal={Adv. Neural Inf. Process. Syst.},
  volume={23},
  year={2010}
}

@book{wolsey1999integer,
  title={{Integer and Combinatorial Optimization}},
  author={Wolsey, Laurence A and Nemhauser, George L},
  volume={55},
  year={1999},
  publisher={John Wiley \& Sons}
}

@ARTICLE{10440193,
  author={Huang, Chong and Chen, Gaojie and Xiao, Pei and Xiao, Yue and Han, Zhu and Chambers, Jonathon A.},
  journal={IEEE J. Sel. Areas Commun.}, 
  title={{Joint Offloading and Resource Allocation for Hybrid Cloud and Edge Computing in SAGINs: A Decision Assisted Hybrid Action Space Deep Reinforcement Learning Approach}}, 
  year={2024},
  month = {early access},
  keywords={Satellites;Resource management;Low earth orbit satellites;Cloud computing;Task analysis;Satellite broadcasting;Optimization;Space-air-ground integrated networks;edge computing;resource allocation;unmanned aerial vehicle;deep reinforcement learning},
  doi={10.1109/JSAC.2024.3365899}}

@book{vazirani2001approximation,
  title={Approximation algorithms},
  author={Vazirani, Vijay V},
  year={2001},
  publisher={Springer}
}

@ARTICLE{9749937,
  author={Zhang, Peiying and Yang, Pan and Kumar, Neeraj and Guizani, Mohsen},
  journal={IEEE Trans. Veh. Technol}, 
  title={{Space-Air-Ground Integrated Network Resource Allocation Based on Service Function Chain}}, 
  year={2022},
  month=jul,
  volume={71},
  number={7},
  pages={7730-7738},
  keywords={Delays;Resource management;Satellites;Internet of Things;Business;Task analysis;Delay effects;Space-air-ground integrated network;service function chain;delay sensitive;resource allocation},
  doi={10.1109/TVT.2022.3165145}}

  @INPROCEEDINGS{9652156,
  author={Kien, Nguyen Trung and Hoang Anh, Vu and Phong, Vu Dinh and Ngoc Minh, Nguyen and Thanh, Nguyen Huu},
  booktitle={31st International Telecommunication Networks and Applications Conference (ITNAC)}, 
  title={{Machine Learning-based Service Function Chain over UAVs: Resource Profiling and Framework}}, 
  year={2021},
  month=nov,
  address={Sydney, Australia},
  volume={},
  number={},
  pages={127-133},
  keywords={Performance evaluation;Power demand;Service function chaining;Image edge detection;Computational modeling;Quality of service;Computer architecture;Unmanned Aerial Vehicles (UAVs);Machine Learning;Artificial Intelligence (AI);edge - cloud computing;Network Function Virtualization (NFV);Internet of Things (IoT)},
  doi={10.1109/ITNAC53136.2021.9652156}}

  @ARTICLE{10032237,
  author={Qin, Xiaohan and Ma, Ting and Tang, Zhixuan and Zhang, Xin and Zhou, Haibo and Zhao, Lian},
  journal={IEEE Trans. Wireless Commun.}, 
  title={{Service-Aware Resource Orchestration in Ultra-Dense LEO Satellite-Terrestrial Integrated 6G: A Service Function Chain Approach}}, 
  year={2023},
  month=sep,
  volume={22},
  number={9},
  pages={6003-6017},
  keywords={Games;Low earth orbit satellites;Satellites;Heuristic algorithms;Noise measurement;Delays;Resource management;Ultra-dense LEO satellite-terrestrial integrated network;routing and downloading;multi-SFC embedding;weighted potential game},
  doi={10.1109/TWC.2023.3239080}}

  @article{qiao2022service,
  title={{A Service Function Chain Deployment Scheme of the Software Defined Satellite Network}},
  author={Qiao, Wenxin and Ni, Xianglong and Lu, Yu and Li, Xiongwei and Zhao, Donghao and Liu, Yicen and others},
  journal={Mob. Inf. Syst.},
  volume={2022},
  year={2022},
  month=mar,
  publisher={Hindawi}
}

@techreport{ITU-R-P618-8,
  author = {International Telecommunication Union},
  title = {Propagation Data and Prediction Methods Required for the Design of Earth-Space Telecommunication Systems},
  institution = {International Telecommunication Union},
  address = {Geneva, Switzerland},
  year = {2003},
  type = {Report},
  number = {P.618-8}
}

@manual{ITU-R-P618-12,
  title = {Propagation Data and Prediction Methods Required for the Design of Earth-Space Telecommunication Systems},
  organization = {document P.618-12 Rec. ITU-R},
  year = {2015},
}

@ARTICLE{7926921,
  author={Ordonez-Lucena, Jose and Ameigeiras, Pablo and Lopez, Diego and Ramos-Munoz, Juan J. and Lorca, Javier and Folgueira, Jesus},
  journal={IEEE Commun. Mag.}, 
  title={{Network Slicing for 5G with SDN/NFV: Concepts, Architectures, and Challenges}}, 
  year={2017},
  month=may,
  volume={55},
  number={5},
  pages={80-87},
  keywords={5G mobile communication;Wireless communication;Virtualization;Servers;Indium phosphide;III-V semiconductor materials;Software defined networking},
  doi={10.1109/MCOM.2017.1600935}}

@ARTICLE{10045716,
  author={Zhou, Di and Sheng, Min and Li, Jiandong and Han, Zhu},
  journal={IEEE Commun. Surveys Tuts.}, 
  title={{Aerospace Integrated Networks Innovation for Empowering 6G: A Survey and Future Challenges}}, 
  year={2023},
  month= {Second quarter},
  volume={25},
  number={2},
  pages={975-1019},
  keywords={6G mobile communication;Satellites;Satellite broadcasting;Orbits;Uplink;Downlink;Low earth orbit satellites;Surveys;Aerospace integrated networks in 6G;spaceair-ground integrated system architecture;enabling technologies of 6G;network dynamics modeling and performance analysis;system optimization},
  doi={10.1109/COMST.2023.3245614}}

@ARTICLE{10003078,
  author={Xiao, Zhenyu and Mao, Tianqi and Han, Zhu and Xia, Xiang-Gen},
  journal={IEEE Wireless Commun.}, 
  title={{Near Space Communications: A New Regime in Space-Air-Ground Integrated Networks}}, 
  year={2022},
  month = Dec,
  volume={29},
  number={6},
  pages={38-45},
  keywords={Technical requirements;Cellular networks;Technological innovation;Mesh networks;Space communications;Modulation;Space-air-ground integrated networks},
  doi={10.1109/MWC.001.2200142}}

@ARTICLE{10207691,
  author={He, Jingchao and Cheng, Nan and Yin, Zhisheng and Zhou, Conghao and Zhou, Haibo and Quan, Wei and Lin, Xiao-Hui},
  journal={IEEE Trans. Veh. Technol.}, 
  title={{Service-Oriented Network Resource Orchestration in Space-Air-Ground Integrated Network}}, 
  year={2024},
  volume={73},
  number={1},
  pages={1162-1174},
  month=jan,
  keywords={Resource management;Wireless communication;Virtual links;Vehicle dynamics;Optimization;Heuristic algorithms;Dynamic scheduling;Space-air-ground integrated network (SAGIN);software-defined networking (SDN);network function virtualization (NFV);service function chain (SFC);wireless resource allocation},
  doi={10.1109/TVT.2023.3301676}}

@article{JIA2024104,
  title = {{Dynamic SFC placement with parallelized VNFs in Data Center Networks: A DRL-based approach}},
  journal = {ICT Express},
  volume = {10},
  number = {1},
  pages = {104-110},
  year = {2024},
  month = feb,
  issn = {2405-9595},
  author = {Jing Jia and Jing Hua}}

@ARTICLE{10244089,
  author={Yin, Zhisheng and Cheng, Nan and Luan, Tom H. and Song, Yunchao and Wang, Wei},
  journal={IEEE Transactions on Information Forensics and Security}, 
  title={DT-Assisted Multi-Point Symbiotic Security in Space-Air-Ground Integrated Networks}, 
  year={2023},
  volume={18},
  number={},
  pages={5721-5734},
  month = sep,
  keywords={Space-air-ground integrated networks;Satellites;Autonomous aerial vehicles;Symbiosis;Security;Precoding;Gold;SAGIN;digital twin;symbiotic security;secrecy rate;multi-dimensional domain precoding},
  doi={10.1109/TIFS.2023.3313326}}

@ARTICLE{10879313,
  author={Hua, Boyu and Han, Liwei and Zhu, Qiuming and Wang, Cheng-Xiang and Mao, Kai and Bao, Junwei and Chang, Hengtai and Tang, Zhenzhou},
  journal={IEEE Trans. Wireless Commun.}, 
  title={{Ultra-Wideband Nonstationary Channel Modeling for UAV-to-Ground Communications}}, 
  year={2025},
  volume={},
  number={},
  pages={1-1},
  month = {early access},
  keywords={Channel models;Bandwidth;Autonomous aerial vehicles;Wireless communication;Three-dimensional displays;Correlation;Fading channels;Delays;Time-frequency analysis;Solid modeling;UAV;Channel model;UWB;Non-stationary;Posture variation},
  doi={10.1109/TWC.2025.3537766}}

@ARTICLE{10616106,
  author={Mao, Kai and Zhu, Qiuming and Wang, Cheng-Xiang and Ye, Xuchao and Gomez-Ponce, Jorge and Cai, Xuesong and Miao, Yang and Cui, Zhuangzhuang and Wu, Qihui and Fan, Wei},
  journal={IEEE Trans. Instrum. Meas.}, 
  title={{A Survey on Channel Sounding Technologies and Measurements for UAV-Assisted Communications}}, 
  year={2024},
  volume={73},
  number={},
  pages={1-24},
  month=jul,
  keywords={Autonomous aerial vehicles;Air to ground communication;Channel models;Surveys;Hardware;Batteries;Quadrotors;Channel sounder;channel sounding;sounding schemes;UAV propagation channel;unmanned aerial vehicle (UAV)},
  doi={10.1109/TIM.2024.3436128}}

@ARTICLE{10558825,
  author={Du, Jun and Lin, Tianyi and Jiang, Chunxiao and Yang, Qianqian and Bader, C. Faouzi and Han, Zhu},
  journal={IEEE Wirel. Commun.}, 
  title={{Distributed Foundation Models for Multi-Modal Learning in 6G Wireless Networks}}, 
  year={2024},
  volume={31},
  number={3},
  pages={20-30},
  month=jun,
  keywords={6G mobile communication;Frequency modulation;Processor scheduling;Wireless networks;Computational modeling;Parallel processing;Multisensory integration},
  doi={10.1109/MWC.009.2300501}}

