@article{processbench,
  title={Processbench: Identifying process errors in mathematical reasoning},
  author={Zheng, Chujie and Zhang, Zhenru and Zhang, Beichen and Lin, Runji and Lu, Keming and Yu, Bowen and Liu, Dayiheng and Zhou, Jingren and Lin, Junyang},
  journal={arXiv preprint arXiv:2412.06559},
  year={2024}
}
@article{limit1,
  title={Direct preference optimization: Your language model is secretly a reward model},
  author={Rafailov, Rafael and Sharma, Archit and Mitchell, Eric and Manning, Christopher D and Ermon, Stefano and Finn, Chelsea},
  journal={Advances in Neural Information Processing Systems},
  volume={36},
  year={2024}
}
@inproceedings{limit2,
  title={A general theoretical paradigm to understand learning from human preferences},
  author={Azar, Mohammad Gheshlaghi and Guo, Zhaohan Daniel and Piot, Bilal and Munos, Remi and Rowland, Mark and Valko, Michal and Calandriello, Daniele},
  booktitle={International Conference on Artificial Intelligence and Statistics},
  pages={4447--4455},
  year={2024},
  organization={PMLR}
}
@inproceedings{limit3,
  title={Scaling laws for reward model overoptimization},
  author={Gao, Leo and Schulman, John and Hilton, Jacob},
  booktitle={International Conference on Machine Learning},
  pages={10835--10866},
  year={2023},
  organization={PMLR}
}
@article{limit4,
  title={Controlled decoding from language models},
  author={Mudgal, Sidharth and Lee, Jong and Ganapathy, Harish and Li, YaGuang and Wang, Tao and Huang, Yanping and Chen, Zhifeng and Cheng, Heng-Tze and Collins, Michael and Strohman, Trevor and others},
  journal={arXiv preprint arXiv:2310.17022},
  year={2023}
}
@article{sc,
  title={Self-consistency improves chain of thought reasoning in language models},
  author={Wang, Xuezhi and Wei, Jason and Schuurmans, Dale and Le, Quoc and Chi, Ed and Narang, Sharan and Chowdhery, Aakanksha and Zhou, Denny},
  journal={arXiv preprint arXiv:2203.11171},
  year={2022}
}
@article{ppo,
  title={Proximal policy optimization algorithms},
  author={Schulman, John and Wolski, Filip and Dhariwal, Prafulla and Radford, Alec and Klimov, Oleg},
  journal={arXiv preprint arXiv:1707.06347},
  year={2017}
}
@article{christiano2017deep,
  title={Deep reinforcement learning from human preferences},
  author={Christiano, Paul F and Leike, Jan and Brown, Tom and Martic, Miljan and Legg, Shane and Amodei, Dario},
  journal={Advances in neural information processing systems},
  volume={30},
  year={2017}
}
@article{ziegler2019fine,
  title={Fine-tuning language models from human preferences},
  author={Ziegler, Daniel M and Stiennon, Nisan and Wu, Jeffrey and Brown, Tom B and Radford, Alec and Amodei, Dario and Christiano, Paul and Irving, Geoffrey},
  journal={arXiv preprint arXiv:1909.08593},
  year={2019}
}
@article{stiennon2020learning,
  title={Learning to summarize with human feedback},
  author={Stiennon, Nisan and Ouyang, Long and Wu, Jeffrey and Ziegler, Daniel and Lowe, Ryan and Voss, Chelsea and Radford, Alec and Amodei, Dario and Christiano, Paul F},
  journal={Advances in Neural Information Processing Systems},
  volume={33},
  pages={3008--3021},
  year={2020}
}
@article{shen2021generate,
  title={Generate \& rank: A multi-task framework for math word problems},
  author={Shen, Jianhao and Yin, Yichun and Li, Lin and Shang, Lifeng and Jiang, Xin and Zhang, Ming and Liu, Qun},
  journal={arXiv preprint arXiv:2109.03034},
  year={2021}
}
@article{ouyang2022training,
  title={Training language models to follow instructions with human feedback},
  author={Ouyang, Long and Wu, Jeffrey and Jiang, Xu and Almeida, Diogo and Wainwright, Carroll and Mishkin, Pamela and Zhang, Chong and Agarwal, Sandhini and Slama, Katarina and Ray, Alex and others},
  journal={Advances in neural information processing systems},
  volume={35},
  pages={27730--27744},
  year={2022}
}
@article{snell2024scaling,
  title={Scaling llm test-time compute optimally can be more effective than scaling model parameters},
  author={Snell, Charlie and Lee, Jaehoon and Xu, Kelvin and Kumar, Aviral},
  journal={arXiv preprint arXiv:2408.03314},
  year={2024}
}



@inproceedings{bestofn1,
  title={Coarse-to-fine n-best parsing and maxent discriminative reranking},
  author={Charniak, Eugene and Johnson, Mark},
  booktitle={Proceedings of the 43rd Annual Meeting of the Association for Computational Linguistics (ACLâ€™05)},
  pages={173--180},
  year={2005}
}
@article{bestofn2,
  title={Training verifiers to solve math word problems},
  author={Cobbe, Karl and Kosaraju, Vineet and Bavarian, Mohammad and Chen, Mark and Jun, Heewoo and Kaiser, Lukasz and Plappert, Matthias and Tworek, Jerry and Hilton, Jacob and Nakano, Reiichiro and others},
  journal={arXiv preprint arXiv:2110.14168},
  year={2021}
}
@inproceedings{peft1,
  title={Parameter-efficient transfer learning for NLP},
  author={Houlsby, Neil and Giurgiu, Andrei and Jastrzebski, Stanislaw and Morrone, Bruna and De Laroussilhe, Quentin and Gesmundo, Andrea and Attariyan, Mona and Gelly, Sylvain},
  booktitle={International conference on machine learning},
  pages={2790--2799},
  year={2019},
  organization={PMLR}
}
@article{peft2,
  title={Prefix-tuning: Optimizing continuous prompts for generation},
  author={Li, Xiang Lisa and Liang, Percy},
  journal={arXiv preprint arXiv:2101.00190},
  year={2021}
}
@article{lora-fall,
  title={Lora learns less and forgets less},
  author={Biderman, Dan and Portes, Jacob and Ortiz, Jose Javier Gonzalez and Paul, Mansheej and Greengard, Philip and Jennings, Connor and King, Daniel and Havens, Sam and Chiley, Vitaliy and Frankle, Jonathan and others},
  journal={arXiv preprint arXiv:2405.09673},
  year={2024}
}
@inproceedings{lora,
  author       = {Edward J. Hu and
                  Yelong Shen and
                  Phillip Wallis and
                  Zeyuan Allen{-}Zhu and
                  Yuanzhi Li and
                  Shean Wang and
                  Lu Wang and
                  Weizhu Chen},
  title        = {LoRA: Low-Rank Adaptation of Large Language Models},
  booktitle    = {The Tenth International Conference on Learning Representations, {ICLR}
                  2022, Virtual Event, April 25-29, 2022},
  publisher    = {OpenReview.net},
  year         = {2022},
  url          = {https://openreview.net/forum?id=nZeVKeeFYf9},
  timestamp    = {Sat, 20 Aug 2022 01:15:42 +0200},
  biburl       = {https://dblp.org/rec/conf/iclr/HuSWALWWC22.bib},
  bibsource    = {dblp computer science bibliography, https://dblp.org}
}

@inproceedings{prm800k,
  author       = {Hunter Lightman and
                  Vineet Kosaraju and
                  Yuri Burda and
                  Harrison Edwards and
                  Bowen Baker and
                  Teddy Lee and
                  Jan Leike and
                  John Schulman and
                  Ilya Sutskever and
                  Karl Cobbe},
  title        = {Let's Verify Step by Step},
  booktitle    = {The Twelfth International Conference on Learning Representations,
                  {ICLR} 2024, Vienna, Austria, May 7-11, 2024},
  publisher    = {OpenReview.net},
  year         = {2024},
  url          = {https://openreview.net/forum?id=v8L0pN6EOi},
  timestamp    = {Wed, 07 Aug 2024 17:11:53 +0200},
  biburl       = {https://dblp.org/rec/conf/iclr/LightmanKBEBLLS24.bib},
  bibsource    = {dblp computer science bibliography, https://dblp.org}
}
@article{openr,
  title={Openr: An open source framework for advanced reasoning with large language models},
  author={Wang, Jun and Fang, Meng and Wan, Ziyu and Wen, Muning and Zhu, Jiachen and Liu, Anjie and Gong, Ziqin and Song, Yan and Chen, Lei and Ni, Lionel M and others},
  journal={arXiv preprint arXiv:2410.09671},
  year={2024}
}
@inproceedings{shepherd,
  author       = {Peiyi Wang and
                  Lei Li and
                  Zhihong Shao and
                  Runxin Xu and
                  Damai Dai and
                  Yifei Li and
                  Deli Chen and
                  Yu Wu and
                  Zhifang Sui},
  editor       = {Lun{-}Wei Ku and
                  Andre Martins and
                  Vivek Srikumar},
  title        = {Math-Shepherd: Verify and Reinforce LLMs Step-by-step without Human
                  Annotations},
  booktitle    = {Proceedings of the 62nd Annual Meeting of the Association for Computational
                  Linguistics (Volume 1: Long Papers), {ACL} 2024, Bangkok, Thailand,
                  August 11-16, 2024},
  pages        = {9426--9439},
  publisher    = {Association for Computational Linguistics},
  year         = {2024},
  url          = {https://doi.org/10.18653/v1/2024.acl-long.510},
  doi          = {10.18653/V1/2024.ACL-LONG.510},
  timestamp    = {Fri, 27 Sep 2024 12:18:51 +0200},
  biburl       = {https://dblp.org/rec/conf/acl/WangLSXDLCWS24.bib},
  bibsource    = {dblp computer science bibliography, https://dblp.org}
}
@article{qwen,
  author       = {An Yang and
                  Beichen Zhang and
                  Binyuan Hui and
                  Bofei Gao and
                  Bowen Yu and
                  Chengpeng Li and
                  Dayiheng Liu and
                  Jianhong Tu and
                  Jingren Zhou and
                  Junyang Lin and
                  Keming Lu and
                  Mingfeng Xue and
                  Runji Lin and
                  Tianyu Liu and
                  Xingzhang Ren and
                  Zhenru Zhang},
  title        = {Qwen2.5-Math Technical Report: Toward Mathematical Expert Model via
                  Self-Improvement},
  journal      = {CoRR},
  volume       = {abs/2409.12122},
  year         = {2024},
  url          = {https://doi.org/10.48550/arXiv.2409.12122},
  doi          = {10.48550/ARXIV.2409.12122},
  eprinttype    = {arXiv},
  eprint       = {2409.12122},
  timestamp    = {Fri, 18 Oct 2024 08:29:21 +0200},
  biburl       = {https://dblp.org/rec/journals/corr/abs-2409-12122.bib},
  bibsource    = {dblp computer science bibliography, https://dblp.org}
}
@article{o1,
  author       = {OpenAI},
  title        = {Learning to Reason with LLMs},
  year         = {2024},
  url          = {https://openai.com/index/learning-to-reason-with-llms/},
}
@article{nllb,
  author       = {Marta R. Costa{-}juss{\`{a}} and
                  James Cross and
                  Onur {\c{C}}elebi and
                  Maha Elbayad and
                  Kenneth Heafield and
                  Kevin Heffernan and
                  Elahe Kalbassi and
                  Janice Lam and
                  Daniel Licht and
                  Jean Maillard and
                  Anna Y. Sun and
                  Skyler Wang and
                  Guillaume Wenzek and
                  Al Youngblood and
                  Bapi Akula and
                  Lo{\"{\i}}c Barrault and
                  Gabriel Mejia Gonzalez and
                  Prangthip Hansanti and
                  John Hoffman and
                  Semarley Jarrett and
                  Kaushik Ram Sadagopan and
                  Dirk Rowe and
                  Shannon Spruit and
                  Chau Tran and
                  Pierre Andrews and
                  Necip Fazil Ayan and
                  Shruti Bhosale and
                  Sergey Edunov and
                  Angela Fan and
                  Cynthia Gao and
                  Vedanuj Goswami and
                  Francisco Guzm{\'{a}}n and
                  Philipp Koehn and
                  Alexandre Mourachko and
                  Christophe Ropers and
                  Safiyyah Saleem and
                  Holger Schwenk and
                  Jeff Wang},
  title        = {No Language Left Behind: Scaling Human-Centered Machine Translation},
  journal      = {CoRR},
  volume       = {abs/2207.04672},
  year         = {2022},
  url          = {https://doi.org/10.48550/arXiv.2207.04672},
  doi          = {10.48550/ARXIV.2207.04672},
  eprinttype    = {arXiv},
  eprint       = {2207.04672},
  timestamp    = {Tue, 13 Feb 2024 08:37:40 +0100},
  biburl       = {https://dblp.org/rec/journals/corr/abs-2207-04672.bib},
  bibsource    = {dblp computer science bibliography, https://dblp.org}
}
@misc{mgsm,
    title={Language Models are Multilingual Chain-of-Thought Reasoners}, 
    author={Freda Shi and Mirac Suzgun and Markus Freitag and Xuezhi Wang and Suraj Srivats and Soroush Vosoughi and Hyung Won Chung and Yi Tay and Sebastian Ruder and Denny Zhou and Dipanjan Das and Jason Wei},
    year={2022},
    eprint={2210.03057},
    archivePrefix={arXiv},
    primaryClass={cs.CL}
}
@inproceedings{multiorm,
  author       = {Zhaofeng Wu and
                  Ananth Balashankar and
                  Yoon Kim and
                  Jacob Eisenstein and
                  Ahmad Beirami},
  editor       = {Yaser Al{-}Onaizan and
                  Mohit Bansal and
                  Yun{-}Nung Chen},
  title        = {Reuse Your Rewards: Reward Model Transfer for Zero-Shot Cross-Lingual
                  Alignment},
  booktitle    = {Proceedings of the 2024 Conference on Empirical Methods in Natural
                  Language Processing, {EMNLP} 2024, Miami, FL, USA, November 12-16,
                  2024},
  pages        = {1332--1353},
  publisher    = {Association for Computational Linguistics},
  year         = {2024},
  url          = {https://aclanthology.org/2024.emnlp-main.79},
  timestamp    = {Thu, 14 Nov 2024 17:20:54 +0100},
  biburl       = {https://dblp.org/rec/conf/emnlp/WuBKEB24.bib},
  bibsource    = {dblp computer science bibliography, https://dblp.org}
}
@article{self-consistency1,
  title={Self-consistency improves chain of thought reasoning in language models},
  author={Wang, Xuezhi and Wei, Jason and Schuurmans, Dale and Le, Quoc and Chi, Ed and Narang, Sharan and Chowdhery, Aakanksha and Zhou, Denny},
  journal={arXiv preprint arXiv:2203.11171},
  year={2022}
}
@article{self-consistency2,
  title={Solving quantitative reasoning problems with language models},
  author={Lewkowycz, Aitor and Andreassen, Anders and Dohan, David and Dyer, Ethan and Michalewski, Henryk and Ramasesh, Vinay and Slone, Ambrose and Anil, Cem and Schlag, Imanol and Gutman-Solo, Theo and others},
  journal={Advances in Neural Information Processing Systems},
  volume={35},
  pages={3843--3857},
  year={2022}
}
@article{orm1,
  title={Training verifiers to solve math word problems},
  author={Cobbe, Karl and Kosaraju, Vineet and Bavarian, Mohammad and Chen, Mark and Jun, Heewoo and Kaiser, Lukasz and Plappert, Matthias and Tworek, Jerry and Hilton, Jacob and Nakano, Reiichiro and others},
  journal={arXiv preprint arXiv:2110.14168},
  year={2021}
}
@article{orm2,
  title={Outcome-supervised verifiers for planning in mathematical reasoning},
  author={Yu, Fei and Gao, Anningzhe and Wang, Benyou},
  journal={arXiv preprint arXiv:2311.09724},
  year={2023}
}
@article{metamath,
  title={MetaMath: Bootstrap Your Own Mathematical Questions for Large Language Models},
  author={Yu, Longhui and Jiang, Weisen and Shi, Han and Yu, Jincheng and Liu, Zhengying and Zhang, Yu and Kwok, James T and Li, Zhenguo and Weller, Adrian and Liu, Weiyang},
  journal={arXiv preprint arXiv:2309.12284},
  year={2023}
}
@article{deepseek,
  author       = {Zhihong Shao and
                  Peiyi Wang and
                  Qihao Zhu and
                  Runxin Xu and
                  Junxiao Song and
                  Mingchuan Zhang and
                  Y. K. Li and
                  Y. Wu and
                  Daya Guo},
  title        = {DeepSeekMath: Pushing the Limits of Mathematical Reasoning in Open
                  Language Models},
  journal      = {CoRR},
  volume       = {abs/2402.03300},
  year         = {2024},
  url          = {https://doi.org/10.48550/arXiv.2402.03300},
  doi          = {10.48550/ARXIV.2402.03300},
  eprinttype    = {arXiv},
  eprint       = {2402.03300},
  timestamp    = {Mon, 12 Feb 2024 13:36:38 +0100},
  biburl       = {https://dblp.org/rec/journals/corr/abs-2402-03300.bib},
  bibsource    = {dblp computer science bibliography, https://dblp.org}
}
@article{imbalance,
  author       = {Wen Yang and
                  Junhong Wu and
                  Chen Wang and
                  Chengqing Zong and
                  Jiajun Zhang},
  title        = {Language Imbalance Driven Rewarding for Multilingual Self-improving},
  journal      = {CoRR},
  volume       = {abs/2410.08964},
  year         = {2024},
  url          = {https://doi.org/10.48550/arXiv.2410.08964},
  doi          = {10.48550/ARXIV.2410.08964},
  eprinttype    = {arXiv},
  eprint       = {2410.08964},
  timestamp    = {Fri, 22 Nov 2024 21:38:21 +0100},
  biburl       = {https://dblp.org/rec/journals/corr/abs-2410-08964.bib},
  bibsource    = {dblp computer science bibliography, https://dblp.org}
}
@article{bugs,
  author       = {Bofei Gao and
                  Zefan Cai and
                  Runxin Xu and
                  Peiyi Wang and
                  Ce Zheng and
                  Runji Lin and
                  Keming Lu and
                  Junyang Lin and
                  Chang Zhou and
                  Wen Xiao and
                  Junjie Hu and
                  Tianyu Liu and
                  Baobao Chang},
  title        = {{LLM} Critics Help Catch Bugs in Mathematics: Towards a Better Mathematical
                  Verifier with Natural Language Feedback},
  journal      = {CoRR},
  volume       = {abs/2406.14024},
  year         = {2024},
  url          = {https://doi.org/10.48550/arXiv.2406.14024},
  doi          = {10.48550/ARXIV.2406.14024},
  eprinttype    = {arXiv},
  eprint       = {2406.14024},
  timestamp    = {Mon, 06 Jan 2025 21:07:44 +0100},
  biburl       = {https://dblp.org/rec/journals/corr/abs-2406-14024.bib},
  bibsource    = {dblp computer science bibliography, https://dblp.org}
}
@article{llama,
  title={The llama 3 herd of models},
  author={Dubey, Abhimanyu and Jauhri, Abhinav and Pandey, Abhinav and Kadian, Abhishek and Al-Dahle, Ahmad and Letman, Aiesha and Mathur, Akhil and Schelten, Alan and Yang, Amy and Fan, Angela and others},
  journal={arXiv preprint arXiv:2407.21783},
  year={2024}
}
@inproceedings{reuse,
  author       = {Zhaofeng Wu and
                  Ananth Balashankar and
                  Yoon Kim and
                  Jacob Eisenstein and
                  Ahmad Beirami},
  editor       = {Yaser Al{-}Onaizan and
                  Mohit Bansal and
                  Yun{-}Nung Chen},
  title        = {Reuse Your Rewards: Reward Model Transfer for Zero-Shot Cross-Lingual
                  Alignment},
  booktitle    = {Proceedings of the 2024 Conference on Empirical Methods in Natural
                  Language Processing, {EMNLP} 2024, Miami, FL, USA, November 12-16,
                  2024},
  pages        = {1332--1353},
  publisher    = {Association for Computational Linguistics},
  year         = {2024},
  url          = {https://aclanthology.org/2024.emnlp-main.79},
  timestamp    = {Thu, 14 Nov 2024 17:20:54 +0100},
  biburl       = {https://dblp.org/rec/conf/emnlp/WuBKEB24.bib},
  bibsource    = {dblp computer science bibliography, https://dblp.org}
}
@article{crossrm,
  author       = {Jiwoo Hong and
                  Noah Lee and
                  Rodrigo Mart{\'{\i}}nez{-}Casta{\~{n}}o and
                  C{\'{e}}sar Rodr{\'{\i}}guez and
                  James Thorne},
  title        = {Cross-lingual Transfer of Reward Models in Multilingual Alignment},
  journal      = {CoRR},
  volume       = {abs/2410.18027},
  year         = {2024},
  url          = {https://doi.org/10.48550/arXiv.2410.18027},
  doi          = {10.48550/ARXIV.2410.18027},
  eprinttype    = {arXiv},
  eprint       = {2410.18027},
  timestamp    = {Wed, 27 Nov 2024 22:21:14 +0100},
  biburl       = {https://dblp.org/rec/journals/corr/abs-2410-18027.bib},
  bibsource    = {dblp computer science bibliography, https://dblp.org}
}
@article{fine,
  title={Fine-grained human feedback gives better rewards for language model training},
  author={Wu, Zeqiu and Hu, Yushi and Shi, Weijia and Dziri, Nouha and Suhr, Alane and Ammanabrolu, Prithviraj and Smith, Noah A and Ostendorf, Mari and Hajishirzi, Hannaneh},
  journal={Advances in Neural Information Processing Systems},
  volume={36},
  pages={59008--59033},
  year={2023}
}
@article{solving,
  title={Solving math word problems with process-and outcome-based feedback},
  author={Uesato, Jonathan and Kushman, Nate and Kumar, Ramana and Song, Francis and Siegel, Noah and Wang, Lisa and Creswell, Antonia and Irving, Geoffrey and Higgins, Irina},
  journal={arXiv preprint arXiv:2211.14275},
  year={2022}
}
@article{improve,
  title={Improve Mathematical Reasoning in Language Models by Automated Process Supervision},
  author={Luo, Liangchen and Liu, Yinxiao and Liu, Rosanne and Phatale, Samrat and Lara, Harsh and Li, Yunxuan and Shu, Lei and Zhu, Yun and Meng, Lei and Sun, Jiao and others},
  journal={arXiv preprint arXiv:2406.06592},
  year={2024}
}
@inproceedings{making,
  title={Making language models better reasoners with step-aware verifier},
  author={Li, Yifei and Lin, Zeqi and Zhang, Shizhuo and Fu, Qiang and Chen, Bei and Lou, Jian-Guang and Chen, Weizhu},
  booktitle={Proceedings of the 61st Annual Meeting of the Association for Computational Linguistics (Volume 1: Long Papers)},
  pages={5315--5333},
  year={2023}
}
@article{let,
  title={Let's reward step by step: Step-Level reward model as the Navigators for Reasoning},
  author={Ma, Qianli and Zhou, Haotian and Liu, Tingkai and Yuan, Jianbo and Liu, Pengfei and You, Yang and Yang, Hongxia},
  journal={arXiv preprint arXiv:2310.10080},
  year={2023}
}