@article{bugs,
  author       = {Bofei Gao and
                  Zefan Cai and
                  Runxin Xu and
                  Peiyi Wang and
                  Ce Zheng and
                  Runji Lin and
                  Keming Lu and
                  Junyang Lin and
                  Chang Zhou and
                  Wen Xiao and
                  Junjie Hu and
                  Tianyu Liu and
                  Baobao Chang},
  title        = {{LLM} Critics Help Catch Bugs in Mathematics: Towards a Better Mathematical
                  Verifier with Natural Language Feedback},
  journal      = {CoRR},
  volume       = {abs/2406.14024},
  year         = {2024},
  url          = {https://doi.org/10.48550/arXiv.2406.14024},
  doi          = {10.48550/ARXIV.2406.14024},
  eprinttype    = {arXiv},
  eprint       = {2406.14024},
  timestamp    = {Mon, 06 Jan 2025 21:07:44 +0100},
  biburl       = {https://dblp.org/rec/journals/corr/abs-2406-14024.bib},
  bibsource    = {dblp computer science bibliography, https://dblp.org}
}

@article{crossrm,
  author       = {Jiwoo Hong and
                  Noah Lee and
                  Rodrigo Mart{\'{\i}}nez{-}Casta{\~{n}}o and
                  C{\'{e}}sar Rodr{\'{\i}}guez and
                  James Thorne},
  title        = {Cross-lingual Transfer of Reward Models in Multilingual Alignment},
  journal      = {CoRR},
  volume       = {abs/2410.18027},
  year         = {2024},
  url          = {https://doi.org/10.48550/arXiv.2410.18027},
  doi          = {10.48550/ARXIV.2410.18027},
  eprinttype    = {arXiv},
  eprint       = {2410.18027},
  timestamp    = {Wed, 27 Nov 2024 22:21:14 +0100},
  biburl       = {https://dblp.org/rec/journals/corr/abs-2410-18027.bib},
  bibsource    = {dblp computer science bibliography, https://dblp.org}
}

@article{deepseek,
  author       = {Zhihong Shao and
                  Peiyi Wang and
                  Qihao Zhu and
                  Runxin Xu and
                  Junxiao Song and
                  Mingchuan Zhang and
                  Y. K. Li and
                  Y. Wu and
                  Daya Guo},
  title        = {DeepSeekMath: Pushing the Limits of Mathematical Reasoning in Open
                  Language Models},
  journal      = {CoRR},
  volume       = {abs/2402.03300},
  year         = {2024},
  url          = {https://doi.org/10.48550/arXiv.2402.03300},
  doi          = {10.48550/ARXIV.2402.03300},
  eprinttype    = {arXiv},
  eprint       = {2402.03300},
  timestamp    = {Mon, 12 Feb 2024 13:36:38 +0100},
  biburl       = {https://dblp.org/rec/journals/corr/abs-2402-03300.bib},
  bibsource    = {dblp computer science bibliography, https://dblp.org}
}

@article{fine,
  title={Fine-grained human feedback gives better rewards for language model training},
  author={Wu, Zeqiu and Hu, Yushi and Shi, Weijia and Dziri, Nouha and Suhr, Alane and Ammanabrolu, Prithviraj and Smith, Noah A and Ostendorf, Mari and Hajishirzi, Hannaneh},
  journal={Advances in Neural Information Processing Systems},
  volume={36},
  pages={59008--59033},
  year={2023}
}

@article{imbalance,
  author       = {Wen Yang and
                  Junhong Wu and
                  Chen Wang and
                  Chengqing Zong and
                  Jiajun Zhang},
  title        = {Language Imbalance Driven Rewarding for Multilingual Self-improving},
  journal      = {CoRR},
  volume       = {abs/2410.08964},
  year         = {2024},
  url          = {https://doi.org/10.48550/arXiv.2410.08964},
  doi          = {10.48550/ARXIV.2410.08964},
  eprinttype    = {arXiv},
  eprint       = {2410.08964},
  timestamp    = {Fri, 22 Nov 2024 21:38:21 +0100},
  biburl       = {https://dblp.org/rec/journals/corr/abs-2410-08964.bib},
  bibsource    = {dblp computer science bibliography, https://dblp.org}
}

@article{improve,
  title={Improve Mathematical Reasoning in Language Models by Automated Process Supervision},
  author={Luo, Liangchen and Liu, Yinxiao and Liu, Rosanne and Phatale, Samrat and Lara, Harsh and Li, Yunxuan and Shu, Lei and Zhu, Yun and Meng, Lei and Sun, Jiao and others},
  journal={arXiv preprint arXiv:2406.06592},
  year={2024}
}

@article{let,
  title={Let's reward step by step: Step-Level reward model as the Navigators for Reasoning},
  author={Ma, Qianli and Zhou, Haotian and Liu, Tingkai and Yuan, Jianbo and Liu, Pengfei and You, Yang and Yang, Hongxia},
  journal={arXiv preprint arXiv:2310.10080},
  year={2023}
}

@inproceedings{making,
  title={Making language models better reasoners with step-aware verifier},
  author={Li, Yifei and Lin, Zeqi and Zhang, Shizhuo and Fu, Qiang and Chen, Bei and Lou, Jian-Guang and Chen, Weizhu},
  booktitle={Proceedings of the 61st Annual Meeting of the Association for Computational Linguistics (Volume 1: Long Papers)},
  pages={5315--5333},
  year={2023}
}

@article{o1,
  author       = {OpenAI},
  title        = {Learning to Reason with LLMs},
  year         = {2024},
  url          = {https://openai.com/index/learning-to-reason-with-llms/},
}

@article{openr,
  title={Openr: An open source framework for advanced reasoning with large language models},
  author={Wang, Jun and Fang, Meng and Wan, Ziyu and Wen, Muning and Zhu, Jiachen and Liu, Anjie and Gong, Ziqin and Song, Yan and Chen, Lei and Ni, Lionel M and others},
  journal={arXiv preprint arXiv:2410.09671},
  year={2024}
}

@article{orm1,
  title={Training verifiers to solve math word problems},
  author={Cobbe, Karl and Kosaraju, Vineet and Bavarian, Mohammad and Chen, Mark and Jun, Heewoo and Kaiser, Lukasz and Plappert, Matthias and Tworek, Jerry and Hilton, Jacob and Nakano, Reiichiro and others},
  journal={arXiv preprint arXiv:2110.14168},
  year={2021}
}

@article{orm2,
  title={Outcome-supervised verifiers for planning in mathematical reasoning},
  author={Yu, Fei and Gao, Anningzhe and Wang, Benyou},
  journal={arXiv preprint arXiv:2311.09724},
  year={2023}
}

@inproceedings{prm800k,
  author       = {Hunter Lightman and
                  Vineet Kosaraju and
                  Yuri Burda and
                  Harrison Edwards and
                  Bowen Baker and
                  Teddy Lee and
                  Jan Leike and
                  John Schulman and
                  Ilya Sutskever and
                  Karl Cobbe},
  title        = {Let's Verify Step by Step},
  booktitle    = {The Twelfth International Conference on Learning Representations,
                  {ICLR} 2024, Vienna, Austria, May 7-11, 2024},
  publisher    = {OpenReview.net},
  year         = {2024},
  url          = {https://openreview.net/forum?id=v8L0pN6EOi},
  timestamp    = {Wed, 07 Aug 2024 17:11:53 +0200},
  biburl       = {https://dblp.org/rec/conf/iclr/LightmanKBEBLLS24.bib},
  bibsource    = {dblp computer science bibliography, https://dblp.org}
}

@article{qwen,
  author       = {An Yang and
                  Beichen Zhang and
                  Binyuan Hui and
                  Bofei Gao and
                  Bowen Yu and
                  Chengpeng Li and
                  Dayiheng Liu and
                  Jianhong Tu and
                  Jingren Zhou and
                  Junyang Lin and
                  Keming Lu and
                  Mingfeng Xue and
                  Runji Lin and
                  Tianyu Liu and
                  Xingzhang Ren and
                  Zhenru Zhang},
  title        = {Qwen2.5-Math Technical Report: Toward Mathematical Expert Model via
                  Self-Improvement},
  journal      = {CoRR},
  volume       = {abs/2409.12122},
  year         = {2024},
  url          = {https://doi.org/10.48550/arXiv.2409.12122},
  doi          = {10.48550/ARXIV.2409.12122},
  eprinttype    = {arXiv},
  eprint       = {2409.12122},
  timestamp    = {Fri, 18 Oct 2024 08:29:21 +0200},
  biburl       = {https://dblp.org/rec/journals/corr/abs-2409-12122.bib},
  bibsource    = {dblp computer science bibliography, https://dblp.org}
}

@inproceedings{reuse,
  author       = {Zhaofeng Wu and
                  Ananth Balashankar and
                  Yoon Kim and
                  Jacob Eisenstein and
                  Ahmad Beirami},
  editor       = {Yaser Al{-}Onaizan and
                  Mohit Bansal and
                  Yun{-}Nung Chen},
  title        = {Reuse Your Rewards: Reward Model Transfer for Zero-Shot Cross-Lingual
                  Alignment},
  booktitle    = {Proceedings of the 2024 Conference on Empirical Methods in Natural
                  Language Processing, {EMNLP} 2024, Miami, FL, USA, November 12-16,
                  2024},
  pages        = {1332--1353},
  publisher    = {Association for Computational Linguistics},
  year         = {2024},
  url          = {https://aclanthology.org/2024.emnlp-main.79},
  timestamp    = {Thu, 14 Nov 2024 17:20:54 +0100},
  biburl       = {https://dblp.org/rec/conf/emnlp/WuBKEB24.bib},
  bibsource    = {dblp computer science bibliography, https://dblp.org}
}

@inproceedings{shepherd,
  author       = {Peiyi Wang and
                  Lei Li and
                  Zhihong Shao and
                  Runxin Xu and
                  Damai Dai and
                  Yifei Li and
                  Deli Chen and
                  Yu Wu and
                  Zhifang Sui},
  editor       = {Lun{-}Wei Ku and
                  Andre Martins and
                  Vivek Srikumar},
  title        = {Math-Shepherd: Verify and Reinforce LLMs Step-by-step without Human
                  Annotations},
  booktitle    = {Proceedings of the 62nd Annual Meeting of the Association for Computational
                  Linguistics (Volume 1: Long Papers), {ACL} 2024, Bangkok, Thailand,
                  August 11-16, 2024},
  pages        = {9426--9439},
  publisher    = {Association for Computational Linguistics},
  year         = {2024},
  url          = {https://doi.org/10.18653/v1/2024.acl-long.510},
  doi          = {10.18653/V1/2024.ACL-LONG.510},
  timestamp    = {Fri, 27 Sep 2024 12:18:51 +0200},
  biburl       = {https://dblp.org/rec/conf/acl/WangLSXDLCWS24.bib},
  bibsource    = {dblp computer science bibliography, https://dblp.org}
}

@article{solving,
  title={Solving math word problems with process-and outcome-based feedback},
  author={Uesato, Jonathan and Kushman, Nate and Kumar, Ramana and Song, Francis and Siegel, Noah and Wang, Lisa and Creswell, Antonia and Irving, Geoffrey and Higgins, Irina},
  journal={arXiv preprint arXiv:2211.14275},
  year={2022}
}

