@inproceedings{abid2021persistent,
	title        = {Persistent Anti-Muslim Bias in Large Language Models},
	author       = {Abid, Abubakar and Farooqi, Maheen and Zou, James},
	year         = 2021,
	booktitle    = {Proceedings of the AAAI/ACM Conference on AI, Ethics, and Society (AIES)},
	pages        = {298--306}
}

@article{abiri2024public,
	title        = {Public Constitutional AI},
	author       = {Abiri, Gilad},
	year         = 2024,
	journal      = {arXiv:2406.16696}
}

@article{anwar2024foundational,
	title        = {Foundational Challenges in Assuring Alignment and Safety of Large Language Models},
	author       = {Anwar, Usman and Saparov, Abulhair and Rando, Javier and Paleka, Daniel and Turpin, Miles and Hase, Peter and Lubana, Ekdeep Singh and Jenner, Erik and Casper, Stephen and Sourbut, Oliver and others},
	year         = 2024,
	journal      = {arXiv:2404.09932}
}

@article{bai2022constitutional,
	title        = {Constitutional AI: Harmlessness From AI Feedback},
	author       = {Bai, Yuntao and Kadavath, Saurav and Kundu, Sandipan and Askell, Amanda and Kernion, Jackson and Jones, Andy and Chen, Anna and Goldie, Anna and Mirhoseini, Azalia and McKinnon, Cameron and others},
	year         = 2022,
	journal      = {arXiv:2212.08073}
}

@article{bai2022training,
	title        = {Training a Helpful and Harmless Assistant With Reinforcement Learning From Human Feedback},
	author       = {Bai, Yuntao and Jones, Andy and Ndousse, Kamal and Askell, Amanda and Chen, Anna and DasSarma, Nova and Drain, Dawn and Fort, Stanislav and Ganguli, Deep and Henighan, Tom and others},
	year         = 2022,
	journal      = {arXiv:2204.05862}
}

@article{blodgett2020language,
	title        = {Language (Technology) Is Power: A Critical Survey Of ``Bias'' in NLP},
	author       = {Blodgett, Su Lin and Barocas, Solon and Daum{\'e} III, Hal and Wallach, Hanna},
	year         = 2020,
	journal      = {arXiv preprint arXiv:2005.14050}
}

@inproceedings{blodgett2021stereotyping,
	title        = {Stereotyping Norwegian Salmon: An Inventory of Pitfalls in Fairness Benchmark Datasets},
	author       = {Blodgett, Su Lin and Lopez, Gilsinia and Olteanu, Alexandra and Sim, Robert and Wallach, Hanna},
	year         = 2021,
	booktitle    = {Proceedings of the Annual Meeting of the Association for Computational Linguistics and the International Joint Conference on Natural Language Processing},
	pages        = {1004--1015}
}

@article{bowman2021will,
	title        = {What Will It Take To Fix Benchmarking in Natural Language Understanding?},
	author       = {Bowman, Samuel R. and Dahl, George E.},
	year         = 2021,
	journal      = {arXiv:2104.02145}
}

@article{bowman2022measuring,
	title        = {Measuring Progress on Scalable Oversight for Large Language Models},
	author       = {Bowman, Samuel R. and Hyun, Jeeyoon and Perez, Ethan and Chen, Edwin and Pettit, Craig and Heiner, Scott and Luko{\v{s}}i{\=u}t{\.e}, Kamil{\.e} and Askell, Amanda and Jones, Andy and Chen, Anna and others},
	year         = 2022,
	journal      = {arXiv:2211.03540}
}

@article{casper2023open,
	title        = {Open Problems and Fundamental Limitations of Reinforcement Learning From Human Feedback},
	author       = {Casper, Stephen and Davies, Xander and Shi, Claudia and Gilbert, Thomas Krendl and Scheurer, J{\'e}r{\'e}my and Rando, Javier and Freedman, Rachel and Korbak, Tomasz and Lindner, David and Freire, Pedro and others},
	year         = 2023,
	journal      = {arXiv:2307.15217}
}

@article{chen2024iteralign,
	title        = {ITERALIGN: Iterative Constitutional Alignment of Large Language Models},
	author       = {Chen, Xiusi and Wen, Hongzhi and Nag, Sreyashi and Luo, Chen and Yin, Qingyu and Li, Ruirui and Li, Zheng and Wang, Wei},
	year         = 2024,
	journal      = {arXiv:2403.18341}
}

@inproceedings{conitzer2024social,
	title        = {Social Choice Should Guide AI Alignment in Dealing with Diverse Human Feedback},
	author       = {Conitzer, Vincent and Freedman, Rachel and Heitzig, Jobst and Holliday, Wesley H and Jacobs, Bob M and Lambert, Nathan and Moss{\'e}, Milan and Pacuit, Eric and Russell, Stuart and Schoelkopf, Hailey and others},
	year         = 2024,
	booktitle    = {Proceedings of the International Conference on Machine Learning (ICML)}
}

@article{deng2023investigating,
	title        = {Investigating Data Contamination in Modern Benchmarks for Large Language Models},
	author       = {Deng, Chunyuan and Zhao, Yilun and Tang, Xiangru and Gerstein, Mark and Cohan, Arman},
	year         = 2023,
	journal      = {arXiv:2311.09783}
}

@article{deshpande2023toxicity,
	title        = {Toxicity in ChatGPT: Analyzing Persona-Assigned Language Models},
	author       = {Deshpande, Ameet and Murahari, Vishvak and Rajpurohit, Tanmay and Kalyan, Ashwin and Narasimhan, Karthik},
	year         = 2023,
	journal      = {arXiv:2304.05335}
}

@article{devellis2006classical,
	title        = {Classical test theory},
	author       = {DeVellis, Robert F},
	year         = 2006,
	journal      = {Medical care},
	publisher    = {LWW},
	volume       = 44,
	number       = 11,
	pages        = {S50--S59}
}

@article{durmus2023towards,
	title        = {Towards Measuring the Representation of Subjective Global Opinions in Language Models},
	author       = {Durmus, Esin and Nguyen, Karina and Liao, Thomas I and Schiefer, Nicholas and Askell, Amanda and Bakhtin, Anton and Chen, Carol and Hatfield-Dodds, Zac and Hernandez, Danny and Joseph, Nicholas and others},
	year         = 2023,
	journal      = {arXiv:2306.16388}
}

@article{ega1,
	title        = {Exploratory Graph Analysis: A New Approach for Estimating the Number of Dimensions in Psychological Research},
	author       = {Golino, Hudson F. and Epskamp, Sacha},
	year         = 2017,
	journal      = {PloS one},
	publisher    = {Public Library of Science San Francisco, CA USA},
	volume       = 12,
	number       = 6
}

@article{ega2,
	title        = {Investigating the Performance of Exploratory Graph Analysis and Traditional Techniques To Identify the Number of Latent Factors: A Simulation and Tutorial.},
	author       = {Golino, Hudson and Shi, Dingjing and Christensen, Alexander P. and Garrido, Luis Eduardo and Nieto, Maria Dolores and Sadana, Ritu and Thiyagarajan, Jotheeswaran Amuthavalli and Martinez-Molina, Agustin},
	year         = 2020,
	journal      = {Psychological Methods},
	publisher    = {American Psychological Association},
	volume       = 25,
	number       = 3,
	pages        = 292
}

@book{embretson2013item,
	title        = {Item Response Theory},
	author       = {Embretson, Susan E. and Reise, Steven P.},
	year         = 2013,
	publisher    = {Psychology Press}
}

@book{fabrigar2012exploratory,
	title        = {Exploratory Factor Analysis},
	author       = {Fabrigar, Leandre R. and Wegener, Duane T.},
	year         = 2012,
	publisher    = {Oxford University Press}
}

@article{findeis2024inverse,
	title        = {Inverse Constitutional AI: Compressing Preferences into Principles},
	author       = {Findeis, Arduin and Kaufmann, Timo and H{\"u}llermeier, Eyke and Albanie, Samuel and Mullins, Robert},
	year         = 2024,
	journal      = {arXiv:2406.06560}
}

@article{gabriel2020artificial,
	title        = {Artificial Intelligence, Values, and Alignment},
	author       = {Gabriel, Iason},
	year         = 2020,
	journal      = {Minds and Machines},
	publisher    = {Springer},
	volume       = 30,
	number       = 3,
	pages        = {411--437}
}

@article{ganguli2022red,
	title        = {Red Teaming Language Models To Reduce Harms: Methods, Scaling Behaviors, and Lessons Learned},
	author       = {Ganguli, Deep and Lovitt, Liane and Kernion, Jackson and Askell, Amanda and Bai, Yuntao and Kadavath, Saurav and Mann, Ben and Perez, Ethan and Schiefer, Nicholas and Ndousse, Kamal and others},
	year         = 2022,
	journal      = {arXiv:2209.07858}
}

@article{ganguli2023capacity,
	title        = {The Capacity for Moral Self-Correction in Large Language Models},
	author       = {Ganguli, Deep and Askell, Amanda and Schiefer, Nicholas and Liao, Thomas I and Luko{\v{s}}i{\=u}t{\.e}, Kamil{\.e} and Chen, Anna and Goldie, Anna and Mirhoseini, Azalia and Olsson, Catherine and Hernandez, Danny and others},
	year         = 2023,
	journal      = {arXiv:2302.07459}
}

@online{ganguli2023challenges,
	title        = {Challenges in Evaluating {AI} Systems},
	author       = {Deep Ganguli and Nicholas Schiefer and Marina Favaro and Jack Clark},
	year         = 2023,
	url          = {https://www.anthropic.com/index/evaluating-ai-systems},
	date         = {2023-10-04}
}

@article{golino2022exploratory,
	title        = {Exploratory Graph Analysis in Context},
	author       = {Golino, Hudson and Christensen, Alexander P. and Garrido, Luis Eduardo},
	year         = 2022,
	journal      = {Revista Psicologia: Teoria e Pr{\'a}tica},
	volume       = 24,
	number       = 3
}

@article{hendrycks2020measuring,
	title        = {Measuring Massive Multitask Language Understanding},
	author       = {Hendrycks, Dan and Burns, Collin and Basart, Steven and Zou, Andy and Mazeika, Mantas and Song, Dawn and Steinhardt, Jacob},
	year         = 2020,
	journal      = {arXiv:2009.03300}
}

@inproceedings{hong-etal-2024-orpo,
	title        = {{ORPO}: Monolithic Preference Optimization without Reference Model},
	author       = {Hong, Jiwoo  and Lee, Noah  and Thorne, James},
	year         = 2024,
	month        = nov,
	booktitle    = {Proceedings of the 2024 Conference on Empirical Methods in Natural Language Processing},
	publisher    = {Association for Computational Linguistics},
	pages        = {11170--11189},
	doi          = {10.18653/v1/2024.emnlp-main.626},
	url          = {https://aclanthology.org/2024.emnlp-main.626/},
	editor       = {Al-Onaizan, Yaser  and Bansal, Mohit  and Chen, Yun-Nung}
}

@article{hu2024,
	title        = {Generative Language Models Exhibit Social Identity Biases},
	author       = {Hu, Tiancheng and Kyrychenko, Yara and Rathje, Steve and Collier, Nigel and van der Linden, Sander and Roozenbeek, Jon},
      volume = {5},
      ISSN = {2662-8457},
      url = {http://dx.doi.org/10.1038/s43588-024-00741-1},
      DOI = {10.1038/s43588-024-00741-1},
      number = {1},
      journal = {Nature Computational Science},
      publisher = {Springer Science and Business Media LLC},
      author = {Hu,  Tiancheng and Kyrychenko,  Yara and Rathje,  Steve and Collier,  Nigel and van der Linden,  Sander and Roozenbeek,  Jon},
      year = {2024},
      month = dec,
      pages = {65–75}
}

@inproceedings{huang2024collective,
	title        = {Collective Constitutional AI: Aligning a Language Model with Public Input},
	author       = {Huang, Saffron and Siddarth, Divya and Lovitt, Liane and Liao, Thomas I and Durmus, Esin and Tamkin, Alex and Ganguli, Deep},
	year         = 2024,
	booktitle    = {The ACM Conference on Fairness, Accountability, and Transparency (FAccT)},
	pages        = {1395--1417}
}

@article{ji2023ai,
	title        = {AI Alignment: A Comprehensive Survey},
	author       = {Ji, Jiaming and Qiu, Tianyi and Chen, Boyuan and Zhang, Borong and Lou, Hantao and Wang, Kaile and Duan, Yawen and He, Zhonghao and Zhou, Jiayi and Zhang, Zhaowei and others},
	year         = 2023,
	journal      = {arXiv:2310.19852}
}

@article{jobin2019global,
	title        = {The Global Landscape of AI Ethics Guidelines},
	author       = {Jobin, Anna and Ienca, Marcello and Vayena, Effy},
	year         = 2019,
	journal      = {Nature Machine Intelligence},
	publisher    = {Nature Publishing Group UK London},
	volume       = 1,
	number       = 9,
	pages        = {389--399}
}

@article{kirk2024benefits,
	title        = {The Benefits, Risks and Bounds of Personalizing the Alignment of Large Language Models to Individuals},
	author       = {Kirk, Hannah Rose and Vidgen, Bertie and R{\"o}ttger, Paul and Hale, Scott A.},
	year         = 2024,
	journal      = {Nature Machine Intelligence},
	publisher    = {Nature Publishing Group UK London},
	pages        = {1--10}
}

@article{kundu2023specific,
	title        = {Specific Versus General Principles for Constitutional AI},
	author       = {Kundu, Sandipan and Bai, Yuntao and Kadavath, Saurav and Askell, Amanda and Callahan, Andrew and Chen, Anna and Goldie, Anna and Balwit, Avital and Mirhoseini, Azalia and McLean, Brayden and others},
	year         = 2023,
	journal      = {arXiv:2310.13798}
}

@article{li2023privacy,
	title        = {Privacy in Large Language Models: Attacks, Defenses and Future Directions},
	author       = {Li, Haoran and Chen, Yulin and Luo, Jinglong and Kang, Yan and Zhang, Xiaojin and Hu, Qi and Chan, Chunkit and Song, Yangqiu},
	year         = 2023,
	journal      = {arXiv:2310.10383}
}

@article{liu2024aligning,
	title        = {Aligning with Human Judgement: The Role of Pairwise Preference in Large Language Model Evaluators},
	author       = {Liu, Yinhong and Zhou, Han and Guo, Zhijiang and Shareghi, Ehsan and Vulic, Ivan and Korhonen, Anna and Collier, Nigel},
	year         = 2024,
	journal      = {arXiv:2403.16950}
}

@article{ouyang2022training,
	title        = {Training Language Models To Follow Instructions With Human Feedback},
	author       = {Ouyang, Long and Wu, Jeffrey and Jiang, Xu and Almeida, Diogo and Wainwright, Carroll and Mishkin, Pamela and Zhang, Chong and Agarwal, Sandhini and Slama, Katarina and Ray, Alex and others},
	year         = 2022,
	journal      = {Advances in Neural Information Processing Systems},
	volume       = 35,
	pages        = {27730--27744}
}

@article{parrish2021bbq,
	title        = {BBQ: A Hand-Built Bias Benchmark for Question Answering},
	author       = {Parrish, Alicia and Chen, Angelica and Nangia, Nikita and Padmakumar, Vishakh and Phang, Jason and Thompson, Jana and Htut, Phu Mon and Bowman, Samuel R},
	year         = 2021,
	journal      = {arXiv:2110.08193}
}

@inproceedings{perez2023discovering,
	title        = {Discovering Language Model Behaviors with Model-Written Evaluations},
	author       = {Perez, Ethan  and Ringer, Sam  and Lukosiute, Kamile  and Nguyen, Karina  and Chen, Edwin  and Heiner, Scott  and others},
	year         = 2023,
	month        = jul,
	booktitle    = {Findings of the Association for Computational Linguistics},
	publisher    = {Association for Computational Linguistics},
	pages        = {13387--13434},
	doi          = {10.18653/v1/2023.findings-acl.847},
	url          = {https://aclanthology.org/2023.findings-acl.847},
	editor       = {Rogers, Anna  and Boyd-Graber, Jordan  and Okazaki, Naoaki}
}

@inproceedings{petridis2024constitutionmaker,
	title        = {ConstitutionMaker: Interactively Critiquing Large Language Models by Converting Feedback into Principles},
	author       = {Petridis, Savvas and Wedin, Benjamin D. and Wexler, James and Pushkarna, Mahima and Donsbach, Aaron and Goyal, Nitesh and Cai, Carrie J. and Terry, Michael},
	year         = 2024,
	booktitle    = {Proceedings of the International Conference on Intelligent User Interfaces (IUI)},
	pages        = {853--868}
}

@article{qin2023large,
	title        = {Large Language Models Are Effective Text Rankers With Pairwise Ranking Prompting},
	author       = {Qin, Zhen and Jagerman, Rolf and Hui, Kai and Zhuang, Honglei and Wu, Junru and Yan, Le and Shen, Jiaming and Liu, Tianqi and Liu, Jialu and Metzler, Donald and others},
	year         = 2023,
	journal      = {arXiv:2306.17563}
}

@article{rafailov2024direct,
	title        = {Direct Preference Optimization: Your Language Model Is Secretly a Reward Model},
	author       = {Rafailov, Rafael and Sharma, Archit and Mitchell, Eric and Manning, Christopher D. and Ermon, Stefano and Finn, Chelsea},
	year         = 2024,
	journal      = {Advances in Neural Information Processing Systems},
	volume       = 36
}

@inproceedings{santurkar2023whose,
	title        = {Whose Opinions Do Language Models Reflect?},
	author       = {Santurkar, Shibani and Durmus, Esin and Ladhak, Faisal and Lee, Cinoo and Liang, Percy and Hashimoto, Tatsunori},
	year         = 2023,
	booktitle    = {International Conference on Machine Learning (ICML)},
	pages        = {29971--30004}
}

@article{schwartz1992universals,
	title        = {Universals in the Content and Structure of Values: Theoretical Advances and Empirical Tests in 20 Countries},
	author       = {Schwartz, Shalom H},
	year         = 1992,
	journal      = {Advances in Experimental Social Psychology/Academic Press}
}

@article{shen2024towards,
	title        = {Towards Bidirectional Human-AI Alignment: A Systematic Review for Clarifications, Framework, and Future Directions},
	author       = {Shen, Hua and Knearem, Tiffany and Ghosh, Reshmi and Alkiek, Kenan and Krishna, Kundan and Liu, Yachuan and Ma, Ziqiao and Petridis, Savvas and Peng, Yi-Hao and Qiwei, Li and others},
	year         = 2024,
	journal      = {arXiv:2406.09264}
}

@article{shevlane2023model,
	title        = {Model Evaluation for Extreme Risks},
	author       = {Shevlane, Toby and Farquhar, Sebastian and Garfinkel, Ben and Phuong, Mary and Whittlestone, Jess and Leung, Jade and Kokotajlo, Daniel and Marchal, Nahema and Anderljung, Markus and Kolt, Noam and others},
	year         = 2023,
	journal      = {arXiv:2305.15324}
}

@article{sorensen2024roadmap,
	title        = {A Roadmap to Pluralistic Alignment},
	author       = {Sorensen, Taylor and Moore, Jared and Fisher, Jillian and Gordon, Mitchell and Mireshghallah, Niloofar and Rytting, Christopher Michael and Ye, Andre and Jiang, Liwei and Lu, Ximing and Dziri, Nouha and others},
	year         = 2024,
	journal      = {arXiv:2402.05070}
}

@article{sun2023salmon,
	title        = {Salmon: Self-Alignment With Principle-Following Reward Models},
	author       = {Sun, Zhiqing and Shen, Yikang and Zhang, Hongxin and Zhou, Qinhong and Chen, Zhenfang and Cox, David and Yang, Yiming and Gan, Chuang},
	year         = 2023,
	journal      = {arXiv:2310.05910}
}

@article{uva,
	title        = {Unique Variable Analysis: A Network Psychometrics Method to Detect Local Dependence},
	author       = {Alexander P., Christensen, and Luis Eduardo, Garrido, and Hudson, Golino},
	year         = 2023,
	journal      = {Multivariate Behavioral Research},
	publisher    = {Routledge},
	volume       = 58,
	number       = 6,
	pages        = {1165--1182},
	doi          = {10.1080/00273171.2023.2194606}
}

@article{wang2018glue,
	title        = {GLUE: A Multi-Task Benchmark and Analysis Platform for Natural Language Understanding},
	author       = {Alex Wang and Amanpreet Singh and Julian Michael and Felix Hill and Omer Levy and Samuel R. Bowman},
	year         = 2018,
	journal      = {arXiv:1804.07461}
}

@article{wang2019superglue,
	title        = {Superglue: A Stickier Benchmark for General-Purpose Language Understanding Systems},
	author       = {Wang, Alex and Pruksachatkun, Yada and Nangia, Nikita and Singh, Amanpreet and Michael, Julian and Hill, Felix and Levy, Omer and Bowman, Samuel},
	year         = 2019,
	journal      = {Advances in Neural Information Processing Systems},
	volume       = 32
}

@inproceedings{wang2023chatgpt,
	title        = {Is {C}hat{GPT} a Good {NLG} Evaluator? A Preliminary Study},
	author       = {Wang, Jiaan  and Liang, Yunlong  and Meng, Fandong  and Sun, Zengkui  and Shi, Haoxiang  and Li, Zhixu  and Xu, Jinan  and Qu, Jianfeng  and Zhou, Jie},
	year         = 2023,
	month        = dec,
	booktitle    = {Proceedings of the 4th New Frontiers in Summarization Workshop},
	publisher    = {Association for Computational Linguistics},
	pages        = {1--11},
	doi          = {10.18653/v1/2023.newsum-1.1},
	url          = {https://aclanthology.org/2023.newsum-1.1},
	editor       = {Dong, Yue  and Xiao, Wen  and Wang, Lu  and Liu, Fei  and Carenini, Giuseppe}
}

@article{wang2023largelm,
	title        = {Large Language Models Are Not Fair Evaluators},
	author       = {Peiyi Wang and Lei Li and Liang Chen and Dawei Zhu and Binghuai Lin and Yunbo Cao and Qi Liu and Tianyu Liu and Zhifang Sui},
	year         = 2023,
	journal      = {ArXiv},
	volume       = {abs/2305.17926}
}

@article{zhou2023instruction,
	title        = {Instruction-Following Evaluation for Large Language Models},
	author       = {Zhou, Jeffrey and Lu, Tianjian and Mishra, Swaroop and Brahma, Siddhartha and Basu, Sujoy and Luan, Yi and Zhou, Denny and Hou, Le},
	year         = 2023,
	journal      = {arXiv:2311.07911}
}

@article{zhou2024fairer,
	title        = {Fairer Preferences Elicit Improved Human-Aligned Large Language Model Judgments},
	author       = {Zhou, Han and Wan, Xingchen and Liu, Yinhong and Collier, Nigel and Vulić, Ivan and Korhonen, Anna},
	year         = 2024,
	journal      = {arXiv preprint arXiv:2406.11370}
}

