@article{devellis2006classical,
	title        = {Classical test theory},
	author       = {DeVellis, Robert F},
	year         = 2006,
	journal      = {Medical care},
	publisher    = {LWW},
	volume       = 44,
	number       = 11,
	pages        = {S50--S59}
}
@article{almeida2022ethics,
	title        = {The Ethics of Facial Recognition Technologies, Surveillance, and Accountability in an Age of Artificial Intelligence: A Comparative Analysis of US, EU, and UK Regulatory Frameworks},
	author       = {Almeida, Denise and Shmarko, Konstantin and Lomas, Elizabeth},
	year         = 2022,
	journal      = {AI and Ethics},
	publisher    = {Springer},
	volume       = 2,
	number       = 3,
	pages        = {377--387}
}
@article{gunarathne2022racial,
	title        = {Racial Bias in Customer Service: Evidence From Twitter},
	author       = {Gunarathne, Priyanga and Rui, Huaxia and Seidmann, Abraham},
	year         = 2022,
	journal      = {Information Systems Research},
	publisher    = {INFORMS},
	volume       = 33,
	number       = 1,
	pages        = {43--54}
}
@article{williams2002strategic,
	title        = {Strategic Planning and Organizational Values: Links to Alignment},
	author       = {Williams, Sandra L},
	year         = 2002,
	journal      = {Human Resource Development International},
	publisher    = {Taylor \& Francis},
	volume       = 5,
	number       = 2,
	pages        = {217--233}
}
@article{golino2022exploratory,
	title        = {Exploratory Graph Analysis in Context},
	author       = {Golino, Hudson and Christensen, Alexander P. and Garrido, Luis Eduardo},
	year         = 2022,
	journal      = {Revista Psicologia: Teoria e Pr{\'a}tica},
	volume       = 24,
	number       = 3
}
@book{fabrigar2012exploratory,
	title        = {Exploratory Factor Analysis},
	author       = {Fabrigar, Leandre R. and Wegener, Duane T.},
	year         = 2012,
	publisher    = {Oxford University Press}
}
@book{embretson2013item,
	title        = {Item Response Theory},
	author       = {Embretson, Susan E. and Reise, Steven P.},
	year         = 2013,
	publisher    = {Psychology Press}
}
@article{wang2018glue,
	title        = {GLUE: A Multi-Task Benchmark and Analysis Platform for Natural Language Understanding},
	author       = {Alex Wang and Amanpreet Singh and Julian Michael and Felix Hill and Omer Levy and Samuel R. Bowman},
	year         = 2018,
	journal      = {arXiv:1804.07461}
}
@article{ovadya2023bridging,
	title        = {Bridging Systems: Open Problems for Countering Destructive Divisiveness Across Ranking, Recommenders, and Governance},
	author       = {Ovadya, Aviv and Thorburn, Luke},
	year         = 2023,
	journal      = {arXiv:2301.09976}
}
@article{wang2023largelm,
	title        = {Large Language Models Are Not Fair Evaluators},
	author       = {Peiyi Wang and Lei Li and Liang Chen and Dawei Zhu and Binghuai Lin and Yunbo Cao and Qi Liu and Tianyu Liu and Zhifang Sui},
	year         = 2023,
	journal      = {ArXiv},
	volume       = {abs/2305.17926}
}
@article{anwar2024foundational,
	title        = {Foundational Challenges in Assuring Alignment and Safety of Large Language Models},
	author       = {Anwar, Usman and Saparov, Abulhair and Rando, Javier and Paleka, Daniel and Turpin, Miles and Hase, Peter and Lubana, Ekdeep Singh and Jenner, Erik and Casper, Stephen and Sourbut, Oliver and others},
	year         = 2024,
	journal      = {arXiv:2404.09932}
}
@article{casper2023open,
	title        = {Open Problems and Fundamental Limitations of Reinforcement Learning From Human Feedback},
	author       = {Casper, Stephen and Davies, Xander and Shi, Claudia and Gilbert, Thomas Krendl and Scheurer, J{\'e}r{\'e}my and Rando, Javier and Freedman, Rachel and Korbak, Tomasz and Lindner, David and Freire, Pedro and others},
	year         = 2023,
	journal      = {arXiv:2307.15217}
}
@article{jobin2019global,
	title        = {The Global Landscape of AI Ethics Guidelines},
	author       = {Jobin, Anna and Ienca, Marcello and Vayena, Effy},
	year         = 2019,
	journal      = {Nature Machine Intelligence},
	publisher    = {Nature Publishing Group UK London},
	volume       = 1,
	number       = 9,
	pages        = {389--399}
}
@article{nussberger2022public,
	title        = {Public attitudes value interpretability but prioritize accuracy in Artificial Intelligence},
	author       = {Nussberger, Anne-Marie and Luo, Lan and Celis, L Elisa and Crockett, Molly J},
	year         = 2022,
	journal      = {Nature Communications},
	publisher    = {Nature Publishing Group UK London},
	volume       = 13,
	number       = 1,
	pages        = 5821
}
@article{zhou2024fairer,
	title        = {Fairer Preferences Elicit Improved Human-Aligned Large Language Model Judgments},
	author       = {Zhou, Han and Wan, Xingchen and Liu, Yinhong and Collier, Nigel and VuliÄ‡, Ivan and Korhonen, Anna},
	year         = 2024,
	journal      = {arXiv preprint arXiv:2406.11370}
}
@inproceedings{wang2023chatgpt,
	title        = {Is {C}hat{GPT} a Good {NLG} Evaluator? A Preliminary Study},
	author       = {Wang, Jiaan  and Liang, Yunlong  and Meng, Fandong  and Sun, Zengkui  and Shi, Haoxiang  and Li, Zhixu  and Xu, Jinan  and Qu, Jianfeng  and Zhou, Jie},
	year         = 2023,
	month        = dec,
	booktitle    = {Proceedings of the 4th New Frontiers in Summarization Workshop},
	publisher    = {Association for Computational Linguistics},
	pages        = {1--11},
	doi          = {10.18653/v1/2023.newsum-1.1},
	url          = {https://aclanthology.org/2023.newsum-1.1},
	editor       = {Dong, Yue  and Xiao, Wen  and Wang, Lu  and Liu, Fei  and Carenini, Giuseppe}
}
@article{liu2024aligning,
	title        = {Aligning with Human Judgement: The Role of Pairwise Preference in Large Language Model Evaluators},
	author       = {Liu, Yinhong and Zhou, Han and Guo, Zhijiang and Shareghi, Ehsan and Vulic, Ivan and Korhonen, Anna and Collier, Nigel},
	year         = 2024,
	journal      = {arXiv:2403.16950}
}
@article{wang2019superglue,
	title        = {Superglue: A Stickier Benchmark for General-Purpose Language Understanding Systems},
	author       = {Wang, Alex and Pruksachatkun, Yada and Nangia, Nikita and Singh, Amanpreet and Michael, Julian and Hill, Felix and Levy, Omer and Bowman, Samuel},
	year         = 2019,
	journal      = {Advances in Neural Information Processing Systems},
	volume       = 32
}
@article{hendrycks2020measuring,
	title        = {Measuring Massive Multitask Language Understanding},
	author       = {Hendrycks, Dan and Burns, Collin and Basart, Steven and Zou, Andy and Mazeika, Mantas and Song, Dawn and Steinhardt, Jacob},
	year         = 2020,
	journal      = {arXiv:2009.03300}
}
@article{rafailov2024direct,
	title        = {Direct Preference Optimization: Your Language Model Is Secretly a Reward Model},
	author       = {Rafailov, Rafael and Sharma, Archit and Mitchell, Eric and Manning, Christopher D. and Ermon, Stefano and Finn, Chelsea},
	year         = 2024,
	journal      = {Advances in Neural Information Processing Systems},
	volume       = 36
}
@article{lambert2024rewardbench,
	title        = {RewardBench: Evaluating Reward Models for Language Modeling},
	author       = {Lambert, Nathan and Pyatkin, Valentina and Morrison, Jacob and Miranda, LJ and Lin, Bill Yuchen and Chandu, Khyathi and Dziri, Nouha and Kumar, Sachin and Zick, Tom and Choi, Yejin and others},
	year         = 2024,
	journal      = {arXiv:2403.13787}
}
@article{klingefjord2024human,
	title        = {What are human values, and how do we align AI to them?},
	author       = {Klingefjord, Oliver and Lowe, Ryan and Edelman, Joe},
	year         = 2024,
	journal      = {arXiv preprint arXiv:2404.10636}
}
@article{ganguli2022red,
	title        = {Red Teaming Language Models To Reduce Harms: Methods, Scaling Behaviors, and Lessons Learned},
	author       = {Ganguli, Deep and Lovitt, Liane and Kernion, Jackson and Askell, Amanda and Bai, Yuntao and Kadavath, Saurav and Mann, Ben and Perez, Ethan and Schiefer, Nicholas and Ndousse, Kamal and others},
	year         = 2022,
	journal      = {arXiv:2209.07858}
}
@article{ganguli2023capacity,
	title        = {The Capacity for Moral Self-Correction in Large Language Models},
	author       = {Ganguli, Deep and Askell, Amanda and Schiefer, Nicholas and Liao, Thomas I and Luko{\v{s}}i{\=u}t{\.e}, Kamil{\.e} and Chen, Anna and Goldie, Anna and Mirhoseini, Azalia and Olsson, Catherine and Hernandez, Danny and others},
	year         = 2023,
	journal      = {arXiv:2302.07459}
}
@article{chen2024iteralign,
	title        = {ITERALIGN: Iterative Constitutional Alignment of Large Language Models},
	author       = {Chen, Xiusi and Wen, Hongzhi and Nag, Sreyashi and Luo, Chen and Yin, Qingyu and Li, Ruirui and Li, Zheng and Wang, Wei},
	year         = 2024,
	journal      = {arXiv:2403.18341}
}
@article{zhou2023instruction,
	title        = {Instruction-Following Evaluation for Large Language Models},
	author       = {Zhou, Jeffrey and Lu, Tianjian and Mishra, Swaroop and Brahma, Siddhartha and Basu, Sujoy and Luan, Yi and Zhou, Denny and Hou, Le},
	year         = 2023,
	journal      = {arXiv:2311.07911}
}
@article{ouyang2022training,
	title        = {Training Language Models To Follow Instructions With Human Feedback},
	author       = {Ouyang, Long and Wu, Jeffrey and Jiang, Xu and Almeida, Diogo and Wainwright, Carroll and Mishkin, Pamela and Zhang, Chong and Agarwal, Sandhini and Slama, Katarina and Ray, Alex and others},
	year         = 2022,
	journal      = {Advances in Neural Information Processing Systems},
	volume       = 35,
	pages        = {27730--27744}
}
@inproceedings{petridis2024constitutionmaker,
	title        = {ConstitutionMaker: Interactively Critiquing Large Language Models by Converting Feedback into Principles},
	author       = {Petridis, Savvas and Wedin, Benjamin D. and Wexler, James and Pushkarna, Mahima and Donsbach, Aaron and Goyal, Nitesh and Cai, Carrie J. and Terry, Michael},
	year         = 2024,
	booktitle    = {Proceedings of the International Conference on Intelligent User Interfaces (IUI)},
	pages        = {853--868}
}
@article{blodgett2020language,
	title        = {Language (Technology) Is Power: A Critical Survey Of ``Bias'' in NLP},
	author       = {Blodgett, Su Lin and Barocas, Solon and Daum{\'e} III, Hal and Wallach, Hanna},
	year         = 2020,
	journal      = {arXiv preprint arXiv:2005.14050}
}
@article{deng2023investigating,
	title        = {Investigating Data Contamination in Modern Benchmarks for Large Language Models},
	author       = {Deng, Chunyuan and Zhao, Yilun and Tang, Xiangru and Gerstein, Mark and Cohan, Arman},
	year         = 2023,
	journal      = {arXiv:2311.09783}
}
@article{parrish2021bbq,
	title        = {BBQ: A Hand-Built Bias Benchmark for Question Answering},
	author       = {Parrish, Alicia and Chen, Angelica and Nangia, Nikita and Padmakumar, Vishakh and Phang, Jason and Thompson, Jana and Htut, Phu Mon and Bowman, Samuel R},
	year         = 2021,
	journal      = {arXiv:2110.08193}
}
@article{sun2023salmon,
	title        = {Salmon: Self-Alignment With Principle-Following Reward Models},
	author       = {Sun, Zhiqing and Shen, Yikang and Zhang, Hongxin and Zhou, Qinhong and Chen, Zhenfang and Cox, David and Yang, Yiming and Gan, Chuang},
	year         = 2023,
	journal      = {arXiv:2310.05910}
}
@article{durmus2023towards,
	title        = {Towards Measuring the Representation of Subjective Global Opinions in Language Models},
	author       = {Durmus, Esin and Nguyen, Karina and Liao, Thomas I and Schiefer, Nicholas and Askell, Amanda and Bakhtin, Anton and Chen, Carol and Hatfield-Dodds, Zac and Hernandez, Danny and Joseph, Nicholas and others},
	year         = 2023,
	journal      = {arXiv:2306.16388}
}
@inproceedings{santurkar2023whose,
	title        = {Whose Opinions Do Language Models Reflect?},
	author       = {Santurkar, Shibani and Durmus, Esin and Ladhak, Faisal and Lee, Cinoo and Liang, Percy and Hashimoto, Tatsunori},
	year         = 2023,
	booktitle    = {International Conference on Machine Learning (ICML)},
	pages        = {29971--30004}
}
@article{bowman2022measuring,
	title        = {Measuring Progress on Scalable Oversight for Large Language Models},
	author       = {Bowman, Samuel R. and Hyun, Jeeyoon and Perez, Ethan and Chen, Edwin and Pettit, Craig and Heiner, Scott and Luko{\v{s}}i{\=u}t{\.e}, Kamil{\.e} and Askell, Amanda and Jones, Andy and Chen, Anna and others},
	year         = 2022,
	journal      = {arXiv:2211.03540}
}
@article{bowman2021will,
	title        = {What Will It Take To Fix Benchmarking in Natural Language Understanding?},
	author       = {Bowman, Samuel R. and Dahl, George E.},
	year         = 2021,
	journal      = {arXiv:2104.02145}
}
@online{ganguli2023challenges,
	title        = {Challenges in Evaluating {AI} Systems},
	author       = {Deep Ganguli and Nicholas Schiefer and Marina Favaro and Jack Clark},
	year         = 2023,
	url          = {https://www.anthropic.com/index/evaluating-ai-systems},
	date         = {2023-10-04}
}
@inproceedings{hong-etal-2024-orpo,
	title        = {{ORPO}: Monolithic Preference Optimization without Reference Model},
	author       = {Hong, Jiwoo  and Lee, Noah  and Thorne, James},
	year         = 2024,
	month        = nov,
	booktitle    = {Proceedings of the 2024 Conference on Empirical Methods in Natural Language Processing},
	publisher    = {Association for Computational Linguistics},
	pages        = {11170--11189},
	doi          = {10.18653/v1/2024.emnlp-main.626},
	url          = {https://aclanthology.org/2024.emnlp-main.626/},
	editor       = {Al-Onaizan, Yaser  and Bansal, Mohit  and Chen, Yun-Nung}
}
@inproceedings{yincharacterizing,
	title        = {Characterizing Truthfulness in Large Language Model Generations with Local Intrinsic Dimension},
	author       = {Yin, Fan and Srinivasa, Jayanth and Chang, Kai-Wei},
	booktitle    = {Forty-first International Conference on Machine Learning}
}
@inproceedings{perez2023discovering,
	title        = {Discovering Language Model Behaviors with Model-Written Evaluations},
	author       = {Perez, Ethan  and Ringer, Sam  and Lukosiute, Kamile  and Nguyen, Karina  and Chen, Edwin  and Heiner, Scott  and others},
	year         = 2023,
	month        = jul,
	booktitle    = {Findings of the Association for Computational Linguistics},
	publisher    = {Association for Computational Linguistics},
	pages        = {13387--13434},
	doi          = {10.18653/v1/2023.findings-acl.847},
	url          = {https://aclanthology.org/2023.findings-acl.847},
	editor       = {Rogers, Anna  and Boyd-Graber, Jordan  and Okazaki, Naoaki}
}
@inproceedings{blodgett2021stereotyping,
	title        = {Stereotyping Norwegian Salmon: An Inventory of Pitfalls in Fairness Benchmark Datasets},
	author       = {Blodgett, Su Lin and Lopez, Gilsinia and Olteanu, Alexandra and Sim, Robert and Wallach, Hanna},
	year         = 2021,
	booktitle    = {Proceedings of the Annual Meeting of the Association for Computational Linguistics and the International Joint Conference on Natural Language Processing},
	pages        = {1004--1015}
}
@article{schwartz1992universals,
	title        = {Universals in the Content and Structure of Values: Theoretical Advances and Empirical Tests in 20 Countries},
	author       = {Schwartz, Shalom H},
	year         = 1992,
	journal      = {Advances in Experimental Social Psychology/Academic Press}
}
@article{gabriel2020artificial,
	title        = {Artificial Intelligence, Values, and Alignment},
	author       = {Gabriel, Iason},
	year         = 2020,
	journal      = {Minds and Machines},
	publisher    = {Springer},
	volume       = 30,
	number       = 3,
	pages        = {411--437}
}
@article{shen2024towards,
	title        = {Towards Bidirectional Human-AI Alignment: A Systematic Review for Clarifications, Framework, and Future Directions},
	author       = {Shen, Hua and Knearem, Tiffany and Ghosh, Reshmi and Alkiek, Kenan and Krishna, Kundan and Liu, Yachuan and Ma, Ziqiao and Petridis, Savvas and Peng, Yi-Hao and Qiwei, Li and others},
	year         = 2024,
	journal      = {arXiv:2406.09264}
}
@inproceedings{conitzer2024social,
	title        = {Social Choice Should Guide AI Alignment in Dealing with Diverse Human Feedback},
	author       = {Conitzer, Vincent and Freedman, Rachel and Heitzig, Jobst and Holliday, Wesley H and Jacobs, Bob M and Lambert, Nathan and Moss{\'e}, Milan and Pacuit, Eric and Russell, Stuart and Schoelkopf, Hailey and others},
	year         = 2024,
	booktitle    = {Proceedings of the International Conference on Machine Learning (ICML)}
}
@article{abiri2024public,
	title        = {Public Constitutional AI},
	author       = {Abiri, Gilad},
	year         = 2024,
	journal      = {arXiv:2406.16696}
}
@article{findeis2024inverse,
	title        = {Inverse Constitutional AI: Compressing Preferences into Principles},
	author       = {Findeis, Arduin and Kaufmann, Timo and H{\"u}llermeier, Eyke and Albanie, Samuel and Mullins, Robert},
	year         = 2024,
	journal      = {arXiv:2406.06560}
}
@article{ega1,
	title        = {Exploratory Graph Analysis: A New Approach for Estimating the Number of Dimensions in Psychological Research},
	author       = {Golino, Hudson F. and Epskamp, Sacha},
	year         = 2017,
	journal      = {PloS one},
	publisher    = {Public Library of Science San Francisco, CA USA},
	volume       = 12,
	number       = 6
}
@article{ega2,
	title        = {Investigating the Performance of Exploratory Graph Analysis and Traditional Techniques To Identify the Number of Latent Factors: A Simulation and Tutorial.},
	author       = {Golino, Hudson and Shi, Dingjing and Christensen, Alexander P. and Garrido, Luis Eduardo and Nieto, Maria Dolores and Sadana, Ritu and Thiyagarajan, Jotheeswaran Amuthavalli and Martinez-Molina, Agustin},
	year         = 2020,
	journal      = {Psychological Methods},
	publisher    = {American Psychological Association},
	volume       = 25,
	number       = 3,
	pages        = 292
}
@article{uva,
	title        = {Unique Variable Analysis: A Network Psychometrics Method to Detect Local Dependence},
	author       = {Alexander P., Christensen, and Luis Eduardo, Garrido, and Hudson, Golino},
	year         = 2023,
	journal      = {Multivariate Behavioral Research},
	publisher    = {Routledge},
	volume       = 58,
	number       = 6,
	pages        = {1165--1182},
	doi          = {10.1080/00273171.2023.2194606}
}
@article{kundu2023specific,
	title        = {Specific Versus General Principles for Constitutional AI},
	author       = {Kundu, Sandipan and Bai, Yuntao and Kadavath, Saurav and Askell, Amanda and Callahan, Andrew and Chen, Anna and Goldie, Anna and Balwit, Avital and Mirhoseini, Azalia and McLean, Brayden and others},
	year         = 2023,
	journal      = {arXiv:2310.13798}
}
@article{schwartz2017refined,
	title        = {The refined theory of basic values},
	author       = {Schwartz, Shalom H},
	year         = 2017,
	journal      = {Values and behavior: Taking a cross cultural perspective},
	publisher    = {Springer},
	pages        = {51--72}
}
@article{schwartz2022measuring,
	title        = {Measuring the Refined Theory of Individual Values in 49 Cultural Groups: Psychometrics of the Revised Portrait Value Questionnaire},
	author       = {Schwartz, Shalom H. and Cieciuch, Jan},
	year         = 2022,
	journal      = {Assessment},
	publisher    = {Sage Publications Sage CA: Los Angeles, CA},
	volume       = 29,
	number       = 5,
	pages        = {1005--1019}
}
@article{hu2024quantifying,
	title        = {Quantifying the Persona Effect in LLM Simulations},
	author       = {Hu, Tiancheng and Collier, Nigel},
	year         = 2024,
	journal      = {arXiv preprint arXiv:2402.10811}
}
@article{GPT4,
	title        = {GPT-4 Technical Report},
	author       = {Achiam, Josh and Adler, Steven and Agarwal, Sandhini and Ahmad, Lama and Akkaya, Ilge and Aleman, Florencia Leoni and Almeida, Diogo and Altenschmidt, Janko and Altman, Sam and Anadkat, Shyamal and others},
	year         = 2023,
	journal      = {arXiv preprint arXiv:2303.08774}
}
@article{ji2023ai,
	title        = {AI Alignment: A Comprehensive Survey},
	author       = {Ji, Jiaming and Qiu, Tianyi and Chen, Boyuan and Zhang, Borong and Lou, Hantao and Wang, Kaile and Duan, Yawen and He, Zhonghao and Zhou, Jiayi and Zhang, Zhaowei and others},
	year         = 2023,
	journal      = {arXiv:2310.19852}
}
@article{deshpande2023toxicity,
	title        = {Toxicity in ChatGPT: Analyzing Persona-Assigned Language Models},
	author       = {Deshpande, Ameet and Murahari, Vishvak and Rajpurohit, Tanmay and Kalyan, Ashwin and Narasimhan, Karthik},
	year         = 2023,
	journal      = {arXiv:2304.05335}
}
@article{shevlane2023model,
	title        = {Model Evaluation for Extreme Risks},
	author       = {Shevlane, Toby and Farquhar, Sebastian and Garfinkel, Ben and Phuong, Mary and Whittlestone, Jess and Leung, Jade and Kokotajlo, Daniel and Marchal, Nahema and Anderljung, Markus and Kolt, Noam and others},
	year         = 2023,
	journal      = {arXiv:2305.15324}
}
@article{li2023privacy,
	title        = {Privacy in Large Language Models: Attacks, Defenses and Future Directions},
	author       = {Li, Haoran and Chen, Yulin and Luo, Jinglong and Kang, Yan and Zhang, Xiaojin and Hu, Qi and Chan, Chunkit and Song, Yangqiu},
	year         = 2023,
	journal      = {arXiv:2310.10383}
}
@article{bridgingsystems,
	title        = {Bridging Systems: Open Problems for Countering Destructive Divisiveness Across Ranking, Recommenders, and Governance},
	author       = {Ovadya, Aviv and Thorburn, Luke},
	year         = 2023,
	journal      = {arXiv:2301.09976}
}
@article{burkner2017brms,
	title        = {brms: An R package for Bayesian multilevel models using Stan},
	author       = {B{\"u}rkner, Paul-Christian},
	year         = 2017,
	journal      = {Journal of statistical software},
	volume       = 80,
	pages        = {1--28}
}
@article{bai2022training,
	title        = {Training a Helpful and Harmless Assistant With Reinforcement Learning From Human Feedback},
	author       = {Bai, Yuntao and Jones, Andy and Ndousse, Kamal and Askell, Amanda and Chen, Anna and DasSarma, Nova and Drain, Dawn and Fort, Stanislav and Ganguli, Deep and Henighan, Tom and others},
	year         = 2022,
	journal      = {arXiv:2204.05862}
}
@article{petrov2024llms,
	title        = {Limited Ability of LLMs to Simulate Human Psychological Behaviours: a Psychometric Analysis},
	author       = {Petrov, Nikolay B and Serapio-GarcÃ­a, Gregory and Rentfrow, Jason},
	year         = 2024,
	journal      = {arXiv preprint arXiv:2405.07248},
	doi          = {10.48550/arXiv.2405.07248}
}
@article{bao2021llms,
	title        = {Conversations Gone Alright: Quantifying and Predicting Prosocial Outcomes in Online Conversations},
	author       = {Bao, Jiajun and Wu, Junjie and Zhang, Yiming and Chandrasekharan, Eshwar and Jurgens, David},
	year         = 2021,
	journal      = {WWW '21: Proceedings of the Web Conference 2021},
	doi          = {10.1145/3442381.3450122}
}
@inproceedings{kour2014real,
	title        = {Real-time segmentation of on-line handwritten arabic script},
	author       = {Kour, George and Saabne, Raid},
	year         = 2014,
	booktitle    = {Frontiers in Handwriting Recognition (ICFHR), 2014 14th International Conference on},
	pages        = {417--422},
	organization = {IEEE}
}
@inproceedings{kour2014fast,
	title        = {Fast classification of handwritten on-line Arabic characters},
	author       = {Kour, George and Saabne, Raid},
	year         = 2014,
	booktitle    = {Soft Computing and Pattern Recognition (SoCPaR), 2014 6th International Conference of},
	pages        = {312--318},
	organization = {IEEE}
}
@article{hadash2018estimate,
	title        = {Estimate and Replace: A Novel Approach to Integrating Deep Neural Networks with Existing Applications},
	author       = {Hadash, Guy and Kermany, Einat and Carmeli, Boaz and Lavi, Ofer and Kour, George and Jacovi, Alon},
	year         = 2018,
	journal      = {arXiv preprint arXiv:1804.09028}
}
@article{hu2024,
	title        = {Generative Language Models Exhibit Social Identity Biases},
	author       = {Hu, Tiancheng and Kyrychenko, Yara and Rathje, Steve and Collier, Nigel and van der Linden, Sander and Roozenbeek, Jon},
      volume = {5},
      ISSN = {2662-8457},
      url = {http://dx.doi.org/10.1038/s43588-024-00741-1},
      DOI = {10.1038/s43588-024-00741-1},
      number = {1},
      journal = {Nature Computational Science},
      publisher = {Springer Science and Business Media LLC},
      author = {Hu,  Tiancheng and Kyrychenko,  Yara and Rathje,  Steve and Collier,  Nigel and van der Linden,  Sander and Roozenbeek,  Jon},
      year = {2024},
      month = dec,
      pages = {65â€“75}
}
@article{kyrychenko2024,
	title        = {Ingroup solidarity drives engagement on social media during intergroup conflict},
	author       = {Kyrychenko, Yara and Brik, Tymofii and van der Linden, Sander and Roozenbeek, Jon},
	year         = 2024,
	journal      = {Nature Communications}
}
@article{prism2024,
	title        = {The PRISM Alignment Project: What Participatory, Representative and Individualised Human Feedback Reveals About the Subjective and Multicultural Alignment of Large Language Models},
	author       = {Rose Kirk, Hannah and Whitefield, Alexander and RÃ¶ttger, Paul and Bean, Andrew and Margatina, Katerina and Ciro, Juan and Mosquera, Rafael and Bartolo, Max and Williams, Adina and He, He and Vigden, Bertie and Hale, Scott A},
	year         = 2024,
	journal      = {arXiv preprints}
}
@article{Abramowitz_Webster_2016,
	title        = {The rise of negative partisanship and the nationalization of U.S. elections in the 21st century},
	author       = {Abramowitz, Alan I. and Webster, Steven},
	year         = 2016,
	month        = {Mar},
	journal      = {Electoral Studies},
	volume       = 41,
	pages        = {12â€“22},
	doi          = {10.1016/j.electstud.2015.11.001},
	issn         = {02613794},
	language     = {en}
}
@article{stefan2019bayes,
	title        = {A tutorial on Bayes Factor Design Analysis using an informed prior},
	author       = {Angelika M. Stefan and Quentin F. Gronau and Felix D. SchÃ¶nbrodt and Eric-Jan Wagenmakers},
	year         = 2019,
	journal      = {Behavior Research Methods},
	volume       = 51,
	number       = 3,
	pages        = {1042--1058},
	doi          = {10.3758/s13428-018-01189-8}
}
@article{avalle2024nature,
	title        = {Persistent interaction patterns across social media platforms and over time},
	author       = {Avalle, Michele and Di Marco, NiccolÃ² and Etta, Gabriele and Sangiorgio, Emanuele and Alipour, Shayan and Bonetti, Anita and Alvisi, Lorenzo and Scala, Antonio and Baronchelli, Andrea and Cinelli, Matteo and Quattrociocchi, Walter},
	year         = 2024,
	journal      = {Nature},
	volume       = 628,
	pages        = {582â€“589},
	doi          = {10.1038/s41586-024-07229-y}
}
@inproceedings{sharma2024towards,
	title        = {Towards Understanding Sycophancy in Language Models},
	author       = {Mrinank Sharma and Meg Tong and Tomasz Korbak and David Duvenaud and Amanda Askell and Samuel R. Bowman and Esin DURMUS and Zac Hatfield-Dodds and Scott R Johnston and Shauna M Kravec and Timothy Maxwell and Sam McCandlish and Kamal Ndousse and Oliver Rausch and Nicholas Schiefer and Da Yan and Miranda Zhang and Ethan Perez},
	year         = 2024,
	booktitle    = {The Twelfth International Conference on Learning Representations},
	url          = {https://openreview.net/forum?id=tvhaxkMKAn}
}
@misc{microsoft,
	title        = {Global Online Safety Survey Results},
	author       = {Microsoft},
	year         = 2024,
	month        = feb,
	journal      = {Microsoft.com},
	url          = {https://www.microsoft.com/en-us/DigitalSafety/research/global-online-safety-survey},
	language     = {en}
}
@misc{statista2024,
	title        = {Number of Artificial Intelligence (AI) Tool Users Globally From 2020 to 2030},
	author       = {Statista},
	year         = 2024,
	month        = feb,
	journal      = {Statista.com},
	url          = {https://www.statista.com/forecasts/1449844/ai-tool-users-worldwide},
	language     = {en}
}
@misc{jigsaw2024,
	title        = {Perspective API},
	author       = {Jigsaw},
	year         = 2024,
	month        = feb,
	journal      = {https://www.perspectiveapi.com/},
	url          = {https://www.perspectiveapi.com/},
	language     = {en}
}
@misc{jigsawbridging,
	title        = {Announcing Experimental Bridging Attributes in Perspective API},
	author       = {Jigsaw},
	year         = 2024,
	month        = apr,
	journal      = {Medium},
	url          = {https://medium.com/jigsaw/announcing-experimental-bridging-attributes-in-perspective-api-578a9d59ac37},
	language     = {en}
}
@article{openchat,
	title        = {OpenChat: Advancing Open-source Language Models with Mixed-Quality Data},
	author       = {Wang, Guan and Cheng, Sijie and Zhan, Xianyuan and Li, Xiangang and Song, Sen and Liu, Yang},
	year         = 2023,
	journal      = {arXiv preprint arXiv:2309.11235}
}
@misc{Milmo_2023,
	title        = {ChatGPT Reaches 100 Million Users Two Months After Launch},
	author       = {Milmo, Dan},
	year         = 2023,
	month        = {Feb},
	journal      = {The Guardian},
	publisher    = {Guardian News and Media},
	url          = {https://www.theguardian.com/technology/2023/feb/02/chatgpt-100-million-users-open-ai-fastest-growing-app}
}
@misc{zhao2024wildchat,
	title        = {WildChat: 1M ChatGPT Interaction Logs in the Wild},
	author       = {Wenting Zhao and Xiang Ren and Jack Hessel and Claire Cardie and Yejin Choi and Yuntian Deng},
	year         = 2024,
	eprint       = {2405.01470},
	archiveprefix = {arXiv},
	primaryclass = {cs.CL}
}
@book{Carroll1964,
	title        = {Language and Thought},
	author       = {Carroll, J. B.},
	year         = 1964,
	publisher    = {Prentice-Hall, Englewood Cliffs, N.J.}
}
@article{viki2006beyond,
	title        = {Beyond secondary emotions: The infrahumanization of outgroups using human--related and animal--related words},
	author       = {Viki, G Tendayi and Winchester, Laura and Titshall, Laura and Chisango, Tadios and Pina, Afroditi and Russell, Rebecca},
	year         = 2006,
	journal      = {Social Cognition},
	publisher    = {Guilford Press},
	volume       = 24,
	number       = 6,
	pages        = {753--775}
}
@inproceedings{ahn-oh-2021-mitigating,
	title        = {Mitigating Language-Dependent Ethnic Bias in {BERT}},
	author       = {Ahn, Jaimeen  and Oh, Alice},
	year         = 2021,
	month        = nov,
	booktitle    = {Proceedings of the 2021 Conference on Empirical Methods in Natural Language Processing},
	publisher    = {Association for Computational Linguistics},
	address      = {Online and Punta Cana, Dominican Republic},
	pages        = {533--549},
	doi          = {10.18653/v1/2021.emnlp-main.42},
	url          = {https://aclanthology.org/2021.emnlp-main.42}
}
@inproceedings{abid2021persistent,
	title        = {Persistent Anti-Muslim Bias in Large Language Models},
	author       = {Abid, Abubakar and Farooqi, Maheen and Zou, James},
	year         = 2021,
	booktitle    = {Proceedings of the AAAI/ACM Conference on AI, Ethics, and Society (AIES)},
	pages        = {298--306}
}
@misc{kaplan2020scaling,
	title        = {Scaling Laws for Neural Language Models},
	author       = {Jared Kaplan and Sam McCandlish and Tom Henighan and Tom B. Brown and Benjamin Chess and Rewon Child and Scott Gray and Alec Radford and Jeffrey Wu and Dario Amodei},
	year         = 2020,
	eprint       = {2001.08361},
	archiveprefix = {arXiv},
	primaryclass = {cs.LG}
}
@inproceedings{jiang-etal-2022-communitylm,
	title        = {{C}ommunity{LM}: Probing Partisan Worldviews from Language Models},
	author       = {Jiang, Hang  and Beeferman, Doug  and Roy, Brandon  and Roy, Deb},
	year         = 2022,
	month        = oct,
	booktitle    = {Proceedings of the 29th International Conference on Computational Linguistics},
	publisher    = {International Committee on Computational Linguistics},
	address      = {Gyeongju, Republic of Korea},
	pages        = {6818--6826},
	url          = {https://aclanthology.org/2022.coling-1.593}
}
@misc{alpaca,
	title        = {Stanford Alpaca: An Instruction-following LLaMA model},
	author       = {Rohan Taori and Ishaan Gulrajani and Tianyi Zhang and Yann Dubois and Xuechen Li and Carlos Guestrin and Percy Liang and Tatsunori B. Hashimoto},
	year         = 2023,
	journal      = {GitHub repository},
	publisher    = {GitHub},
	url          = {https://github.com/tatsu-lab/stanford_alpaca},
	howpublished = {\url{https://github.com/tatsu-lab/stanford_alpaca}},
	type         = {{GitHub} repository}
}
@misc{dolly,
	title        = {Free Dolly: Introducing the World's First Truly Open Instruction-Tuned LLM},
	author       = {Mike Conover and Matt Hayes and Ankit Mathur and Xiangrui Meng and Jianwei Xie and Jun Wan and Sam Shah and Ali Ghodsi and Patrick Wendell and Matei Zaharia and Reynold Xin},
	year         = 2023,
	publisher    = {Databricks},
	howpublished = {\url{https://www.databricks.com/blog/2023/04/12/dolly-first-open-commercially-viable-instruction-tuned-llm}}
}
@misc{chatgpt,
	title        = {Introducing ChatGPT},
	author       = {OpenAI},
	year         = 2022,
	howpublished = {\url{https://openai.com/index/chatgpt/}}
}
@misc{OPT-IML,
	title        = {OPT-IML: Scaling Language Model Instruction Meta Learning through the Lens of Generalization},
	author       = {Srinivasan Iyer and Xi Victoria Lin and Ramakanth Pasunuru and Todor Mihaylov and Daniel Simig and Ping Yu and Kurt Shuster and Tianlu Wang and Qing Liu and Punit Singh Koura and Xian Li and Brian O'Horo and Gabriel Pereyra and Jeff Wang and Christopher Dewan and Asli Celikyilmaz and Luke Zettlemoyer and Ves Stoyanov},
	year         = 2023,
	eprint       = {2212.12017},
	archiveprefix = {arXiv},
	primaryclass = {cs.CL}
}
@misc{BLOOMZ,
	title        = {Crosslingual Generalization through Multitask Finetuning},
	author       = {Niklas Muennighoff and Thomas Wang and Lintang Sutawika and Adam Roberts and Stella Biderman and Teven Le Scao and M Saiful Bari and Sheng Shen and Zheng-Xin Yong and Hailey Schoelkopf and Xiangru Tang and Dragomir Radev and Alham Fikri Aji and Khalid Almubarak and Samuel Albanie and Zaid Alyafeai and Albert Webson and Edward Raff and Colin Raffel},
	year         = 2023,
	eprint       = {2211.01786},
	archiveprefix = {arXiv},
	primaryclass = {cs.CL}
}
@misc{insturction_finetune_bias,
	title        = {Scaling Instruction-Finetuned Language Models},
	author       = {Hyung Won Chung and Le Hou and Shayne Longpre and Barret Zoph and Yi Tay and William Fedus and Yunxuan Li and Xuezhi Wang and Mostafa Dehghani and Siddhartha Brahma and Albert Webson and Shixiang Shane Gu and Zhuyun Dai and Mirac Suzgun and Xinyun Chen and Aakanksha Chowdhery and Alex Castro-Ros and Marie Pellat and Kevin Robinson and Dasha Valter and Sharan Narang and Gaurav Mishra and Adams Yu and Vincent Zhao and Yanping Huang and Andrew Dai and Hongkun Yu and Slav Petrov and Ed H. Chi and Jeff Dean and Jacob Devlin and Adam Roberts and Denny Zhou and Quoc V. Le and Jason Wei},
	year         = 2022,
	eprint       = {2210.11416},
	archiveprefix = {arXiv},
	primaryclass = {cs.LG}
}
@article{rathje_out-group_2021,
	title        = {Out-group animosity drives engagement on social media},
	author       = {Rathje, Steve and Van Bavel, Jay J. and van der Linden, Sander},
	year         = 2021,
	month        = jun,
	journal      = {Proceedings of the National Academy of Sciences},
	volume       = 118,
	number       = 26,
	pages        = {e2024292118},
	doi          = {10.1073/pnas.2024292118},
	issn         = {0027-8424, 1091-6490},
	url          = {https://pnas.org/doi/full/10.1073/pnas.2024292118},
	urldate      = {2022-08-03},
	language     = {en},
	file         = {Rathje et al. - 2021 - Out-group animosity drives engagement on social me.pdf:/Users/yara/Zotero/storage/25GU7EQ2/Rathje et al. - 2021 - Out-group animosity drives engagement on social me.pdf:application/pdf}
}
@article{iyengar_origins_2019,
	title        = {The {Origins} and {Consequences} of {Affective} {Polarization} in the {United} {States}},
	author       = {Iyengar, Shanto and Lelkes, Yphtach and Levendusky, Matthew and Malhotra, Neil and Westwood, Sean J.},
	year         = 2019,
	month        = may,
	journal      = {Annual Review of Political Science},
	volume       = 22,
	number       = 1,
	pages        = {129--146},
	doi          = {10.1146/annurev-polisci-051117-073034},
	issn         = {1094-2939, 1545-1577},
	url          = {https://www.annualreviews.org/doi/10.1146/annurev-polisci-051117-073034},
	urldate      = {2022-11-30},
	language     = {en},
	file         = {Iyengar et al. - 2019 - The Origins and Consequences of Affective Polariza.pdf:/Users/yara/Zotero/storage/LH88CR7J/Iyengar et al. - 2019 - The Origins and Consequences of Affective Polariza.pdf:application/pdf}
}
@book{turner1987,
	title        = {Rediscovering the social group: A self-categorization theory},
	author       = {Turner, John C and Hogg, Michael A and Oakes, Penelope J and Reicher, Stephen D and Wetherell, Margaret S},
	year         = 1987,
	publisher    = {Basil Blackwell},
	address      = {Oxford},
	pages        = {},
	doi          = {}
}
@article{vanderDennen1987,
	title        = {Ethnocentrism and in-group/out-group differentiation: A review and interpretation of the literature},
	author       = {Van der Dennen, Johan MG},
	year         = 1987,
	journal      = {The sociobiology of ethnocentrism},
	publisher    = {University of Georgia Press Georgia, Athens GA},
	pages        = {1--47}
}
@misc{zheng2023lmsyschat1m,
	title        = {LMSYS-Chat-1M: A Large-Scale Real-World LLM Conversation Dataset},
	author       = {Lianmin Zheng and Wei-Lin Chiang and Ying Sheng and Tianle Li and Siyuan Zhuang and Zhanghao Wu and Yonghao Zhuang and Zhuohan Li and Zi Lin and Eric. P Xing and Joseph E. Gonzalez and Ion Stoica and Hao Zhang},
	year         = 2023,
	eprint       = {2309.11998},
	archiveprefix = {arXiv}
}
@article{nolan_normative_2008,
	title        = {Normative {Social} {Influence} is {Underdetected}},
	author       = {Nolan, Jessica M. and Schultz, P. Wesley and Cialdini, Robert B. and Goldstein, Noah J. and Griskevicius, Vladas},
	year         = 2008,
	month        = jul,
	journal      = {Personality and Social Psychology Bulletin},
	volume       = 34,
	number       = 7,
	pages        = {913--923},
	doi          = {10.1177/0146167208316691},
	issn         = {0146-1672},
	url          = {https://doi.org/10.1177/0146167208316691},
	urldate      = {2023-08-28},
	language     = {en}
}
@book{sherif_psychology_1936,
	title        = {The psychology of social norms},
	author       = {Sherif, M.},
	year         = 1936,
	publisher    = {Harper},
	address      = {Oxford, England},
	series       = {The Psychology of Social Norms}
}
@article{garg_word_2018,
	title        = {Word embeddings quantify 100 years of gender and ethnic stereotypes},
	author       = {Garg, Nikhil and Schiebinger, Londa and Jurafsky, Dan and Zou, James},
	year         = 2018,
	month        = apr,
	journal      = {Proceedings of the National Academy of Sciences},
	volume       = 115,
	number       = 16,
	pages        = {E3635--E3644},
	doi          = {10.1073/pnas.1720347115},
	url          = {https://www.pnas.org/doi/10.1073/pnas.1720347115},
	urldate      = {2023-10-11}
}
@inproceedings{holtzman_curious_2020,
	title        = {The {Curious} {Case} of {Neural} {Text} {Degeneration}},
	author       = {Holtzman, Ari and Buys, Jan and Du, Li and Forbes, Maxwell and Choi, Yejin},
	year         = 2020,
	booktitle    = {International {Conference} on {Learning} {Representations}},
	url          = {https://openreview.net/forum?id=rygGQyrFvH}
}
@misc{Jurassic-2,
	title        = {Announcing {Jurassic}-2 and {Task}-{Specific} {APIs}},
	author       = {AI21studio},
	year         = 2023,
	month        = mar,
	journal      = {AI21studio},
	url          = {https://www.ai21.com/blog/introducing-j2},
	urldate      = {2023-08-29}
}
@inproceedings{park_generative_2023,
	title        = {Generative {Agents}: {Interactive} {Simulacra} of {Human} {Behavior}},
	author       = {Park, Joon Sung and O'Brien, Joseph C. and Cai, Carrie J. and Morris, Meredith Ringel and Liang, Percy and Bernstein, Michael S.},
	year         = 2023,
	booktitle    = {In the 36th {Annual} {ACM} {Symposium} on {User} {Interface} {Software} and {Technology} ({UIST} '23)},
	publisher    = {Association for Computing Machinery},
	address      = {New York, NY, USA},
	series       = {{UIST} '23},
	keywords     = {Human-AI interaction, agents, generative AI, large language models}
}
@inproceedings{wolf_transformers_2020,
	title        = {Transformers: {State}-of-the-{Art} {Natural} {Language} {Processing}},
	author       = {Wolf, Thomas and Debut, Lysandre and Sanh, Victor and Chaumond, Julien and Delangue, Clement and Moi, Anthony and Cistac, Pierric and Rault, Tim and Louf, Remi and Funtowicz, Morgan and Davison, Joe and Shleifer, Sam and von Platen, Patrick and Ma, Clara and Jernite, Yacine and Plu, Julien and Xu, Canwen and Le Scao, Teven and Gugger, Sylvain and Drame, Mariama and Lhoest, Quentin and Rush, Alexander},
	year         = 2020,
	month        = oct,
	booktitle    = {Proceedings of the 2020 {Conference} on {Empirical} {Methods} in {Natural} {Language} {Processing}: {System} {Demonstrations}},
	publisher    = {Association for Computational Linguistics},
	address      = {Online},
	pages        = {38--45},
	doi          = {10.18653/v1/2020.emnlp-demos.6},
	url          = {https://aclanthology.org/2020.emnlp-demos.6}
}
@article{webb_emergent_2023,
	title        = {Emergent analogical reasoning in large language models},
	author       = {Webb, Taylor and Holyoak, Keith J. and Lu, Hongjing},
	year         = 2023,
	month        = jul,
	journal      = {Nature Human Behaviour},
	pages        = {1--16},
	doi          = {10.1038/s41562-023-01659-w},
	issn         = {2397-3374},
	url          = {https://www.nature.com/articles/s41562-023-01659-w},
	urldate      = {2023-08-24},
	language     = {en},
	keywords     = {Computer science, Human behaviour}
}
@article{caliskan_semantics_2017,
	title        = {Semantics derived automatically from language corpora contain human-like biases},
	author       = {Caliskan, Aylin and Bryson, Joanna J. and Narayanan, Arvind},
	year         = 2017,
	month        = apr,
	journal      = {Science},
	volume       = 356,
	number       = 6334,
	pages        = {183--186},
	doi          = {10.1126/science.aal4230},
	url          = {https://www.science.org/doi/full/10.1126/science.aal4230},
	urldate      = {2023-08-28}
}
@article{iyengar_affect_2012,
	title        = {Affect, {Not} {Ideology}: {A} {Social} {Identity} {Perspective} on {Polarization}},
	shorttitle   = {Affect, {Not} {Ideology}},
	author       = {Iyengar, Shanto and Sood, Gaurav and Lelkes, Yphtach},
	year         = 2012,
	month        = sep,
	journal      = {The Public Opinion Quarterly},
	volume       = 76,
	number       = 3,
	pages        = {405--431},
	doi          = {10.1093/poq/nfs038},
	issn         = {0033-362X},
	url          = {https://www.jstor.org/stable/41684577},
	urldate      = {2023-06-20}
}
@inproceedings{jentzsch_chatgpt_2023,
	title        = {{ChatGPT} is fun, but it is not funny! {Humor} is still challenging {Large} {Language} {Models}},
	author       = {Jentzsch, Sophie and Kersting, Kristian},
	year         = 2023,
	month        = jul,
	booktitle    = {Proceedings of the 13th {Workshop} on {Computational} {Approaches} to {Subjectivity}, {Sentiment}, \& {Social} {Media} {Analysis}},
	publisher    = {Association for Computational Linguistics},
	address      = {Toronto, Canada},
	pages        = {325--340},
	doi          = {10.18653/v1/2023.wassa-1.29},
	url          = {https://aclanthology.org/2023.wassa-1.29}
}
@article{bhatia_predicting_2023,
	title        = {Predicting implicit attitudes with natural language data},
	author       = {Bhatia, Sudeep and Walasek, Lukasz},
	year         = 2023,
	month        = jun,
	journal      = {Proceedings of the National Academy of Sciences},
	volume       = 120,
	number       = 25,
	pages        = {e2220726120},
	doi          = {10.1073/pnas.2220726120},
	url          = {https://www.pnas.org/doi/10.1073/pnas.2220726120},
	urldate      = {2023-08-24}
}
@inproceedings{bordia_identifying_2019,
	title        = {Identifying and Reducing Gender Bias in Word-Level Language Models},
	author       = {Bordia, Shikha and Bowman, Samuel R.},
	year         = 2019,
	month        = jun,
	booktitle    = {Proceedings of the {Conference} of the {North} {American} {Chapter} of the {Association} for {Computational} {Linguistics}: {Student} {Research} {Workshop}},
	publisher    = {Association for Computational Linguistics},
	address      = {Minneapolis, Minnesota},
	pages        = {7--15},
	doi          = {10.18653/v1/N19-3002},
	url          = {https://aclanthology.org/N19-3002},
	urldate      = {2023-10-11}
}
@book{hogg_social_1988,
	title        = {Social {Identifications}: {A} {Social} {Psychology} of {Intergroup} {Relations} and {Group} {Processes}},
	author       = {Hogg, Michael A. and Abrams, Dominic},
	year         = 1988,
	month        = jan,
	isbn         = {10.2307/2073535},
	keywords     = {conflict, social identity}
}
@misc{openwebtext,
	title        = {{OpenWebText} {Corpus}},
	author       = {Gokaslan, Aaron and Cohen, Vanya},
	year         = 2019,
	url          = {http://Skylion007.github.io/OpenWebTextCorpus}
}
@inproceedings{dettmers_gpt3int8_2022,
	title        = {{GPT3}.int8(): 8-bit {Matrix} {Multiplication} for {Transformers} at {Scale}},
	author       = {Dettmers, Tim and Lewis, Mike and Belkada, Younes and Zettlemoyer, Luke},
	year         = 2022,
	booktitle    = {Advances in {Neural} {Information} {Processing} {Systems}},
	publisher    = {Curran Associates, Inc.},
	volume       = 35,
	pages        = {30318--30332},
	url          = {https://proceedings.neurips.cc/paper_files/paper/2022/file/c3ba4962c05c49636d4c6206a97e9c8a-Paper-Conference.pdf},
	editor       = {Koyejo, S. and Mohamed, S. and Agarwal, A. and Belgrave, D. and Cho, K. and Oh, A.}
}
@inproceedings{bolukbasi_man_2016,
	title        = {Man is to {Computer} {Programmer} as {Woman} is to {Homemaker}? {Debiasing} {Word} {Embeddings}},
	shorttitle   = {Man is to {Computer} {Programmer} as {Woman} is to {Homemaker}?},
	author       = {Bolukbasi, Tolga and Chang, Kai-Wei and Zou, James Y and Saligrama, Venkatesh and Kalai, Adam T},
	year         = 2016,
	booktitle    = {Advances in {Neural} {Information} {Processing} {Systems}},
	publisher    = {Curran Associates, Inc.},
	volume       = 29,
	url          = {https://proceedings.neurips.cc/paper_files/paper/2016/hash/a486cd07e4ac3d270571622f4f316ec5-Abstract.html},
	urldate      = {2023-10-11}
}
@article{vlasceanu_propagation_2022,
	title        = {Propagation of societal gender inequality by internet search algorithms},
	author       = {Vlasceanu, Madalina and Amodio, David M.},
	year         = 2022,
	month        = jul,
	journal      = {Proceedings of the National Academy of Sciences},
	volume       = 119,
	number       = 29,
	pages        = {e2204529119},
	doi          = {10.1073/pnas.2204529119},
	issn         = {0027-8424, 1091-6490},
	url          = {https://pnas.org/doi/full/10.1073/pnas.2204529119},
	urldate      = {2023-10-11},
	language     = {en}
}
@article{kidd_how_2023,
	title        = {How {AI} can distort human beliefs},
	author       = {Kidd, Celeste and Birhane, Abeba},
	year         = 2023,
	month        = jun,
	journal      = {Science},
	volume       = 380,
	number       = 6651,
	pages        = {1222--1223},
	doi          = {10.1126/science.adi0248},
	issn         = {0036-8075, 1095-9203},
	url          = {https://www.science.org/doi/10.1126/science.adi0248},
	urldate      = {2023-10-10},
	language     = {en}
}
@article{over_becoming_2018,
	title        = {Becoming us and them: {Social} learning and intergroup bias},
	shorttitle   = {Becoming us and them},
	author       = {Over, Harriet and McCall, Cade},
	year         = 2018,
	month        = apr,
	journal      = {Social and Personality Psychology Compass},
	volume       = 12,
	number       = 4,
	pages        = {e12384},
	doi          = {10.1111/spc3.12384},
	issn         = 17519004,
	url          = {https://onlinelibrary.wiley.com/doi/10.1111/spc3.12384},
	urldate      = {2023-09-13},
	language     = {en}
}
@article{maass_language_1989,
	title        = {Language use in intergroup contexts: the linguistic intergroup bias},
	shorttitle   = {Language use in intergroup contexts},
	author       = {Maass, A. and Salvi, D. and Arcuri, L. and Semin, G.},
	year         = 1989,
	month        = dec,
	journal      = {Journal of Personality and Social Psychology},
	volume       = 57,
	number       = 6,
	pages        = {981--993},
	doi          = {10.1037//0022-3514.57.6.981},
	issn         = {0022-3514},
	language     = {eng},
	pmid         = 2614663,
	keywords     = {Aggression, Group Processes, Humans, Italy, Language, Psycholinguistics, Semantics, Social Behavior, Social Desirability, Stereotyping, Verbal Behavior}
}
@inproceedings{akyurek_measuring_2022,
	title        = {On {Measuring} {Social} {Biases} in {Prompt}-{Based} {Multi}-{Task} {Learning}},
	author       = {AkyÃ¼rek, Afra Feyza and Paik, Sejin and Kocyigit, Muhammed and Akbiyik, Seda and Runyun, Serife Leman and Wijaya, Derry},
	year         = 2022,
	month        = jul,
	booktitle    = {Findings of the {Association} for {Computational} {Linguistics}: {NAACL} 2022},
	publisher    = {Association for Computational Linguistics},
	address      = {Seattle, United States},
	pages        = {551--564},
	doi          = {10.18653/v1/2022.findings-naacl.42},
	url          = {https://aclanthology.org/2022.findings-naacl.42},
	urldate      = {2023-08-30}
}
@misc{rlhf,
	title        = {Training a Helpful and Harmless Assistant with Reinforcement Learning from Human Feedback},
	author       = {Yuntao Bai and Andy Jones and Kamal Ndousse and Amanda Askell and Anna Chen and Nova DasSarma and Dawn Drain and Stanislav Fort and Deep Ganguli and Tom Henighan and Nicholas Joseph and Saurav Kadavath and Jackson Kernion and Tom Conerly and Sheer El-Showk and Nelson Elhage and Zac Hatfield-Dodds and Danny Hernandez and Tristan Hume and Scott Johnston and Shauna Kravec and Liane Lovitt and Neel Nanda and Catherine Olsson and Dario Amodei and Tom Brown and Jack Clark and Sam McCandlish and Chris Olah and Ben Mann and Jared Kaplan},
	year         = 2022,
	eprint       = {2204.05862},
	archiveprefix = {arXiv},
	primaryclass = {cs.CL}
}
@misc{thepile,
	title        = {The Pile: An 800GB Dataset of Diverse Text for Language Modeling},
	author       = {Leo Gao and Stella Biderman and Sid Black and Laurence Golding and Travis Hoppe and Charles Foster and Jason Phang and Horace He and Anish Thite and Noa Nabeshima and Shawn Presser and Connor Leahy},
	year         = 2020,
	eprint       = {2101.00027},
	archiveprefix = {arXiv},
	primaryclass = {cs.CL}
}
@misc{olm,
	title        = {Online {Language} {Modelling} {Data} {Pipeline}},
	author       = {Thrush, Tristan and Ngo, Helen and Lambert, Nathan and Kiela, Douwe},
	year         = 2022,
	url          = {https://github.com/huggingface/olm-datasets}
}
@inproceedings{pythia,
	title        = {Pythia: {A} {Suite} for {Analyzing} {Large} {Language} {Models} {Across} {Training} and {Scaling}},
	author       = {Biderman, Stella and Schoelkopf, Hailey and Anthony, Quentin Gregory and Bradley, Herbie and O'Brien, Kyle and Hallahan, Eric and Khan, Mohammad Aflah and Purohit, Shivanshu and Prashanth, USVSN Sai and Raff, Edward and Skowron, Aviya and Sutawika, Lintang and Wal, Oskar van der},
	year         = 2023,
	booktitle    = {International {Conference} on {Machine} {Learning}, {ICML} 2023, 23-29 {July} 2023, {Honolulu}, {Hawaii}, {USA}},
	publisher    = {PMLR},
	series       = {Proceedings of {Machine} {Learning} {Research}},
	volume       = 202,
	pages        = {2397--2430},
	url          = {https://proceedings.mlr.press/v202/biderman23a.html},
	editor       = {Krause, Andreas and Brunskill, Emma and Cho, Kyunghyun and Engelhardt, Barbara and Sabato, Sivan and Scarlett, Jonathan}
}
@inproceedings{GPT3,
	title        = {Language {Models} are {Few}-{Shot} {Learners}},
	author       = {Brown, Tom B. and Mann, Benjamin and Ryder, Nick and Subbiah, Melanie and Kaplan, Jared and Dhariwal, Prafulla and Neelakantan, Arvind and Shyam, Pranav and Sastry, Girish and Askell, Amanda and Agarwal, Sandhini and Herbert-Voss, Ariel and Krueger, Gretchen and Henighan, Tom and Child, Rewon and Ramesh, Aditya and Ziegler, Daniel M. and Wu, Jeffrey and Winter, Clemens and Hesse, Christopher and Chen, Mark and Sigler, Eric and Litwin, Mateusz and Gray, Scott and Chess, Benjamin and Clark, Jack and Berner, Christopher and McCandlish, Sam and Radford, Alec and Sutskever, Ilya and Amodei, Dario},
	year         = 2020,
	booktitle    = {Advances in {Neural} {Information} {Processing} {Systems} 33: {Annual} {Conference} on {Neural} {Information} {Processing} {Systems} 2020, {NeurIPS} 2020, {December} 6-12, 2020, virtual},
	url          = {https://proceedings.neurips.cc/paper/2020/hash/1457c0d6bfcb4967418bfb8ac142f64a-Abstract.html},
	urldate      = {2023-08-29},
	editor       = {Larochelle, Hugo and Ranzato, Marc'Aurelio and Hadsell, Raia and Balcan, Maria-Florina and Lin, Hsuan-Tien}
}
@misc{GPT2,
	title        = {Language models are unsupervised multitask learners},
	author       = {Radford, Alec and Wu, Jeff and Child, Rewon and Luan, David and Amodei, Dario and Sutskever, Ilya},
	year         = 2019,
	journal      = {OpenAI blog},
	url          = {https://openai.com/research/better-language-models}
}
@misc{llama,
	title        = {LLaMA: Open and Efficient Foundation Language Models},
	shorttitle   = {{LLaMA}},
	author       = {Hugo Touvron and Thibaut Lavril and Gautier Izacard and Xavier Martinet and Marie-Anne Lachaux and TimothÃ©e Lacroix and Baptiste RoziÃ¨re and Naman Goyal and Eric Hambro and Faisal Azhar and Aurelien Rodriguez and Armand Joulin and Edouard Grave and Guillaume Lample},
	year         = 2023,
	month        = feb,
	publisher    = {arXiv},
	url          = {http://arxiv.org/abs/2302.13971},
	urldate      = {2023-06-13},
	note         = {arXiv:2302.13971 [cs]},
	eprint       = {2302.13971},
	archiveprefix = {arXiv},
	keywords     = {Computer Science - Computation and Language}
}
@misc{cerebras,
	title        = {Cerebras-GPT: Open Compute-Optimal Language Models Trained on the Cerebras Wafer-Scale Cluster},
	shorttitle   = {Cerebras-{GPT}},
	author       = {Nolan Dey and Gurpreet Gosal and Zhiming and Chen and Hemant Khachane and William Marshall and Ribhu Pathria and Marvin Tom and Joel Hestness},
	year         = 2023,
	month        = apr,
	publisher    = {arXiv},
	url          = {http://arxiv.org/abs/2304.03208},
	urldate      = {2023-06-13},
	note         = {arXiv:2304.03208 [cs]},
	eprint       = {2304.03208},
	archiveprefix = {arXiv},
}
@misc{OPT,
	title        = {OPT: Open Pre-trained Transformer Language Models},
	shorttitle   = {{OPT}},
	author       = {Susan Zhang and Stephen Roller and Naman Goyal and Mikel Artetxe and Moya Chen and Shuohui Chen and Christopher Dewan and Mona Diab and Xian Li and Xi Victoria Lin and Todor Mihaylov and Myle Ott and Sam Shleifer and Kurt Shuster and Daniel Simig and Punit Singh Koura and Anjali Sridhar and Tianlu Wang and Luke Zettlemoyer},
	year         = 2022,
	month        = jun,
	publisher    = {arXiv},
	url          = {http://arxiv.org/abs/2205.01068},
	urldate      = {2023-06-13},
	note         = {arXiv:2205.01068 [cs]},
	eprint       = {2205.01068},
	archiveprefix = {arXiv},
	primaryclass = {cs.CL}
}
@misc{BLOOM,
	title        = {BLOOM: A 176B-Parameter Open-Access Multilingual Language Model},
	shorttitle   = {{BLOOM}},
	author       = {BigScience Workshop and : and Teven Le Scao and Angela Fan and Christopher Akiki and Ellie Pavlick and Suzana IliÄ‡ and Daniel Hesslow and Roman CastagnÃ© and Alexandra Sasha Luccioni and FranÃ§ois Yvon and Matthias GallÃ© and Jonathan Tow and Alexander M. Rush and Stella Biderman and Albert Webson and Pawan Sasanka Ammanamanchi and Thomas Wang and BenoÃ®t Sagot and Niklas Muennighoff and Albert Villanova del Moral and Olatunji Ruwase and Rachel Bawden and Stas Bekman and Angelina McMillan-Major and Iz Beltagy and Huu Nguyen and Lucile Saulnier and Samson Tan and Pedro Ortiz Suarez and Victor Sanh and Hugo LaurenÃ§on and Yacine Jernite and Julien Launay and Margaret Mitchell and Colin Raffel and Aaron Gokaslan and Adi Simhi and Aitor Soroa and Alham Fikri Aji and Amit Alfassy and Anna Rogers and Ariel Kreisberg Nitzav and Canwen Xu and Chenghao Mou and Chris Emezue and Christopher Klamm and Colin Leong and Daniel van Strien and David Ifeoluwa Adelani and Dragomir Radev and Eduardo GonzÃ¡lez Ponferrada and Efrat Levkovizh and Ethan Kim and Eyal Bar Natan and Francesco De Toni and GÃ©rard Dupont and GermÃ¡n Kruszewski and Giada Pistilli and Hady Elsahar and Hamza Benyamina and Hieu Tran and Ian Yu and Idris Abdulmumin and Isaac Johnson and Itziar Gonzalez-Dios and Javier de la Rosa and Jenny Chim and Jesse Dodge and Jian Zhu and Jonathan Chang and JÃ¶rg Frohberg and Joseph Tobing and Joydeep Bhattacharjee and Khalid Almubarak and Kimbo Chen and Kyle Lo and Leandro Von Werra and Leon Weber and Long Phan and Loubna Ben allal and Ludovic Tanguy and Manan Dey and Manuel Romero MuÃ±oz and Maraim Masoud and MarÃ­a Grandury and Mario Å aÅ¡ko and Max Huang and Maximin Coavoux and Mayank Singh and Mike Tian-Jian Jiang and Minh Chien Vu and Mohammad A. Jauhar and Mustafa Ghaleb and Nishant Subramani and Nora Kassner and Nurulaqilla Khamis and Olivier Nguyen and Omar Espejel and Ona de Gibert and Paulo Villegas and Peter Henderson and Pierre Colombo and Priscilla Amuok and Quentin Lhoest and Rheza Harliman and Rishi Bommasani and Roberto Luis LÃ³pez and Rui Ribeiro and Salomey Osei and Sampo Pyysalo and Sebastian Nagel and Shamik Bose and Shamsuddeen Hassan Muhammad and Shanya Sharma and Shayne Longpre and Somaieh Nikpoor and Stanislav Silberberg and Suhas Pai and Sydney Zink and Tiago Timponi Torrent and Timo Schick and Tristan Thrush and Valentin Danchev and Vassilina Nikoulina and Veronika Laippala and Violette Lepercq and Vrinda Prabhu and Zaid Alyafeai and Zeerak Talat and Arun Raja and Benjamin Heinzerling and Chenglei Si and Davut Emre TaÅŸar and Elizabeth Salesky and Sabrina J. Mielke and Wilson Y. Lee and Abheesht Sharma and Andrea Santilli and Antoine Chaffin and Arnaud Stiegler and Debajyoti Datta and Eliza Szczechla and Gunjan Chhablani and Han Wang and Harshit Pandey and Hendrik Strobelt and Jason Alan Fries and Jos Rozen and Leo Gao and Lintang Sutawika and M Saiful Bari and Maged S. Al-shaibani and Matteo Manica and Nihal Nayak and Ryan Teehan and Samuel Albanie and Sheng Shen and Srulik Ben-David and Stephen H. Bach and Taewoon Kim and Tali Bers and Thibault Fevry and Trishala Neeraj and Urmish Thakker and Vikas Raunak and Xiangru Tang and Zheng-Xin Yong and Zhiqing Sun and Shaked Brody and Yallow Uri and Hadar Tojarieh and Adam Roberts and Hyung Won Chung and Jaesung Tae and Jason Phang and Ofir Press and Conglong Li and Deepak Narayanan and Hatim Bourfoune and Jared Casper and Jeff Rasley and Max Ryabinin and Mayank Mishra and Minjia Zhang and Mohammad Shoeybi and Myriam Peyrounette and Nicolas Patry and Nouamane Tazi and Omar Sanseviero and Patrick von Platen and Pierre Cornette and Pierre FranÃ§ois LavallÃ©e and RÃ©mi Lacroix and Samyam Rajbhandari and Sanchit Gandhi and Shaden Smith and StÃ©phane Requena and Suraj Patil and Tim Dettmers and Ahmed Baruwa and Amanpreet Singh and Anastasia Cheveleva and Anne-Laure Ligozat and Arjun Subramonian and AurÃ©lie NÃ©vÃ©ol and Charles Lovering and Dan Garrette and Deepak Tunuguntla and Ehud Reiter and Ekaterina Taktasheva and Ekaterina Voloshina and Eli Bogdanov and Genta Indra Winata and Hailey Schoelkopf and Jan-Christoph Kalo and Jekaterina Novikova and Jessica Zosa Forde and Jordan Clive and Jungo Kasai and Ken Kawamura and Liam Hazan and Marine Carpuat and Miruna Clinciu and Najoung Kim and Newton Cheng and Oleg Serikov and Omer Antverg and Oskar van der Wal and Rui Zhang and Ruochen Zhang and Sebastian Gehrmann and Shachar Mirkin and Shani Pais and Tatiana Shavrina and Thomas Scialom and Tian Yun and Tomasz Limisiewicz and Verena Rieser and Vitaly Protasov and Vladislav Mikhailov and Yada Pruksachatkun and Yonatan Belinkov and Zachary Bamberger and ZdenÄ›k Kasner and Alice Rueda and Amanda Pestana and Amir Feizpour and Ammar Khan and Amy Faranak and Ana Santos and Anthony Hevia and Antigona Unldreaj and Arash Aghagol and Arezoo Abdollahi and Aycha Tammour and Azadeh HajiHosseini and Bahareh Behroozi and Benjamin Ajibade and Bharat Saxena and Carlos MuÃ±oz Ferrandis and Daniel McDuff and Danish Contractor and David Lansky and Davis David and Douwe Kiela and Duong A. Nguyen and Edward Tan and Emi Baylor and Ezinwanne Ozoani and Fatima Mirza and Frankline Ononiwu and Habib Rezanejad and Hessie Jones and Indrani Bhattacharya and Irene Solaiman and Irina Sedenko and Isar Nejadgholi and Jesse Passmore and Josh Seltzer and Julio Bonis Sanz and Livia Dutra and Mairon Samagaio and Maraim Elbadri and Margot Mieskes and Marissa Gerchick and Martha Akinlolu and Michael McKenna and Mike Qiu and Muhammed Ghauri and Mykola Burynok and Nafis Abrar and Nazneen Rajani and Nour Elkott and Nour Fahmy and Olanrewaju Samuel and Ran An and Rasmus Kromann and Ryan Hao and Samira Alizadeh and Sarmad Shubber and Silas Wang and Sourav Roy and Sylvain Viguier and Thanh Le and Tobi Oyebade and Trieu Le and Yoyo Yang and Zach Nguyen and Abhinav Ramesh Kashyap and Alfredo Palasciano and Alison Callahan and Anima Shukla and Antonio Miranda-Escalada and Ayush Singh and Benjamin Beilharz and Bo Wang and Caio Brito and Chenxi Zhou and Chirag Jain and Chuxin Xu and ClÃ©mentine Fourrier and Daniel LeÃ³n PeriÃ±Ã¡n and Daniel Molano and Dian Yu and Enrique Manjavacas and Fabio Barth and Florian Fuhrimann and Gabriel Altay and Giyaseddin Bayrak and Gully Burns and Helena U. Vrabec and Imane Bello and Ishani Dash and Jihyun Kang and John Giorgi and Jonas Golde and Jose David Posada and Karthik Rangasai Sivaraman and Lokesh Bulchandani and Lu Liu and Luisa Shinzato and Madeleine Hahn de Bykhovetz and Maiko Takeuchi and Marc PÃ mies and Maria A Castillo and Marianna Nezhurina and Mario SÃ¤nger and Matthias Samwald and Michael Cullan and Michael Weinberg and Michiel De Wolf and Mina Mihaljcic and Minna Liu and Moritz Freidank and Myungsun Kang and Natasha Seelam and Nathan Dahlberg and Nicholas Michio Broad and Nikolaus Muellner and Pascale Fung and Patrick Haller and Ramya Chandrasekhar and Renata Eisenberg and Robert Martin and Rodrigo Canalli and Rosaline Su and Ruisi Su and Samuel Cahyawijaya and Samuele Garda and Shlok S Deshmukh and Shubhanshu Mishra and Sid Kiblawi and Simon Ott and Sinee Sang-aroonsiri and Srishti Kumar and Stefan Schweter and Sushil Bharati and Tanmay Laud and ThÃ©o Gigant and Tomoya Kainuma and Wojciech Kusa and Yanis Labrak and Yash Shailesh Bajaj and Yash Venkatraman and Yifan Xu and Yingxin Xu and Yu Xu and Zhe Tan and Zhongli Xie and Zifan Ye and Mathilde Bras and Younes Belkada and Thomas Wolf},
	year         = 2023,
	month        = mar,
	publisher    = {arXiv},
	url          = {http://arxiv.org/abs/2211.05100},
	urldate      = {2023-06-13},
	note         = {arXiv:2211.05100 [cs]},
	eprint       = {2211.05100},
	archiveprefix = {arXiv},
	keywords     = {Computer Science - Computation and Language}
}
@misc{llama2,
	title        = {Llama 2: Open Foundation and Fine-Tuned Chat Models},
	shorttitle   = {Llama 2},
	author       = {Hugo Touvron and Louis Martin and Kevin Stone and Peter Albert and Amjad Almahairi and Yasmine Babaei and Nikolay Bashlykov and Soumya Batra and Prajjwal Bhargava and Shruti Bhosale and Dan Bikel and Lukas Blecher and Cristian Canton Ferrer and Moya Chen and Guillem Cucurull and David Esiobu and Jude Fernandes and Jeremy Fu and Wenyin Fu and Brian Fuller and Cynthia Gao and Vedanuj Goswami and Naman Goyal and Anthony Hartshorn and Saghar Hosseini and Rui Hou and Hakan Inan and Marcin Kardas and Viktor Kerkez and Madian Khabsa and Isabel Kloumann and Artem Korenev and Punit Singh Koura and Marie-Anne Lachaux and Thibaut Lavril and Jenya Lee and Diana Liskovich and Yinghai Lu and Yuning Mao and Xavier Martinet and Todor Mihaylov and Pushkar Mishra and Igor Molybog and Yixin Nie and Andrew Poulton and Jeremy Reizenstein and Rashi Rungta and Kalyan Saladi and Alan Schelten and Ruan Silva and Eric Michael Smith and Ranjan Subramanian and Xiaoqing Ellen Tan and Binh Tang and Ross Taylor and Adina Williams and Jian Xiang Kuan and Puxin Xu and Zheng Yan and Iliyan Zarov and Yuchen Zhang and Angela Fan and Melanie Kambadur and Sharan Narang and Aurelien Rodriguez and Robert Stojnic and Sergey Edunov and Thomas Scialom},
	year         = 2023,
	month        = jul,
	publisher    = {arXiv},
	url          = {http://arxiv.org/abs/2307.09288},
	urldate      = {2023-08-05},
	note         = {arXiv:2307.09288 [cs]},
	eprint       = {2307.09288},
	archiveprefix = {arXiv}
}
@misc{PaLM2,
	title        = {PaLM 2 Technical Report},
	author       = {Rohan Anil and Andrew M. Dai and Orhan Firat and Melvin Johnson and Dmitry Lepikhin and Alexandre Passos and Siamak Shakeri and Emanuel Taropa and Paige Bailey and Zhifeng Chen and Eric Chu and Jonathan H. Clark and Laurent El Shafey and Yanping Huang and Kathy Meier-Hellstern and Gaurav Mishra and Erica Moreira and Mark Omernick and Kevin Robinson and Sebastian Ruder and Yi Tay and Kefan Xiao and Yuanzhong Xu and Yujing Zhang and Gustavo Hernandez Abrego and Junwhan Ahn and Jacob Austin and Paul Barham and Jan Botha and James Bradbury and Siddhartha Brahma and Kevin Brooks and Michele Catasta and Yong Cheng and Colin Cherry and Christopher A. Choquette-Choo and Aakanksha Chowdhery and ClÃ©ment Crepy and Shachi Dave and Mostafa Dehghani and Sunipa Dev and Jacob Devlin and Mark DÃ­az and Nan Du and Ethan Dyer and Vlad Feinberg and Fangxiaoyu Feng and Vlad Fienber and Markus Freitag and Xavier Garcia and Sebastian Gehrmann and Lucas Gonzalez and Guy Gur-Ari and Steven Hand and Hadi Hashemi and Le Hou and Joshua Howland and Andrea Hu and Jeffrey Hui and Jeremy Hurwitz and Michael Isard and Abe Ittycheriah and Matthew Jagielski and Wenhao Jia and Kathleen Kenealy and Maxim Krikun and Sneha Kudugunta and Chang Lan and Katherine Lee and Benjamin Lee and Eric Li and Music Li and Wei Li and YaGuang Li and Jian Li and Hyeontaek Lim and Hanzhao Lin and Zhongtao Liu and Frederick Liu and Marcello Maggioni and Aroma Mahendru and Joshua Maynez and Vedant Misra and Maysam Moussalem and Zachary Nado and John Nham and Eric Ni and Andrew Nystrom and Alicia Parrish and Marie Pellat and Martin Polacek and Alex Polozov and Reiner Pope and Siyuan Qiao and Emily Reif and Bryan Richter and Parker Riley and Alex Castro Ros and Aurko Roy and Brennan Saeta and Rajkumar Samuel and Renee Shelby and Ambrose Slone and Daniel Smilkov and David R. So and Daniel Sohn and Simon Tokumine and Dasha Valter and Vijay Vasudevan and Kiran Vodrahalli and Xuezhi Wang and Pidong Wang and Zirui Wang and Tao Wang and John Wieting and Yuhuai Wu and Kelvin Xu and Yunhan Xu and Linting Xue and Pengcheng Yin and Jiahui Yu and Qiao Zhang and Steven Zheng and Ce Zheng and Weikang Zhou and Denny Zhou and Slav Petrov and Yonghui Wu},
	year         = 2023,
	month        = may,
	publisher    = {arXiv},
	doi          = {10.48550/arXiv.2305.10403},
	url          = {http://arxiv.org/abs/2305.10403},
	urldate      = {2023-08-29},
	note         = {arXiv:2305.10403 [cs]},
	eprint       = {2305.10403},
	archiveprefix = {arXiv},
	primaryclass = {cs.CL},
	keywords     = {Computer Science - Artificial Intelligence, Computer Science - Computation and Language}
}
@incollection{asch_effects_1951,
	title        = {Effects of group pressure upon the modification and distortion of judgments},
	author       = {Asch, S. E.},
	year         = 1951,
	booktitle    = {Groups, leadership and men; research in human relations},
	publisher    = {Carnegie Press},
	address      = {Oxford, England},
	pages        = {177--190}
}
@inproceedings{poddar_ai_2023,
	title        = {{AI} {Writing} {Assistants} {Influence} {Topic} {Choice} in {Self}-{Presentation}},
	author       = {Poddar, Ritika and Sinha, Rashmi and Naaman, Mor and Jakesch, Maurice},
	year         = 2023,
	month        = apr,
	booktitle    = {Extended {Abstracts} of the 2023 {CHI} {Conference} on {Human} {Factors} in {Computing} {Systems}},
	publisher    = {Association for Computing Machinery},
	address      = {New York, NY, USA},
	series       = {{CHI} {EA} '23},
	pages        = {1--6},
	doi          = {10.1145/3544549.3585893},
	isbn         = {978-1-4503-9422-2},
	url          = {https://dl.acm.org/doi/10.1145/3544549.3585893},
	urldate      = {2023-08-24},
	keywords     = {Co-writing, GPT-3, risks of large language models}
}
@inproceedings{feng_pretraining_2023,
	title        = {From {Pretraining} {Data} to {Language} {Models} to {Downstream} {Tasks}: {Tracking} the {Trails} of {Political} {Biases} {Leading} to {Unfair} {NLP} {Models}},
	shorttitle   = {From {Pretraining} {Data} to {Language} {Models} to {Downstream} {Tasks}},
	author       = {Feng, Shangbin and Park, Chan Young and Liu, Yuhan and Tsvetkov, Yulia},
	year         = 2023,
	month        = jul,
	booktitle    = {Proceedings of the 61st {Annual} {Meeting} of the {Association} for {Computational} {Linguistics} ({Volume} 1: {Long} {Papers})},
	publisher    = {Association for Computational Linguistics},
	address      = {Toronto, Canada},
	pages        = {11737--11762},
	doi          = {10.18653/v1/2023.acl-long.656},
	url          = {https://aclanthology.org/2023.acl-long.656},
	urldate      = {2023-08-10}
}
@article{fiedler_battle_1993,
	title        = {The {Battle} of {Words} {Between} {Gender} {Groups}: {A} {Language}-{Based} {Approach} to {Intergroup} {Processes}},
	shorttitle   = {The {Battle} of {Words} {Between} {Gender} {Groups}},
	author       = {Fiedler, Klaus and Semin, GÃ¼n R. and Finkenauer, Catrin},
	year         = 1993,
	month        = mar,
	journal      = {Human Communication Research},
	volume       = 19,
	number       = 3,
	pages        = {409--441},
	doi          = {10.1111/j.1468-2958.1993.tb00308.x},
	issn         = {0360-3989},
	url          = {https://doi.org/10.1111/j.1468-2958.1993.tb00308.x},
	urldate      = {2023-07-24}
}
@article{maass_linguistic_1995,
	title        = {Linguistic intergroup bias: differential expectancies or in-group protection?},
	shorttitle   = {Linguistic intergroup bias},
	author       = {Maass, A. and Milesi, A. and Zabbini, S. and Stahlberg, D.},
	year         = 1995,
	month        = jan,
	journal      = {Journal of Personality and Social Psychology},
	volume       = 68,
	number       = 1,
	pages        = {116--126},
	doi          = {10.1037//0022-3514.68.1.116},
	issn         = {0022-3514},
	language     = {eng},
	pmid         = 7861309,
	keywords     = {Adolescent, Humans, Italy, Language, Peer Group, Pilot Projects, Schools, Self Concept, Social Desirability, Stereotyped Behavior, Students, Verbal Behavior}
}
@incollection{mackie_intergroup_2018,
	title        = {Intergroup {Emotions} {Theory}: {Production}, {Regulation}, and {Modification} of {Group}-{Based} {Emotions}},
	shorttitle   = {Intergroup {Emotions} {Theory}},
	author       = {Mackie, Diane M. and Smith, Eliot R.},
	year         = 2018,
	booktitle    = {Advances in {Experimental} {Social} {Psychology}},
	publisher    = {Elsevier},
	volume       = 58,
	pages        = {1--69},
	doi          = {10.1016/bs.aesp.2018.03.001},
	isbn         = {978-0-12-815081-8},
	url          = {https://linkinghub.elsevier.com/retrieve/pii/S0065260118300121},
	urldate      = {2023-05-07},
	language     = {en}
}
@book{boyd_development_2022,
	title        = {The development and psychometric properties of {LIWC}-22},
	author       = {Boyd, Ryan L. and Ashokkumar, A. and Seraj, S and Pennebaker, James W},
	year         = 2022,
	publisher    = {University of Texas at Austin},
	address      = {Austin, TX},
	url          = {https://www.liwc.app/static/documents/LIWC-22%20Manual%20-%20Development%20and%20Psychometrics.pdf}
}
@article{tajfel_social_1971,
	title        = {Social categorization and intergroup behaviour},
	author       = {Tajfel, Henri and Billig, M. G. and Bundy, R. P. and Flament, Claude},
	year         = 1971,
	journal      = {European Journal of Social Psychology},
	volume       = 1,
	number       = 2,
	pages        = {149--178},
	doi          = {10.1002/ejsp.2420010202},
	issn         = {00462772, 10990992},
	url          = {https://onlinelibrary.wiley.com/doi/10.1002/ejsp.2420010202},
	urldate      = {2022-09-18},
	language     = {en}
}
@incollection{tajfel_integrativ_1979,
	title        = {An integrativ etheory of intergroup conflict},
	author       = {Tajfel, Henri and Turner, John C.},
	year         = 1979,
	booktitle    = {Psychology of {Intergroup} {Relations}},
	publisher    = {Nelson-Hall},
	address      = {Chicago},
	editor       = {Austin, W. G. and Worchel, S.}
}
@article{pinter_comparison_2011,
	title        = {A comparison of minimal group induction procedures},
	author       = {Pinter, Brad and Greenwald, Anthony G.},
	year         = 2011,
	month        = jan,
	journal      = {Group Processes \& Intergroup Relations},
	volume       = 14,
	number       = 1,
	pages        = {81--98},
	doi          = {10.1177/1368430210375251},
	issn         = {1368-4302, 1461-7188},
	url          = {http://journals.sagepub.com/doi/10.1177/1368430210375251},
	urldate      = {2023-06-13},
	language     = {en}
}
@article{hutto_vader_2014,
	title        = {{VADER}: {A} {Parsimonious} {Rule}-{Based} {Model} for {Sentiment} {Analysis} of {Social} {Media} {Text}},
	shorttitle   = {{VADER}},
	author       = {Hutto, C. and Gilbert, Eric},
	year         = 2014,
	month        = may,
	journal      = {Proceedings of the International AAAI Conference on Web and Social Media},
	address      = {Ann Arbor, MI},
	volume       = 8,
	number       = 1,
	pages        = {216--225},
	doi          = {10.1609/icwsm.v8i1.14550},
	issn         = {2334-0770, 2162-3449},
	url          = {https://ojs.aaai.org/index.php/ICWSM/article/view/14550},
	urldate      = {2023-06-13}
}
@misc{chu_language_2023,
	title        = {Language Models Trained on Media Diets Can Predict Public Opinion},
	author       = {Eric Chu and Jacob Andreas and Stephen Ansolabehere and Deb Roy},
	year         = 2023,
	eprint       = {2303.16779},
	archiveprefix = {arXiv},
	primaryclass = {cs.CL}
}
@inproceedings{bender_dangers_2021,
	title        = {On the {Dangers} of {Stochastic} {Parrots}: {Can} {Language} {Models} {Be} {Too} {Big}?},
	shorttitle   = {On the {Dangers} of {Stochastic} {Parrots}},
	author       = {Bender, Emily M. and Gebru, Timnit and McMillan-Major, Angelina and Shmitchell, Shmargaret},
	year         = 2021,
	month        = mar,
	booktitle    = {Proceedings of the 2021 {ACM} {Conference} on {Fairness}, {Accountability}, and {Transparency}},
	publisher    = {ACM},
	address      = {Virtual Event Canada},
	pages        = {610--623},
	doi          = {10.1145/3442188.3445922},
	isbn         = 9781450383097,
	url          = {https://dl.acm.org/doi/10.1145/3442188.3445922},
	urldate      = {2023-06-13},
	language     = {en}
}
@inproceedings{jakesch_co-writing_2023,
	title        = {Co-{Writing} with {Opinionated} {Language} {Models} {Affects} {Users}â€™ {Views}},
	author       = {Jakesch, Maurice and Bhat, Advait and Buschek, Daniel and Zalmanson, Lior and Naaman, Mor},
	year         = 2023,
	month        = apr,
	booktitle    = {Proceedings of the 2023 {CHI} {Conference} on {Human} {Factors} in {Computing} {Systems}},
	publisher    = {ACM},
	address      = {Hamburg Germany},
	pages        = {1--15},
	doi          = {10.1145/3544548.3581196},
	isbn         = 9781450394215,
	url          = {https://dl.acm.org/doi/10.1145/3544548.3581196},
	urldate      = {2023-06-13},
	language     = {en}
}
@article{argyle_out_2023,
	title        = {Out of {One}, {Many}: {Using} {Language} {Models} to {Simulate} {Human} {Samples}},
	shorttitle   = {Out of {One}, {Many}},
	author       = {Argyle, Lisa P. and Busby, Ethan C. and Fulda, Nancy and Gubler, Joshua R. and Rytting, Christopher and Wingate, David},
	year         = 2023,
	month        = feb,
	journal      = {Political Analysis},
	pages        = {1--15},
	doi          = {10.1017/pan.2023.2},
	issn         = {1047-1987, 1476-4989},
	url          = {https://www.cambridge.org/core/product/identifier/S1047198723000025/type/journal_article},
	urldate      = {2023-06-13},
	language     = {en}
}
@article{t5,
	title        = {Exploring the {Limits} of {Transfer} {Learning} with a {Unified} {Text}-to-{Text} {Transformer}},
	author       = {Raffel, Colin and Shazeer, Noam and Roberts, Adam and Lee, Katherine and Narang, Sharan and Matena, Michael and Zhou, Yanqi and Li, Wei and Liu, Peter J.},
	year         = 2020,
	month        = jan,
	journal      = {J. Mach. Learn. Res.},
	volume       = 21,
	number       = 1,
	issn         = {1532-4435},
	keywords     = {attention based models, deep learning, multi-task learning, natural language processing, transfer learning}
}
@misc{anilmany,
	title        = {Many-shot Jailbreaking},
	author       = {Anil, Cem and Durmus, Esin and Sharma, Mrinank and Benton, Joe and Kundu, Sandipan and Batson, Joshua and Rimsky, Nina and Tong, Meg and Mu, Jesse and Ford, Daniel and others},
	year         = 2024,
	url          = {https://www.anthropic.com/research/many-shot-jailbreaking}
}
@misc{laban2023you,
	title        = {Are You Sure? Challenging LLMs Leads to Performance Drops in The FlipFlop Experiment},
	author       = {Philippe Laban and Lidiya Murakhovs'ka and Caiming Xiong and Chien-Sheng Wu},
	year         = 2024,
	eprint       = {2311.08596},
	archiveprefix = {arXiv},
	primaryclass = {cs.CL}
}
@misc{starling,
	title        = {Starling-7B: Improving LLM Helpfulness \& Harmlessness with RLAIF},
	author       = {Zhu, Banghua and Frick, Evan and Wu, Tianhao and Zhu, Hanlin and Jiao, Jiantao},
	year         = 2023,
	month        = {November}
}
@misc{zephyr,
	title        = {Zephyr: Direct Distillation of LM Alignment},
	author       = {Lewis Tunstall and Edward Beeching and Nathan Lambert and Nazneen Rajani and Kashif Rasul and Younes Belkada and Shengyi Huang and Leandro von Werra and ClÃ©mentine Fourrier and Nathan Habib and Nathan Sarrazin and Omar Sanseviero and Alexander M. Rush and Thomas Wolf},
	year         = 2023,
	eprint       = {2310.16944},
	archiveprefix = {arXiv},
	primaryclass = {cs.LG}
}
@misc{tulu,
	title        = {Camels in a Changing Climate: Enhancing LM Adaptation with Tulu 2},
	author       = {Hamish Ivison and Yizhong Wang and Valentina Pyatkin and Nathan Lambert and Matthew Peters and Pradeep Dasigi and Joel Jang and David Wadden and Noah A. Smith and Iz Beltagy and Hannaneh Hajishirzi},
	year         = 2023,
	eprint       = {2311.10702},
	archiveprefix = {arXiv},
	primaryclass = {cs.CL}
}
@misc{olmo,
	title        = {OLMo: Accelerating the Science of Language Models},
	author       = {Dirk Groeneveld and Iz Beltagy and Pete Walsh and Akshita Bhagia and Rodney Kinney and Oyvind Tafjord and Ananya Harsh Jha and Hamish Ivison and Ian Magnusson and Yizhong Wang and Shane Arora and David Atkinson and Russell Authur and Khyathi Raghavi Chandu and Arman Cohan and Jennifer Dumas and Yanai Elazar and Yuling Gu and Jack Hessel and Tushar Khot and William Merrill and Jacob Morrison and Niklas Muennighoff and Aakanksha Naik and Crystal Nam and Matthew E. Peters and Valentina Pyatkin and Abhilasha Ravichander and Dustin Schwenk and Saurabh Shah and Will Smith and Emma Strubell and Nishant Subramani and Mitchell Wortsman and Pradeep Dasigi and Nathan Lambert and Kyle Richardson and Luke Zettlemoyer and Jesse Dodge and Kyle Lo and Luca Soldaini and Noah A. Smith and Hannaneh Hajishirzi},
	year         = 2024,
	eprint       = {2402.00838},
	archiveprefix = {arXiv},
	primaryclass = {cs.CL}
}
@misc{mixtral,
	title        = {Mixtral of Experts},
	author       = {Albert Q. Jiang and Alexandre Sablayrolles and Antoine Roux and Arthur Mensch and Blanche Savary and Chris Bamford and Devendra Singh Chaplot and Diego de las Casas and Emma Bou Hanna and Florian Bressand and Gianna Lengyel and Guillaume Bour and Guillaume Lample and LÃ©lio Renard Lavaud and Lucile Saulnier and Marie-Anne Lachaux and Pierre Stock and Sandeep Subramanian and Sophia Yang and Szymon Antoniak and Teven Le Scao and ThÃ©ophile Gervet and Thibaut Lavril and Thomas Wang and TimothÃ©e Lacroix and William El Sayed},
	year         = 2024,
	eprint       = {2401.04088},
	archiveprefix = {arXiv},
	primaryclass = {cs.LG}
}
@misc{mistral,
	title        = {Mistral 7B},
	author       = {Albert Q. Jiang and Alexandre Sablayrolles and Arthur Mensch and Chris Bamford and Devendra Singh Chaplot and Diego de las Casas and Florian Bressand and Gianna Lengyel and Guillaume Lample and Lucile Saulnier and LÃ©lio Renard Lavaud and Marie-Anne Lachaux and Pierre Stock and Teven Le Scao and Thibaut Lavril and Thomas Wang and TimothÃ©e Lacroix and William El Sayed},
	year         = 2023,
	eprint       = {2310.06825},
	archiveprefix = {arXiv},
	primaryclass = {cs.CL}
}
@misc{gemma,
	title        = {Gemma: Open Models Based on Gemini Research and Technology},
	author       = {Gemma Team and Thomas Mesnard and Cassidy Hardin and Robert Dadashi and Surya Bhupatiraju and Shreya Pathak and Laurent Sifre and Morgane RiviÃ¨re and Mihir Sanjay Kale and Juliette Love and Pouya Tafti and LÃ©onard Hussenot and Pier Giuseppe Sessa and Aakanksha Chowdhery and Adam Roberts and Aditya Barua and Alex Botev and Alex Castro-Ros and Ambrose Slone and AmÃ©lie HÃ©liou and Andrea Tacchetti and Anna Bulanova and Antonia Paterson and Beth Tsai and Bobak Shahriari and Charline Le Lan and Christopher A. Choquette-Choo and ClÃ©ment Crepy and Daniel Cer and Daphne Ippolito and David Reid and Elena Buchatskaya and Eric Ni and Eric Noland and Geng Yan and George Tucker and George-Christian Muraru and Grigory Rozhdestvenskiy and Henryk Michalewski and Ian Tenney and Ivan Grishchenko and Jacob Austin and James Keeling and Jane Labanowski and Jean-Baptiste Lespiau and Jeff Stanway and Jenny Brennan and Jeremy Chen and Johan Ferret and Justin Chiu and Justin Mao-Jones and Katherine Lee and Kathy Yu and Katie Millican and Lars Lowe Sjoesund and Lisa Lee and Lucas Dixon and Machel Reid and Maciej MikuÅ‚a and Mateo Wirth and Michael Sharman and Nikolai Chinaev and Nithum Thain and Olivier Bachem and Oscar Chang and Oscar Wahltinez and Paige Bailey and Paul Michel and Petko Yotov and Rahma Chaabouni and Ramona Comanescu and Reena Jana and Rohan Anil and Ross McIlroy and Ruibo Liu and Ryan Mullins and Samuel L Smith and Sebastian Borgeaud and Sertan Girgin and Sholto Douglas and Shree Pandya and Siamak Shakeri and Soham De and Ted Klimenko and Tom Hennigan and Vlad Feinberg and Wojciech Stokowiec and Yu-hui Chen and Zafarali Ahmed and Zhitao Gong and Tris Warkentin and Ludovic Peran and Minh Giang and ClÃ©ment Farabet and Oriol Vinyals and Jeff Dean and Koray Kavukcuoglu and Demis Hassabis and Zoubin Ghahramani and Douglas Eck and Joelle Barral and Fernando Pereira and Eli Collins and Armand Joulin and Noah Fiedel and Evan Senter and Alek Andreev and Kathleen Kenealy},
	year         = 2024,
	eprint       = {2403.08295},
	archiveprefix = {arXiv},
	primaryclass = {cs.CL}
}
@article{perdue_us_1990,
	title        = {Us and {Them}: {Social} {Categorization} and the {Process} of {Intergroup} {Bias}},
	author       = {Perdue, Charles W. and Dovidio, John F. and {Michael B. Gurtman} and Gurtman, Michael B. and Gurtman, Michael B. and Tyler, Richard B.},
	year         = 1990,
	month        = sep,
	journal      = {Journal of Personality and Social Psychology},
	volume       = 59,
	number       = 3,
	pages        = {475--486},
	doi          = {10.1037/0022-3514.59.3.475},
	keywords     = {categroization, langauge, social identity}
}
@misc{caron_identifying_2022,
	title        = {Identifying and Manipulating the Personality Traits of Language Models},
	author       = {Graham Caron and Shashank Srivastava},
	year         = 2022,
	eprint       = {2212.10276},
	archiveprefix = {arXiv},
	primaryclass = {cs.AI}
}
@misc{kosinski_theory_2023,
	title        = {Evaluating Large Language Models in Theory of Mind Tasks},
	author       = {Michal Kosinski},
	year         = 2024,
	eprint       = {2302.02083},
	archiveprefix = {arXiv},
	primaryclass = {cs.CL}
}
@inproceedings{loureiro_timelms_2022,
	title        = {{TimeLMs}: {Diachronic} {Language} {Models} from {Twitter}},
	shorttitle   = {{TimeLMs}},
	author       = {Loureiro, Daniel and Barbieri, Francesco and Neves, Leonardo and Espinosa Anke, Luis and Camacho-collados, Jose},
	year         = 2022,
	booktitle    = {Proceedings of the 60th {Annual} {Meeting} of the {Association} for {Computational} {Linguistics}: {System} {Demonstrations}},
	publisher    = {Association for Computational Linguistics},
	address      = {Dublin, Ireland},
	pages        = {251--260},
	doi          = {10.18653/v1/2022.acl-demo.25},
	url          = {https://aclanthology.org/2022.acl-demo.25},
	urldate      = {2023-06-23},
	language     = {en}
}
@article{mosqueira2023human,
	title        = {Human-in-the-loop machine learning: a state of the art},
	author       = {Mosqueira-Rey, Eduardo and Hern{\'a}ndez-Pereira, Elena and Alonso-R{\'\i}os, David and Bobes-Bascar{\'a}n, Jos{\'e} and Fern{\'a}ndez-Leal, {\'A}ngel},
	year         = 2023,
	journal      = {Artificial Intelligence Review},
	publisher    = {Springer},
	volume       = 56,
	number       = 4,
	pages        = {3005--3054}
}
@article{debnath2023harnessing,
	title        = {Harnessing human and machine intelligence for planetary-level climate action},
	author       = {Debnath, Ramit and Creutzig, Felix and Sovacool, Benjamin K and Shuckburgh, Emily},
	year         = 2023,
	journal      = {npj Climate Action},
	publisher    = {Nature Publishing Group UK London},
	volume       = 2,
	number       = 1,
	pages        = 20
}
@inproceedings{donahue2022human,
	title        = {Human-algorithm collaboration: Achieving complementarity and avoiding unfairness},
	author       = {Donahue, Kate and Chouldechova, Alexandra and Kenthapadi, Krishnaram},
	year         = 2022,
	booktitle    = {Proceedings of the 2022 ACM Conference on Fairness, Accountability, and Transparency},
	pages        = {1639--1656}
}
@article{kirk2024benefits,
	title        = {The Benefits, Risks and Bounds of Personalizing the Alignment of Large Language Models to Individuals},
	author       = {Kirk, Hannah Rose and Vidgen, Bertie and R{\"o}ttger, Paul and Hale, Scott A.},
	year         = 2024,
	journal      = {Nature Machine Intelligence},
	publisher    = {Nature Publishing Group UK London},
	pages        = {1--10}
}
@article{witten2010framework,
	title        = {A framework for feature selection in clustering},
	author       = {Witten, Daniela M and Tibshirani, Robert},
	year         = 2010,
	journal      = {Journal of the American Statistical Association},
	publisher    = {Taylor \& Francis},
	volume       = 105,
	number       = 490,
	pages        = {713--726}
}
@article{Cobbe2021TrainingVT,
	title        = {Training Verifiers to Solve Math Word Problems},
	author       = {Karl Cobbe and Vineet Kosaraju and Mohammad Bavarian and Mark Chen and Heewoo Jun and Lukasz Kaiser and Matthias Plappert and Jerry Tworek and Jacob Hilton and Reiichiro Nakano and Christopher Hesse and John Schulman},
	year         = 2021,
	journal      = {ArXiv},
	volume       = {abs/2110.14168},
	url          = {https://api.semanticscholar.org/CorpusID:239998651}
}
@article{sorensen2024roadmap,
	title        = {A Roadmap to Pluralistic Alignment},
	author       = {Sorensen, Taylor and Moore, Jared and Fisher, Jillian and Gordon, Mitchell and Mireshghallah, Niloofar and Rytting, Christopher Michael and Ye, Andre and Jiang, Liwei and Lu, Ximing and Dziri, Nouha and others},
	year         = 2024,
	journal      = {arXiv:2402.05070}
}
@misc{orpollama,
	title        = {Fine-Tune Llama 3 With ORPO},
	author       = {Labonne, Maxime},
	year         = 2024,
	month        = {Apr},
	journal      = {Hugging Face â€“ The AI community building the future.},
	url          = {https://huggingface.co/blog/mlabonne/orpo-llama-3}
}
@article{sun2024trustllm,
	title        = {TrustLLM: Trustworthiness in Large Language Models},
	author       = {Sun, Lichao and Huang, Yue and Wang, Haoran and Wu, Siyuan and Zhang, Qihui and Gao, Chujie and Huang, Yixin and Lyu, Wenhan and Zhang, Yixuan and Li, Xiner and others},
	year         = 2024,
	journal      = {arXiv:2401.05561}
}
@inproceedings{ethayarajh2022understanding,
	title        = {Understanding Dataset Difficulty with Usable Information},
	author       = {Ethayarajh, Kawin and Choi, Yejin and Swayamdipta, Swabha},
	year         = 2022,
	booktitle    = {International Conference on Machine Learning (ICML)},
	pages        = {5988--6008},
	organization = {PMLR}
}
@inproceedings{huang2024collective,
	title        = {Collective Constitutional AI: Aligning a Language Model with Public Input},
	author       = {Huang, Saffron and Siddarth, Divya and Lovitt, Liane and Liao, Thomas I and Durmus, Esin and Tamkin, Alex and Ganguli, Deep},
	year         = 2024,
	booktitle    = {The ACM Conference on Fairness, Accountability, and Transparency (FAccT)},
	pages        = {1395--1417}
}
@article{kirk2024prism,
	title        = {The PRISM Alignment Project: What Participatory, Representative and Individualised Human Feedback Reveals About the Subjective and Multicultural Alignment of Large Language Models},
	author       = {Kirk, Hannah Rose and Whitefield, Alexander and R{\"o}ttger, Paul and Bean, Andrew and Margatina, Katerina and Ciro, Juan and Mosquera, Rafael and Bartolo, Max and Williams, Adina and He, He and others},
	year         = 2024,
	journal      = {arXiv:2404.16019}
}
@article{bai2022constitutional,
	title        = {Constitutional AI: Harmlessness From AI Feedback},
	author       = {Bai, Yuntao and Kadavath, Saurav and Kundu, Sandipan and Askell, Amanda and Kernion, Jackson and Jones, Andy and Chen, Anna and Goldie, Anna and Mirhoseini, Azalia and McKinnon, Cameron and others},
	year         = 2022,
	journal      = {arXiv:2212.08073}
}
@article{askell2021general,
	title        = {A general language assistant as a laboratory for alignment},
	author       = {Askell, Amanda and Bai, Yuntao and Chen, Anna and Drain, Dawn and Ganguli, Deep and Henighan, Tom and Jones, Andy and Joseph, Nicholas and Mann, Ben and DasSarma, Nova and others},
	year         = 2021,
	journal      = {arXiv preprint arXiv:2112.00861}
}
@article{glaese2022improving,
	title        = {Improving alignment of dialogue agents via targeted human judgements},
	author       = {Glaese, Amelia and McAleese, Nat and Tr{\k{e}}bacz, Maja and Aslanides, John and Firoiu, Vlad and Ewalds, Timo and Rauh, Maribeth and Weidinger, Laura and Chadwick, Martin and Thacker, Phoebe and others},
	year         = 2022,
	journal      = {arXiv preprint arXiv:2209.14375}
}
@inproceedings{lees2022new,
	title        = {A new generation of perspective api: Efficient multilingual character-level transformers},
	author       = {Lees, Alyssa and Tran, Vinh Q and Tay, Yi and Sorensen, Jeffrey and Gupta, Jai and Metzler, Donald and Vasserman, Lucy},
	year         = 2022,
	booktitle    = {Proceedings of the 28th ACM SIGKDD Conference on Knowledge Discovery and Data Mining},
	pages        = {3197--3207}
}
@article{aki2020rank,
	title        = {Rank-normalization, folding, and localization: An improved RHat for assessing convergence of MCMC},
	author       = {Aki, Vehtari and Andrew, Gelman and Daniel, Simpson and Bob, Carpenter and Paul-Christian, B{\"u}rkner},
	year         = 2020,
	journal      = {Bayesian Analysis}
}
@article{homan2023intersectionality,
	title        = {Intersectionality in Conversational AI Safety: How Bayesian Multilevel Models Help Understand Diverse Perceptions of Safety},
	author       = {Homan, Christopher M and Serapio-Garcia, Greg and Aroyo, Lora and Diaz, Mark and Parrish, Alicia and Prabhakaran, Vinodkumar and Taylor, Alex S and Wang, Ding},
	year         = 2023,
	journal      = {arXiv preprint arXiv:2306.11530}
}
@article{qin2023large,
	title        = {Large Language Models Are Effective Text Rankers With Pairwise Ranking Prompting},
	author       = {Qin, Zhen and Jagerman, Rolf and Hui, Kai and Zhuang, Honglei and Wu, Junru and Yan, Le and Shen, Jiaming and Liu, Tianqi and Liu, Jialu and Metzler, Donald and others},
	year         = 2023,
	journal      = {arXiv:2306.17563}
}
@book{shue2020basic,
	title        = {Basic Rights: Subsistence, Affluence, and US Foreign Policy},
	author       = {Shue, Henry},
	year         = 2020,
	publisher    = {Princeton University Press}
}
@book{bradley2022law,
	title        = {Constitutional and Administrative Law},
	author       = {Bradley A.W., and Ewing D., and Knight, Christopher},
	year         = 2020,
	publisher    = {Princeton University Press}
}
@incollection{sep-rights,
	title        = {{Rights}},
	author       = {Wenar, Leif},
	year         = 2023,
	booktitle    = {The {Stanford} Encyclopedia of Philosophy},
	publisher    = {Metaphysics Research Lab, Stanford University},
	editor       = {Edward N. Zalta and Uri Nodelman},
	howpublished = {\url{https://plato.stanford.edu/archives/spr2023/entries/rights/}},
	edition      = {{S}pring 2023}
}
@article{breakingRules2023,
	title        = {Rules for Robots, and Why Medical AI Breaks Them},
	author       = {Evans, Barbara J.},
	year         = 2023,
	month        = {02},
	journal      = {Journal of Law and the Biosciences},
	volume       = 10,
	number       = 1,
	pages        = {lsad001},
	doi          = {10.1093/jlb/lsad001},
	issn         = {2053-9711},
	url          = {https://doi.org/10.1093/jlb/lsad001},
	eprint       = {https://academic.oup.com/jlb/article-pdf/10/1/lsad001/49225082/lsad001.pdf}
}
@article{empowerment2017,
	title        = {Empowerment As Replacement for the Three Laws of Robotics},
	author       = {Salge, Christoph and Polani, Daniel},
	year         = 2017,
	journal      = {Frontiers in Robotics and AI},
	doi          = {10.3389/frobt.2017.00025}
}
@inproceedings{vsd2024,
    author = {Sadek, Malak and Constantinides, Marios and Quercia, Daniele and Mougenot, Celine},
    title = {Guidelines for Integrating Value Sensitive Design in Responsible AI Toolkits},
    year = {2024},
    isbn = {9798400703300},
    publisher = {Association for Computing Machinery},
    url = {https://doi.org/10.1145/3613904.3642810},
    doi = {10.1145/3613904.3642810},
    booktitle = {Proceedings of the Conference on Human Factors in Computing Systems (CHI)},
    articleno = {472},
    numpages = {20}
}
