@misc{BoosterGym,
  author = {Booster Robotics},
  title = {Booster Gym: A User-Friendly Reinforcement Learning Framework for Humanoid Robot},
  year = {2024},
  publisher = {GitHub},
  journal = {GitHub repository},
  howpublished = {\url{https://github.com/BoosterRobotics/booster\_gym}},
}

@techreport{allali2019rhoban,
  title={Rhoban football club--team description paper},
  author={Allali, J and Gondry, L and Hofer, L and Laborde-Zubieta, P and Ly, O and Nâ€™Guyen, S and Passault, G and Pirrone, A and Rouxel, Q},
  year={2019},
  institution={Technical report}
}

@inproceedings{bengio2009curriculum,
  title={Curriculum learning},
  author={Bengio, Yoshua and Louradour, J{\'e}r{\^o}me and Collobert, Ronan and Weston, Jason},
  booktitle={Proceedings of the 26th annual international conference on machine learning},
  pages={41--48},
  year={2009}
}

@inproceedings{chen2024u,
  title={Are U a Joke Master? Pun Generation via Multi-Stage Curriculum Learning towards a Humor LLM},
  author={Chen, Yang and Yang, Chong and Hu, Tu and Chen, Xinhao and Lan, Man and Cai, Li and Zhuang, Xinlin and Lin, Xuan and Lu, Xin and Zhou, Aimin},
  booktitle={Findings of the Association for Computational Linguistics ACL 2024},
  pages={878--890},
  year={2024}
}

@article{gaspard2024frasa,
  title={FRASA: An End-to-End Reinforcement Learning Agent for Fall Recovery and Stand Up of Humanoid Robots},
  author={Gaspard, Cl{\'e}ment and Duclusaud, Marc and Passault, Gr{\'e}goire and Daniel, M{\'e}lodie and Ly, Olivier},
  journal={arXiv preprint arXiv:2410.08655},
  year={2024}
}

@article{gu2024humanoid,
  title={Humanoid-gym: Reinforcement learning for humanoid robot with zero-shot sim2real transfer},
  author={Gu, Xinyang and Wang, Yen-Jen and Chen, Jianyu},
  journal={arXiv preprint arXiv:2404.05695},
  year={2024}
}

@article{haarnoja2024learning,
  title={Learning agile soccer skills for a bipedal robot with deep reinforcement learning},
  author={Haarnoja, Tuomas and Moran, Ben and Lever, Guy and Huang, Sandy H and Tirumala, Dhruva and Humplik, Jan and Wulfmeier, Markus and Tunyasuvunakool, Saran and Siegel, Noah Y and Hafner, Roland and others},
  journal={Science Robotics},
  volume={9},
  number={89},
  pages={eadi8022},
  year={2024},
  publisher={American Association for the Advancement of Science}
}

@article{he2025learning,
  title={Learning Getting-Up Policies for Real-World Humanoid Robots},
  author={He, Xialin and Dong, Runpei and Chen, Zixuan and Gupta, Saurabh},
  journal={arXiv preprint arXiv:2502.12152},
  year={2025}
}

@article{huang2025learning,
  title={Learning Humanoid Standing-up Control across Diverse Postures},
  author={Huang, Tao and Ren, Junli and Wang, Huayi and Wang, Zirui and Ben, Qingwei and Wen, Muning and Chen, Xiao and Li, Jianan and Pang, Jiangmiao},
  journal={arXiv preprint arXiv:2502.08378},
  year={2025}
}

@article{peng2018deepmimic,
  title={Deepmimic: Example-guided deep reinforcement learning of physics-based character skills},
  author={Peng, Xue Bin and Abbeel, Pieter and Levine, Sergey and Van de Panne, Michiel},
  journal={ACM Transactions On Graphics (TOG)},
  volume={37},
  number={4},
  pages={1--14},
  year={2018},
  publisher={ACM New York, NY, USA}
}

@inproceedings{tao2022learning,
  title={Learning to get up},
  author={Tao, Tianxin and Wilson, Matthew and Gou, Ruiyu and Van De Panne, Michiel},
  booktitle={ACM SIGGRAPH 2022 conference proceedings},
  pages={1--10},
  year={2022}
}

@article{wang2024multi,
  title={Multi-stage reinforcement learning for non-prehensile manipulation},
  author={Wang, Dexin and Liu, Chunsheng and Chang, Faliang and Huan, Hengqiang and Cheng, Kun},
  journal={IEEE Robotics and Automation Letters},
  year={2024},
  publisher={IEEE}
}

@article{yang2023learning,
  title={Learning complex motor skills for legged robot fall recovery},
  author={Yang, Chuanyu and Pu, Can and Xin, Guiyang and Zhang, Jie and Li, Zhibin},
  journal={IEEE Robotics and Automation Letters},
  volume={8},
  number={7},
  pages={4307--4314},
  year={2023},
  publisher={IEEE}
}

@article{zhuang2025embrace,
  title={Embrace Collisions: Humanoid Shadowing for Deployable Contact-Agnostics Motions},
  author={Zhuang, Ziwen and Zhao, Hang},
  journal={arXiv preprint arXiv:2502.01465},
  year={2025}
}

