@article{morton2004cerebellar,
  title={Cerebellar control of balance and locomotion},
  author={Morton, Susanne M and Bastian, Amy J},
  journal={The neuroscientist},
  volume={10},
  number={3},
  pages={247--259},
  year={2004},
  publisher={Sage Publications Sage CA: Thousand Oaks, CA}
}

@article{nielsen2016human,
  title={Human spinal motor control},
  author={Nielsen, Jens Bo},
  journal={Annual review of neuroscience},
  volume={39},
  number={1},
  pages={81--101},
  year={2016},
  publisher={Annual Reviews}
}

@misc{mancini2020balance,
  title={How is balance controlled by the nervous system},
  author={Mancini, M and Nutt, JG and Horak, FB},
  journal={Balance Dysfunction in Parkinson’s Disease},
  pages={1--24},
  year={2020},
  publisher={Academic Press/Elsevier}
}

@article{creath2005unified,
  title={A unified view of quiet and perturbed stance: simultaneous co-existing excitable modes},
  author={Creath, Robert and Kiemel, Tim and Horak, Fay and Peterka, Robert and Jeka, John},
  journal={Neuroscience letters},
  volume={377},
  number={2},
  pages={75--80},
  year={2005},
  publisher={Elsevier}
}

@inproceedings{stuckler2006getting,
  title={Getting Back on Two Feet: Reliable Standing-up Routines for a Humanoid Robot.},
  author={St{\"u}ckler, J{\"o}rg and Schwenk, Johannes and Behnke, Sven},
  booktitle={IAS},
  pages={676--685},
  year={2006},
  organization={Citeseer}
}

@inproceedings{kanehiro2003first,
  title={The first humanoid robot that has the same size as a human and that can lie down and get up},
  author={Kanehiro, Fumio and Kaneko, Kenji and Fujiwara, Kiyoshi and Harada, Kensuke and Kajita, Shuuji and Yokoi, Kazuhito and Hirukawa, Hirohisa and Akachi, Kazuhiko and Isozumi, Takakatsu},
  booktitle={2003 IEEE International Conference on Robotics and Automation (Cat. No. 03CH37422)},
  volume={2},
  pages={1633--1639},
  year={2003},
  organization={IEEE}
}

@article{bortolami2003analysis,
  title={Analysis of human postural responses to recoverable falls},
  author={Bortolami, Simone B and DiZio, Paul and Rabin, E and Lackner, JR},
  journal={Experimental brain research},
  volume={151},
  pages={387--404},
  year={2003},
  publisher={Springer}
}

@article{do1982biomechanical,
  title={A biomechanical study of balance recovery during the fall forward},
  author={Do, MC and Breniere, Y and Brenguier, P},
  journal={Journal of Biomechanics},
  volume={15},
  number={12},
  pages={933--939},
  year={1982},
  publisher={Elsevier}
}

@article{cai2023self,
  title={Self-protect falling trajectories for humanoids with resilient trunk},
  author={Cai, Zhaoyang and Yu, Zhangguo and Chen, Xuechao and Huang, Qiang and Kheddar, Abderrahmane},
  journal={Mechatronics},
  volume={95},
  pages={103061},
  year={2023},
  publisher={Elsevier}
}

@article{katayama2023model,
  title={Model predictive control of legged and humanoid robots: models and algorithms},
  author={Katayama, Sotaro and Murooka, Masaki and Tazaki, Yuichi},
  journal={Advanced Robotics},
  volume={37},
  number={5},
  pages={298--315},
  year={2023},
  publisher={Taylor \& Francis}
}

@article{moro2019whole,
  title={Whole-body control of humanoid robots},
  author={Moro, Federico L and Sentis, Luis},
  journal={Humanoid robotics: a reference},
  pages={1161--1183},
  year={2019},
  publisher={Springer Dordrecht}
}

@inproceedings{sakagami2002intelligent,
  title={The intelligent ASIMO: System overview and integration},
  author={Sakagami, Yoshiaki and Watanabe, Ryujin and Aoyama, Chiaki and Matsunaga, Shinichi and Higaki, Nobuo and Fujimura, Kikuo},
  booktitle={IEEE/RSJ international conference on intelligent robots and systems},
  volume={3},
  pages={2478--2483},
  year={2002},
  organization={IEEE}
}

@inproceedings{pratt2006capture,
  title={Capture point: A step toward humanoid push recovery},
  author={Pratt, Jerry and Carff, John and Drakunov, Sergey and Goswami, Ambarish},
  booktitle={2006 6th IEEE-RAS international conference on humanoid robots},
  pages={200--207},
  year={2006},
  organization={Ieee}
}

@inproceedings{wieber2006trajectory,
  title={Trajectory free linear model predictive control for stable walking in the presence of strong perturbations},
  author={Wieber, Pierre-Brice},
  booktitle={2006 6th IEEE-RAS International Conference on Humanoid Robots},
  pages={137--142},
  year={2006},
  organization={IEEE}
}

@inproceedings{kumar2022adapting,
  title={Adapting rapid motor adaptation for bipedal robots},
  author={Kumar, Ashish and Li, Zhongyu and Zeng, Jun and Pathak, Deepak and Sreenath, Koushil and Malik, Jitendra},
  booktitle={2022 IEEE/RSJ International Conference on Intelligent Robots and Systems (IROS)},
  pages={1161--1168},
  year={2022},
  organization={IEEE}
}

@inproceedings{zhang2024whole,
  title={Whole-body humanoid robot locomotion with human reference},
  author={Zhang, Qiang and Cui, Peter and Yan, David and Sun, Jingkai and Duan, Yiqun and Han, Gang and Zhao, Wen and Zhang, Weining and Guo, Yijie and Zhang, Arthur and others},
  booktitle={2024 IEEE/RSJ International Conference on Intelligent Robots and Systems (IROS)},
  pages={11225--11231},
  year={2024},
  organization={IEEE}
}

@article{cheng2024expressive,
  title={Expressive whole-body control for humanoid robots},
  author={Cheng, Xuxin and Ji, Yandong and Chen, Junming and Yang, Ruihan and Yang, Ge and Wang, Xiaolong},
  journal={arXiv preprint arXiv:2402.16796},
  year={2024}
}

@inproceedings{dao2024sim,
  title={Sim-to-real learning for humanoid box loco-manipulation},
  author={Dao, Jeremy and Duan, Helei and Fern, Alan},
  booktitle={2024 IEEE International Conference on Robotics and Automation (ICRA)},
  pages={16930--16936},
  year={2024},
  organization={IEEE}
}

@inproceedings{griffin2016disturbance,
  title={Disturbance compensation and step optimization for push recovery},
  author={Griffin, Robert J and Leonessa, Alexander and Asbeck, Alan},
  booktitle={2016 IEEE/RSJ International Conference on Intelligent Robots and Systems (IROS)},
  pages={5385--5390},
  year={2016},
  organization={IEEE}
}

@inproceedings{shafiee2019online,
  title={Online dcm trajectory generation for push recovery of torque-controlled humanoid robots},
  author={Shafiee, Milad and Romualdi, Giulio and Dafarra, Stefano and Chavez, Francisco Javier Andrade and Pucci, Daniele},
  booktitle={2019 IEEE-RAS 19th International Conference on Humanoid Robots (Humanoids)},
  pages={671--678},
  year={2019},
  organization={IEEE}
}

@article{ferigo2021emergence,
  title={On the emergence of whole-body strategies from humanoid robot push-recovery learning},
  author={Ferigo, Diego and Camoriano, Raffaello and Viceconte, Paolo Maria and Calandriello, Daniele and Traversaro, Silvio and Rosasco, Lorenzo and Pucci, Daniele},
  journal={IEEE Robotics and Automation Letters},
  volume={6},
  number={4},
  pages={8561--8568},
  year={2021},
  publisher={IEEE}
}

@inproceedings{li2021reinforcement,
  title={Reinforcement learning for robust parameterized locomotion control of bipedal robots},
  author={Li, Zhongyu and Cheng, Xuxin and Peng, Xue Bin and Abbeel, Pieter and Levine, Sergey and Berseth, Glen and Sreenath, Koushil},
  booktitle={2021 IEEE International Conference on Robotics and Automation (ICRA)},
  pages={2811--2817},
  year={2021},
  organization={IEEE}
}

@inproceedings{duburcq2022reactive,
  title={Reactive Stepping for Humanoid Robots using Reinforcement Learning: Application to Standing Push Recovery on the Exoskeleton Atalante},
  author={Duburcq, Alexis and Schramm, Fabian and Bo{\'e}ris, Guilhem and Bredeche, Nicolas and Chevaleyre, Yann},
  booktitle={2022 IEEE/RSJ International Conference on Intelligent Robots and Systems (IROS)},
  pages={9302--9309},
  year={2022},
  organization={IEEE}
}

@article{gaspard2024frasa,
  title={FRASA: An End-to-End Reinforcement Learning Agent for Fall Recovery and Stand Up of Humanoid Robots},
  author={Gaspard, Cl{\'e}ment and Duclusaud, Marc and Passault, Gr{\'e}goire and Daniel, M{\'e}lodie and Ly, Olivier},
  journal={arXiv preprint arXiv:2410.08655},
  year={2024}
}

@techreport{allali2019rhoban,
  title={Rhoban football club--team description paper},
  author={Allali, J and Gondry, L and Hofer, L and Laborde-Zubieta, P and Ly, O and N’Guyen, S and Passault, G and Pirrone, A and Rouxel, Q},
  year={2019},
  institution={Technical report}
}

@article{haarnoja2024learning,
  title={Learning agile soccer skills for a bipedal robot with deep reinforcement learning},
  author={Haarnoja, Tuomas and Moran, Ben and Lever, Guy and Huang, Sandy H and Tirumala, Dhruva and Humplik, Jan and Wulfmeier, Markus and Tunyasuvunakool, Saran and Siegel, Noah Y and Hafner, Roland and others},
  journal={Science Robotics},
  volume={9},
  number={89},
  pages={eadi8022},
  year={2024},
  publisher={American Association for the Advancement of Science}
}

@article{yang2023learning,
  title={Learning complex motor skills for legged robot fall recovery},
  author={Yang, Chuanyu and Pu, Can and Xin, Guiyang and Zhang, Jie and Li, Zhibin},
  journal={IEEE Robotics and Automation Letters},
  volume={8},
  number={7},
  pages={4307--4314},
  year={2023},
  publisher={IEEE}
}

@article{zhuang2025embrace,
  title={Embrace Collisions: Humanoid Shadowing for Deployable Contact-Agnostics Motions},
  author={Zhuang, Ziwen and Zhao, Hang},
  journal={arXiv preprint arXiv:2502.01465},
  year={2025}
}

@article{huang2025learning,
  title={Learning Humanoid Standing-up Control across Diverse Postures},
  author={Huang, Tao and Ren, Junli and Wang, Huayi and Wang, Zirui and Ben, Qingwei and Wen, Muning and Chen, Xiao and Li, Jianan and Pang, Jiangmiao},
  journal={arXiv preprint arXiv:2502.08378},
  year={2025}
}

@article{he2025learning,
  title={Learning Getting-Up Policies for Real-World Humanoid Robots},
  author={He, Xialin and Dong, Runpei and Chen, Zixuan and Gupta, Saurabh},
  journal={arXiv preprint arXiv:2502.12152},
  year={2025}
}

@inproceedings{bengio2009curriculum,
  title={Curriculum learning},
  author={Bengio, Yoshua and Louradour, J{\'e}r{\^o}me and Collobert, Ronan and Weston, Jason},
  booktitle={Proceedings of the 26th annual international conference on machine learning},
  pages={41--48},
  year={2009}
}

@inproceedings{tao2022learning,
  title={Learning to get up},
  author={Tao, Tianxin and Wilson, Matthew and Gou, Ruiyu and Van De Panne, Michiel},
  booktitle={ACM SIGGRAPH 2022 conference proceedings},
  pages={1--10},
  year={2022}
}

@article{wang2024multi,
  title={Multi-stage reinforcement learning for non-prehensile manipulation},
  author={Wang, Dexin and Liu, Chunsheng and Chang, Faliang and Huan, Hengqiang and Cheng, Kun},
  journal={IEEE Robotics and Automation Letters},
  year={2024},
  publisher={IEEE}
}

@inproceedings{chen2024u,
  title={Are U a Joke Master? Pun Generation via Multi-Stage Curriculum Learning towards a Humor LLM},
  author={Chen, Yang and Yang, Chong and Hu, Tu and Chen, Xinhao and Lan, Man and Cai, Li and Zhuang, Xinlin and Lin, Xuan and Lu, Xin and Zhou, Aimin},
  booktitle={Findings of the Association for Computational Linguistics ACL 2024},
  pages={878--890},
  year={2024}
}

@article{peng2018deepmimic,
  title={Deepmimic: Example-guided deep reinforcement learning of physics-based character skills},
  author={Peng, Xue Bin and Abbeel, Pieter and Levine, Sergey and Van de Panne, Michiel},
  journal={ACM Transactions On Graphics (TOG)},
  volume={37},
  number={4},
  pages={1--14},
  year={2018},
  publisher={ACM New York, NY, USA}
}

@article{gu2024humanoid,
  title={Humanoid-gym: Reinforcement learning for humanoid robot with zero-shot sim2real transfer},
  author={Gu, Xinyang and Wang, Yen-Jen and Chen, Jianyu},
  journal={arXiv preprint arXiv:2404.05695},
  year={2024}
}

@misc{BoosterGym,
  author = {Booster Robotics},
  title = {Booster Gym: A User-Friendly Reinforcement Learning Framework for Humanoid Robot},
  year = {2024},
  publisher = {GitHub},
  journal = {GitHub repository},
  howpublished = {\url{https://github.com/BoosterRobotics/booster\_gym}},
}

@article{brockman2016openai,
  title={OpenAI Gym},
  author={Brockman, G},
  journal={arXiv preprint arXiv:1606.01540},
  year={2016}
}

@article{makoviychuk2021isaac,
  title={Isaac gym: High performance gpu-based physics simulation for robot learning},
  author={Makoviychuk, Viktor and Wawrzyniak, Lukasz and Guo, Yunrong and Lu, Michelle and Storey, Kier and Macklin, Miles and Hoeller, David and Rudin, Nikita and Allshire, Arthur and Handa, Ankur and others},
  journal={arXiv preprint arXiv:2108.10470},
  year={2021}
}

@article{schulman2017proximal,
  title={Proximal policy optimization algorithms},
  author={Schulman, John and Wolski, Filip and Dhariwal, Prafulla and Radford, Alec and Klimov, Oleg},
  journal={arXiv preprint arXiv:1707.06347},
  year={2017}
}

@misc{robocup,
  author = {RoboCup Federation},
  title = {RoboCup Official Website},
  year = {2025},
  howpublished = {\url{https://www.robocup.org/}}
}