@article{beverse,
  title={Beverse: Unified perception and prediction in birds-eye-view for vision-centric autonomous driving},
  author={Zhang, Yunpeng and Zhu, Zheng and Zheng, Wenzhao and Huang, Junjie and Huang, Guan and Zhou, Jie and Lu, Jiwen},
  journal={arXiv preprint arXiv:2205.09743},
  year={2022}
}

@inproceedings{cam4docc,
  title={Cam4docc: Benchmark for camera-only 4d occupancy forecasting in autonomous driving applications},
  author={Ma, Junyi and Chen, Xieyuanli and Huang, Jiawei and Xu, Jingyi and Luo, Zhen and Xu, Jintao and Gu, Weihao and Ai, Rui and Wang, Hesheng},
  booktitle={CVPR},
  year={2024}
}

@inproceedings{cotr,
  title={Cotr: Compact occupancy transformer for vision-based 3d occupancy prediction},
  author={Ma, Qihang and Tan, Xin and Qu, Yanyun and Ma, Lizhuang and Zhang, Zhizhong and Xie, Yuan},
  booktitle={CVPR},
  year={2024}
}

@article{driveoccworld,
  title={Driving in the Occupancy World: Vision-Centric 4D Occupancy Forecasting and Planning via World Models for Autonomous Driving}, 
  author={Yu Yang and Jianbiao Mei and Yukai Ma and Siliang Du and Wenqing Chen and Yijie Qian and Yuxiang Feng and Yong Liu},
  journal={arXiv preprint arXiv:2408.14197},
  year={2024}
}

@inproceedings{fiery,
  title={Fiery: Future instance prediction in bird's-eye view from surround monocular cameras},
  author={Hu, Anthony and Murez, Zak and Mohan, Nikhil and Dudas, Sof{\'\i}a and Hawke, Jeffrey and Badrinarayanan, Vijay and Cipolla, Roberto and Kendall, Alex},
  booktitle={ICCV},
  year={2021}
}

@inproceedings{monoscene,
  title={Monoscene: Monocular 3d semantic scene completion},
  author={Cao, Anh-Quan and De Charette, Raoul},
  booktitle={CVPR},
  year={2022}
}

@article{occ3d,
  title={Occ3d: A large-scale 3d occupancy prediction benchmark for autonomous driving},
  author={Tian, Xiaoyu and Jiang, Tao and Yun, Longfei and Mao, Yucheng and Yang, Huitong and Wang, Yue and Wang, Yilun and Zhao, Hang},
  journal={NeurIPS},
  year={2023}
}

@inproceedings{occformer,
  title={Occformer: Dual-path transformer for vision-based 3d semantic occupancy prediction},
  author={Zhang, Yunpeng and Zhu, Zheng and Du, Dalong},
  booktitle={ICCV},
  year={2023}
}

@inproceedings{openoccupancy,
  title={Openoccupancy: A large scale benchmark for surrounding semantic occupancy perception},
  author={Wang, Xiaofeng and Zhu, Zheng and Xu, Wenbo and Zhang, Yunpeng and Wei, Yi and Chi, Xu and Ye, Yun and Du, Dalong and Lu, Jiwen and Wang, Xingang},
  booktitle={ICCV},
  year={2023}
}

@inproceedings{point4docc,
  title={Point cloud forecasting as a proxy for 4d occupancy forecasting},
  author={Khurana, Tarasha and Hu, Peiyun and Held, David and Ramanan, Deva},
  booktitle={CVPR},
  year={2023}
}

@inproceedings{sscnet,
  title={Semantic scene completion from a single depth image},
  author={Song, Shuran and Yu, Fisher and Zeng, Andy and Chang, Angel X and Savva, Manolis and Funkhouser, Thomas},
  booktitle={Proceedings of the IEEE conference on computer vision and pattern recognition},
  year={2017}
}

@inproceedings{surroundocc,
  title={Surroundocc: Multi-camera 3d occupancy prediction for autonomous driving},
  author={Wei, Yi and Zhao, Linqing and Zheng, Wenzhao and Zhu, Zheng and Zhou, Jie and Lu, Jiwen},
  booktitle={ICCV},
  year={2023}
}

@inproceedings{tbpformer,
  title={TBP-Former: Learning Temporal Bird's-Eye-View Pyramid for Joint Perception and Prediction in Vision-Centric Autonomous Driving},
  author={Fang, Shaoheng and Wang, Zi and Zhong, Yiqi and Ge, Junhao and Chen, Siheng},
  booktitle={CVPR},
  year={2023}
}

@inproceedings{tpvformer,
  title={Tri-perspective view for vision-based 3d semantic occupancy prediction},
  author={Huang, Yuanhui and Zheng, Wenzhao and Zhang, Yunpeng and Zhou, Jie and Lu, Jiwen},
  booktitle={CVPR},
  year={2023}
}

@inproceedings{uno,
  title={UnO: Unsupervised Occupancy Fields for Perception and Forecasting},
  author={Agro, Ben and Sykora, Quinlan and Casas, Sergio and Gilles, Thomas and Urtasun, Raquel},
  booktitle={CVPR},
  year={2024}
}

@inproceedings{voxformer,
  title={Voxformer: Sparse voxel transformer for camera-based 3d semantic scene completion},
  author={Li, Yiming and Yu, Zhiding and Choy, Christopher and Xiao, Chaowei and Alvarez, Jose M and Fidler, Sanja and Feng, Chen and Anandkumar, Anima},
  booktitle={CVPR},
  year={2023}
}

