@inproceedings{cam4docc,
  title={Cam4docc: Benchmark for camera-only 4d occupancy forecasting in autonomous driving applications},
  author={Ma, Junyi and Chen, Xieyuanli and Huang, Jiawei and Xu, Jingyi and Luo, Zhen and Xu, Jintao and Gu, Weihao and Ai, Rui and Wang, Hesheng},
  booktitle={CVPR},
  year={2024}
}


@inproceedings{nuscenes,
  title={nuscenes: A multimodal dataset for autonomous driving},
  author={Caesar, Holger and Bankiti, Varun and Lang, Alex H and Vora, Sourabh and Liong, Venice Erin and Xu, Qiang and Krishnan, Anush and Pan, Yu and Baldan, Giancarlo and Beijbom, Oscar},
  booktitle={CVPR},
  year={2020}
}

@inproceedings{lyftlevel5,
  title={One thousand and one hours: Self-driving motion prediction dataset},
  author={Houston, John and Zuidhof, Guido and Bergamini, Luca and Ye, Yawei and Chen, Long and Jain, Ashesh and Omari, Sammy and Iglovikov, Vladimir and Ondruska, Peter},
  booktitle={CoRL},
  year={2021}
}

@inproceedings{nuscenesoccupancy,
  title={Openoccupancy: A large scale benchmark for surrounding semantic occupancy perception},
  author={Wang, Xiaofeng and Zhu, Zheng and Xu, Wenbo and Zhang, Yunpeng and Wei, Yi and Chi, Xu and Ye, Yun and Du, Dalong and Lu, Jiwen and Wang, Xingang},
  booktitle={ICCV},
  year={2023}
}


@article{fasterrcnn,
  title={Faster r-cnn: Towards real-time object detection with region proposal networks},
  author={Ren, Shaoqing and He, Kaiming and Girshick, Ross and Sun, Jian},
  journal={NeurIPS},
  year={2015}
}

@inproceedings{fcos,
  author       = {Zhi Tian and
                  Chunhua Shen and
                  Hao Chen and
                  Tong He},
  title        = {{FCOS:} Fully Convolutional One-Stage Object Detection},
  booktitle    = {ICCV},
  year         = {2019}
}

@inproceedings{detr,
  title={End-to-end object detection with transformers},
  author={Carion, Nicolas and Massa, Francisco and Synnaeve, Gabriel and Usunier, Nicolas and Kirillov, Alexander and Zagoruyko, Sergey},
  booktitle={ECCV},
  year={2020}
}

@article{prbfpn,
  title={Parallel residual bi-fusion feature pyramid network for accurate single-shot object detection},
  author={Chen, Ping-Yang and Chang, Ming-Ching and Hsieh, Jun-Wei and Chen, Yong-Sheng},
  journal={TIP},
  year={2021}
}

@article{dino,
  title={Dino: Detr with improved denoising anchor boxes for end-to-end object detection},
  author={Zhang, Hao and Li, Feng and Liu, Shilong and Zhang, Lei and Su, Hang and Zhu, Jun and Ni, Lionel M and Shum, Heung-Yeung},
  booktitle={ICLR},
  year={2023}
}


@inproceedings{maskrcnn,
  title={Mask r-cnn},
  author={He, Kaiming and Gkioxari, Georgia and Doll{\'a}r, Piotr and Girshick, Ross},
  booktitle={ICCV},
  year={2017}
}

@inproceedings{solo,
  title={Solo: Segmenting objects by locations},
  author={Wang, Xinlong and Kong, Tao and Shen, Chunhua and Jiang, Yuning and Li, Lei},
  booktitle={ECCV},
  year={2020}
}

@article{sodar,
  title={Sodar: Exploring locally aggregated learning of mask representations for instance segmentation},
  author={Wang, Tao and Liew, Jun Hao and Li, Yu and Chen, Yunpeng and Feng, Jiashi},
  journal={TIP},
  year={2021}
}

@inproceedings{mask2former,
  title={Masked-attention mask transformer for universal image segmentation},
  author={Cheng, Bowen and Misra, Ishan and Schwing, Alexander G and Kirillov, Alexander and Girdhar, Rohit},
  booktitle={CVPR},
  year={2022}
}

@inproceedings{maskdino,
  title={Mask dino: Towards a unified transformer-based framework for object detection and segmentation},
  author={Li, Feng and Zhang, Hao and Xu, Huaizhe and Liu, Shilong and Zhang, Lei and Ni, Lionel M and Shum, Heung-Yeung},
  booktitle={CVPR},
  year={2023}
}


@inproceedings{fcn,
  title={Fully convolutional networks for semantic segmentation},
  author={Long, Jonathan and Shelhamer, Evan and Darrell, Trevor},
  booktitle={CVPR},
  year={2015}
}

@article{deeplabv2,
  title={{DeepLab}: Semantic image segmentation with deep convolutional nets, atrous convolution, and fully connected {CRFs}},
  author={{Chen, Liang-Chieh} and Papandreou, George and Kokkinos, Iasonas and Murphy, Kevin and Yuille, Alan L},
  journal={TPAMI},
  year={2018}
}

@article{segformer,
  title={SegFormer: Simple and efficient design for semantic segmentation with transformers},
  author={Xie, Enze and Wang, Wenhai and Yu, Zhiding and Anandkumar, Anima and Alvarez, Jose M and Luo, Ping},
  journal={NeurIPS},
  year={2021}
}

@article{segnext,
  title={Segnext: Rethinking convolutional attention design for semantic segmentation},
  author={Guo, Meng-Hao and Lu, Cheng-Ze and Hou, Qibin and Liu, Zhengning and Cheng, Ming-Ming and Hu, Shi-Min},
  journal={NeurIPS},
  year={2022}
}

@article{cbl,
  title={Conditional boundary loss for semantic segmentation},
  author={Wu, Dongyue and Guo, Zilin and Li, Aoyan and Yu, Changqian and Gao, Changxin and Sang, Nong},
  journal={TIP},
  year={2023}
}


@inproceedings{mono3d,
  title={Monocular 3d object detection for autonomous driving},
  author={Chen, Xiaozhi and Kundu, Kaustav and Zhang, Ziyu and Ma, Huimin and Fidler, Sanja and Urtasun, Raquel},
  booktitle={CVPR},
  year={2016}
}

@article{monofenet,
  title={Monofenet: Monocular 3d object detection with feature enhancement networks},
  author={Bao, Wentao and Xu, Bin and Chen, Zhenzhong},
  journal={TIP},
  year={2020}
}

@inproceedings{rtm3d,
  title={Rtm3d: Real-time monocular 3d detection from object keypoints for autonomous driving},
  author={Li, Peixuan and Zhao, Huaici and Liu, Pengfei and Cao, Feidao},
  booktitle={ECCV},
  year={2020}
}

@inproceedings{fcos3d,
  title={Fcos3d: Fully convolutional one-stage monocular 3d object detection},
  author={Wang, Tai and Zhu, Xinge and Pang, Jiangmiao and Lin, Dahua},
  booktitle={ICCV},
  year={2021}
}

@inproceedings{unimode,
  title={UniMODE: Unified Monocular 3D Object Detection},
  author={Li, Zhuoling and Xu, Xiaogang and Lim, SerNam and Zhao, Hengshuang},
  booktitle={CVPR},
  year={2024}
}


@article{bevdet,
  title={Bevdet: High-performance multi-camera 3d object detection in bird-eye-view},
  author={Huang, Junjie and Huang, Guan and Zhu, Zheng and Ye, Yun and Du, Dalong},
  journal={arXiv preprint arXiv:2112.11790},
  year={2021}
}

@InProceedings{detr3d,
  title={DETR3D: 3D Object Detection from Multi-view Images via 3D-to-2D Queries},
  author={Wang, Yue and Guizilini, Vitor Campagnolo and Zhang, Tianyuan and Wang, Yilun and Zhao, Hang and Solomon, Justin},
  booktitle={CoRL},
  year={2022}
}

@inproceedings{petr,
  title={Petr: Position embedding transformation for multi-view 3d object detection},
  author={Liu, Yingfei and Wang, Tiancai and Zhang, Xiangyu and Sun, Jian},
  booktitle={ECCV},
  year={2022}
}

@inproceedings{vedet,
  title={Viewpoint equivariance for multi-view 3d object detection},
  author={Chen, Dian and Li, Jie and Guizilini, Vitor and Ambrus, Rares Andrei and Gaidon, Adrien},
  booktitle={CVPR},
  year={2023}
}

@article{sdtr,
  title={Divide and Conquer: Improving Multi-Camera 3D Perception With 2D Semantic-Depth Priors and Input-Dependent Queries},
  author={Song, Qi and Hu, Qingyong and Zhang, Chi and Chen, Yongquan and Huang, Rui},
  journal={TIP},
  year={2024}
}


@inproceedings{bevformer,
  title={Bevformer: Learning birdâ€™s-eye-view representation from multi-camera images via spatiotemporal transformers},
  author={Li, Zhiqi and Wang, Wenhai and Li, Hongyang and Xie, Enze and Sima, Chonghao and Lu, Tong and Qiao, Yu and Dai, Jifeng},
  booktitle={ECCV},
  year={2022}
}

@inproceedings{petrv2,
  title={Petrv2: A unified framework for 3d perception from multi-camera images},
  author={Liu, Yingfei and Yan, Junjie and Jia, Fan and Li, Shuailin and Gao, Aqi and Wang, Tiancai and Zhang, Xiangyu},
  booktitle={ICCV},
  year={2023}
}


@inproceedings{bevdepth,
  title={Bevdepth: Acquisition of reliable depth for multi-view 3d object detection},
  author={Li, Yinhao and Ge, Zheng and Yu, Guanyi and Yang, Jinrong and Wang, Zengran and Shi, Yukang and Sun, Jianjian and Li, Zeming},
  booktitle={AAAI},
  year={2023}
}

@inproceedings{crossdtr,
  title={Crossdtr: Cross-view and depth-guided transformers for 3d object detection},
  author={Tseng, Ching-Yu and Chen, Yi-Rong and Lee, Hsin-Ying and Wu, Tsung-Han and Chen, Wen-Chin and Hsu, Winston H},
  booktitle={ICRA},
  year={2023}
}


@article{bevfusion,
  title={Bevfusion: A simple and robust lidar-camera fusion framework},
  author={Liang, Tingting and Xie, Hongwei and Yu, Kaicheng and Xia, Zhongyu and Lin, Zhiwei and Wang, Yongtao and Tang, Tao and Wang, Bing and Tang, Zhi},
  journal={NeurIPS},
  year={2022}
}

@inproceedings{logonet,
  title={Logonet: Towards accurate 3d object detection with local-to-global cross-modal fusion},
  author={Li, Xin and Ma, Tao and Hou, Yuenan and Shi, Botian and Yang, Yuchen and Liu, Youquan and Wu, Xingjiao and Chen, Qin and Li, Yikang and Qiao, Yu and others},
  booktitle={CVPR},
  year={2023}
}

@inproceedings{voxformer,
  title={Voxformer: Sparse voxel transformer for camera-based 3d semantic scene completion},
  author={Li, Yiming and Yu, Zhiding and Choy, Christopher and Xiao, Chaowei and Alvarez, Jose M and Fidler, Sanja and Feng, Chen and Anandkumar, Anima},
  booktitle={CVPR},
  year={2023}
}

@inproceedings{tpvformer,
  title={Tri-perspective view for vision-based 3d semantic occupancy prediction},
  author={Huang, Yuanhui and Zheng, Wenzhao and Zhang, Yunpeng and Zhou, Jie and Lu, Jiwen},
  booktitle={CVPR},
  year={2023}
}

@inproceedings{occformer,
  title={Occformer: Dual-path transformer for vision-based 3d semantic occupancy prediction},
  author={Zhang, Yunpeng and Zhu, Zheng and Du, Dalong},
  booktitle={ICCV},
  year={2023}
}

@inproceedings{surroundocc,
  title={Surroundocc: Multi-camera 3d occupancy prediction for autonomous driving},
  author={Wei, Yi and Zhao, Linqing and Zheng, Wenzhao and Zhu, Zheng and Zhou, Jie and Lu, Jiwen},
  booktitle={ICCV},
  year={2023}
}

@inproceedings{openoccupancy,
  title={Openoccupancy: A large scale benchmark for surrounding semantic occupancy perception},
  author={Wang, Xiaofeng and Zhu, Zheng and Xu, Wenbo and Zhang, Yunpeng and Wei, Yi and Chi, Xu and Ye, Yun and Du, Dalong and Lu, Jiwen and Wang, Xingang},
  booktitle={ICCV},
  year={2023}
}

@inproceedings{occnet,
  title={Scene as occupancy},
  author={Tong, Wenwen and Sima, Chonghao and Wang, Tai and Chen, Li and Wu, Silei and Deng, Hanming and Gu, Yi and Lu, Lewei and Luo, Ping and Lin, Dahua and others},
  booktitle={ICCV},
  year={2023}
}

@article{occ3d,
  title={Occ3d: A large-scale 3d occupancy prediction benchmark for autonomous driving},
  author={Tian, Xiaoyu and Jiang, Tao and Yun, Longfei and Mao, Yucheng and Yang, Huitong and Wang, Yue and Wang, Yilun and Zhao, Hang},
  journal={NeurIPS},
  year={2023}
}

@inproceedings{cotr,
  title={Cotr: Compact occupancy transformer for vision-based 3d occupancy prediction},
  author={Ma, Qihang and Tan, Xin and Qu, Yanyun and Ma, Lizhuang and Zhang, Zhizhong and Xie, Yuan},
  booktitle={CVPR},
  year={2024}
}


@article{ssc,
  title={Safe trajectory generation for complex urban environments using spatio-temporal semantic corridor},
  author={Ding, Wenchao and Zhang, Lu and Chen, Jing and Shen, Shaojie},
  journal={RA-L},
  year={2019}
}

@inproceedings{pip,
  title={Pip: Planning-informed trajectory prediction for autonomous driving},
  author={Song, Haoran and Ding, Wenchao and Chen, Yuxuan and Shen, Shaojie and Wang, Michael Yu and Chen, Qifeng},
  booktitle={ECCV},
  year={2020}
}

@article{epsilon,
  title={Epsilon: An efficient planning system for automated vehicles in highly interactive environments},
  author={Ding, Wenchao and Zhang, Lu and Chen, Jing and Shen, Shaojie},
  journal={T-RO},
  year={2021}
}

@inproceedings{gameformer,
  title={Gameformer: Game-theoretic modeling and learning of transformer-based interactive prediction and planning for autonomous driving},
  author={Huang, Zhiyu and Liu, Haochen and Lv, Chen},
  booktitle={ICCV},
  year={2023}
}

@inproceedings{vlp,
  title={VLP: Vision Language Planning for Autonomous Driving},
  author={Pan, Chenbin and Yaman, Burhaneddin and Nesti, Tommaso and Mallik, Abhirup and Allievi, Alessandro G and Velipasalar, Senem and Ren, Liu},
  booktitle={CVPR},
  year={2024}
}


@inproceedings{fiery,
  title={Fiery: Future instance prediction in bird's-eye view from surround monocular cameras},
  author={Hu, Anthony and Murez, Zak and Mohan, Nikhil and Dudas, Sof{\'\i}a and Hawke, Jeffrey and Badrinarayanan, Vijay and Cipolla, Roberto and Kendall, Alex},
  booktitle={ICCV},
  year={2021}
}

@article{beverse,
  title={Beverse: Unified perception and prediction in birds-eye-view for vision-centric autonomous driving},
  author={Zhang, Yunpeng and Zhu, Zheng and Zheng, Wenzhao and Huang, Junjie and Huang, Guan and Zhou, Jie and Lu, Jiwen},
  journal={arXiv preprint arXiv:2205.09743},
  year={2022}
}

@inproceedings{tbpformer,
  title={TBP-Former: Learning Temporal Bird's-Eye-View Pyramid for Joint Perception and Prediction in Vision-Centric Autonomous Driving},
  author={Fang, Shaoheng and Wang, Zi and Zhong, Yiqi and Ge, Junhao and Chen, Siheng},
  booktitle={CVPR},
  year={2023}
}

@article{motionperceiver,
  title={MotionPerceiver: Real-Time Occupancy Forecasting for Embedded Systems},
  author={Ferenczi, Bryce and Burke, Michael and Drummond, Tom},
  journal={RA-L},
  year={2024}
}


@inproceedings{spf2,
  title={Inverting the pose forecasting pipeline with SPF2: Sequential pointcloud forecasting for sequential pose forecasting},
  author={Weng, Xinshuo and Wang, Jianren and Levine, Sergey and Kitani, Kris and Rhinehart, Nicholas},
  booktitle={CoRL},
  year={2021}
}

@inproceedings{s2net,
  title={S2net: Stochastic sequential pointcloud forecasting},
  author={Weng, Xinshuo and Nan, Junyu and Lee, Kuan-Hui and McAllister, Rowan and Gaidon, Adrien and Rhinehart, Nicholas and Kitani, Kris M},
  booktitle={ECCV},
  year={2022}
}

@inproceedings{selfpoint4d,
  title={Self-supervised point cloud prediction using 3d spatio-temporal convolutional networks},
  author={Mersch, Benedikt and Chen, Xieyuanli and Behley, Jens and Stachniss, Cyrill},
  booktitle={CoRL},
  year={2022}
}

@inproceedings{point4docc,
  title={Point cloud forecasting as a proxy for 4d occupancy forecasting},
  author={Khurana, Tarasha and Hu, Peiyun and Held, David and Ramanan, Deva},
  booktitle={CVPR},
  year={2023}
}

@inproceedings{uno,
  title={UnO: Unsupervised Occupancy Fields for Perception and Forecasting},
  author={Agro, Ben and Sykora, Quinlan and Casas, Sergio and Gilles, Thomas and Urtasun, Raquel},
  booktitle={CVPR},
  year={2024}
}

@inproceedings{sscnet,
  title={Semantic scene completion from a single depth image},
  author={Song, Shuran and Yu, Fisher and Zeng, Andy and Chang, Angel X and Savva, Manolis and Funkhouser, Thomas},
  booktitle={Proceedings of the IEEE conference on computer vision and pattern recognition},
  year={2017}
}

@inproceedings{monoscene,
  title={Monoscene: Monocular 3d semantic scene completion},
  author={Cao, Anh-Quan and De Charette, Raoul},
  booktitle={CVPR},
  year={2022}
}


@article{lstm,
  title={Long short-term memory},
  author={Hochreiter, Sepp and Schmidhuber, J{\"u}rgen},
  journal={Neural Computation},
  year={1997},
}

@inproceedings{resnet,
  title={Deep residual learning for image recognition},
  author={He, Kaiming and Zhang, Xiangyu and Ren, Shaoqing and Sun, Jian},
  booktitle={Proceedings of the IEEE conference on computer vision and pattern recognition},
  year={2016}
}

@inproceedings{swin,
  title={Swin transformer: Hierarchical vision transformer using shifted windows},
  author={Liu, Ze and Lin, Yutong and Cao, Yue and Hu, Han and Wei, Yixuan and Zhang, Zheng and Lin, Stephen and Guo, Baining},
  booktitle={Proceedings of the IEEE/CVF international conference on computer vision},
  pages={10012--10022},
  year={2021}
}

@inproceedings{imagenet,
  title={Imagenet: A large-scale hierarchical image database},
  author={Deng, Jia and Dong, Wei and Socher, Richard and Li, Li-Jia and Li, Kai and Fei-Fei, Li},
  booktitle={2009 IEEE conference on computer vision and pattern recognition},
  pages={248--255},
  year={2009},
  organization={Ieee}
}

@inproceedings{fpn,
  title={Feature pyramid networks for object detection},
  author={Lin, Tsung-Yi and Doll{\'a}r, Piotr and Girshick, Ross and He, Kaiming and Hariharan, Bharath and Belongie, Serge},
  booktitle={Proceedings of the IEEE conference on computer vision and pattern recognition},
  pages={2117--2125},
  year={2017}
}

@inproceedings{dcn,
  title={Deformable convolutional networks},
  author={Dai, Jifeng and Qi, Haozhi and Xiong, Yuwen and Li, Yi and Zhang, Guodong and Hu, Han and Wei, Yichen},
  booktitle={Proceedings of the IEEE international conference on computer vision},
  pages={764--773},
  year={2017}
}

@article{adamw,
  title={Decoupled weight decay regularization},
  author={Loshchilov, Ilya and Hutter, Frank},
  journal={ICLR},
  year={2019}
}

@article{pcpnet,
  title={Pcpnet: An efficient and semantic-enhanced transformer network for point cloud prediction},
  author={Luo, Zhen and Ma, Junyi and Zhou, Zijie and Xiong, Guangming},
  journal={IEEE Robotics and Automation Letters},
  volume={8},
  number={7},
  pages={4267--4274},
  year={2023},
  publisher={IEEE}
}

@inproceedings{surrounddepth,
  title={Surrounddepth: Entangling surrounding views for self-supervised multi-camera depth estimation},
  author={Wei, Yi and Zhao, Linqing and Zheng, Wenzhao and Zhu, Zheng and Rao, Yongming and Huang, Guan and Lu, Jiwen and Zhou, Jie},
  booktitle={Conference on robot learning},
  pages={539--549},
  year={2023},
  organization={PMLR}
}

@inproceedings{cylindrical,
  title={Cylindrical and asymmetrical 3d convolution networks for lidar segmentation},
  author={Zhu, Xinge and Zhou, Hui and Wang, Tai and Hong, Fangzhou and Ma, Yuexin and Li, Wei and Li, Hongsheng and Lin, Dahua},
  booktitle={Proceedings of the IEEE/CVF conference on computer vision and pattern recognition},
  pages={9939--9948},
  year={2021}
}

@article{powerbev,
  title={PowerBEV: a powerful yet lightweight framework for instance prediction in bird's-eye view},
  author={Li, Peizheng and Ding, Shuxiao and Chen, Xieyuanli and Hanselmann, Niklas and Cordts, Marius and Gall, Juergen},
  journal={arXiv preprint arXiv:2306.10761},
  year={2023}
}

@article{driveoccworld,
  title={Driving in the Occupancy World: Vision-Centric 4D Occupancy Forecasting and Planning via World Models for Autonomous Driving}, 
  author={Yu Yang and Jianbiao Mei and Yukai Ma and Siliang Du and Wenqing Chen and Yijie Qian and Yuxiang Feng and Yong Liu},
  journal={arXiv preprint arXiv:2408.14197},
  year={2024}
}

@article{semantickitti,
  author = {J. Behley and M. Garbade and A. Milioto and J. Quenzel and S. Behnke and J. Gall and C. Stachniss},
  title = {{Towards 3D LiDAR-based semantic scene understanding of 3D point cloud sequences: The SemanticKITTI Dataset}},
  journal = {The International Journal on Robotics Research},
  volume = {40},
  number = {8-9},
  pages = {959-967},
  year = {2021},
  doi = {10.1177/02783649211006735}
}

# self-revision
@inproceedings{lss,
  title={Lift, splat, shoot: Encoding images from arbitrary camera rigs by implicitly unprojecting to 3d},
  author={Philion, Jonah and Fidler, Sanja},
  booktitle={Computer Vision--ECCV 2020: 16th European Conference, Glasgow, UK, August 23--28, 2020, Proceedings, Part XIV 16},
  pages={194--210},
  year={2020},
  organization={Springer}
}

@article{bevdet4d,
  title={Bevdet4d: Exploit temporal cues in multi-camera 3d object detection},
  author={Huang, Junjie and Huang, Guan},
  journal={arXiv preprint arXiv:2203.17054},
  year={2022}
}

@article{occsurvey,
  title={A survey on occupancy perception for autonomous driving: The information fusion perspective},
  author={Xu, Huaiyuan and Chen, Junliang and Meng, Shiyu and Wang, Yi and Chau, Lap-Pui},
  journal={Information Fusion},
  volume={114},
  pages={102671},
  year={2025},
  publisher={Elsevier}
}


