@article{ahmed2020tensor,
  title={Tensor regression using low-rank and sparse Tucker decompositions},
  author={Ahmed, Talal and Raja, Haroon and Bajwa, Waheed U},
  journal={SIAM Journal on Mathematics of Data Science},
  volume={2},
  number={4},
  pages={944--966},
  year={2020},
  publisher={SIAM}
}

@article{byeon2025firmfederatedimagereconstruction,
      title={FIRM: Federated Image Reconstruction using Multimodal Tomographic Data}, 
      author={Geunyeong Byeon and Minseok Ryu and Zichao Wendy Di and Kibaek Kim}, 
        journal={arXiv preprint 	arXiv:2501.05642},
      year={2025},
}

@article{dai2023deep,
  title={Deep Learning Model Compression With Rank Reduction in Tensor Decomposition},
  author={Dai, Wei and Fan, Jicong and Miao, Yiming and Hwang, Kai},
  journal={IEEE Transactions on Neural Networks and Learning Systems},
  year={2023},
  publisher={IEEE}
}

@article{gao2021federated,
  title={Federated tensor decomposition-based feature extraction approach for industrial IoT},
  author={Gao, Yuan and Zhang, Guangming and Zhang, Chunchun and Wang, Jinke and Yang, Laurence T and Zhao, Yaliang},
  journal={IEEE Transactions on Industrial Informatics},
  volume={17},
  number={12},
  pages={8541--8549},
  year={2021},
  publisher={IEEE}
}

@article{halko2011finding,
  title={Finding structure with randomness: Probabilistic algorithms for constructing approximate matrix decompositions},
  author={Halko, Nathan and Martinsson, Per-Gunnar and Tropp, Joel A},
  journal={SIAM Review},
  volume={53},
  number={2},
  pages={217--288},
  year={2011},
  publisher={SIAM}
}

@article{han2022optimal,
  title={AN OPTIMAL STATISTICAL AND COMPUTATIONAL FRAMEWORK FOR GENERALIZED TENSOR ESTIMATION},
  author={Han, Rungang and Willett, Rebecca and Zhang, Anru R},
  journal={The Annals of Statistics},
  volume={50},
  number={1},
  pages={1--29},
  year={2022}
}

@inproceedings{jantre2021low,
  title={Low-Rank Tensor Regression for X-Ray Tomography},
  author={Jantre, Sanket R and Di, Zichao Wendy},
  booktitle={2021 IEEE International Conference on Image Processing (ICIP)},
  pages={2833--2837},
  year={2021},
  organization={IEEE}
}

@article{kolda2009tensor,
  title={Tensor decompositions and applications},
  author={Kolda, Tamara G and Bader, Brett W},
  journal={SIAM Review},
  volume={51},
  number={3},
  pages={455--500},
  year={2009},
  publisher={SIAM}
}

@article{lan2023communication,
  title={Communication-efficient federated learning for resource-constrained edge devices},
  author={Lan, Guangchen and Liu, Xiao-Yang and Zhang, Yijing and Wang, Xiaodong},
  journal={IEEE Transactions on Machine Learning in Communications and Networking},
  year={2023},
  publisher={IEEE}
}

@article{liu2024marvel,
  title={Marvel: Towards Efficient Federated Learning on {IoT} Devices},
  author={Liu, Libin and Xu, Xiuting},
  journal={Computer Networks},
  volume={245},
  pages={110375},
  year={2024},
  publisher={Elsevier}
}

@article{nie2024interpretable,
  title={Interpretable Multimodal Tucker Fusion Model With Information Filtering for Multimodal Sentiment Analysis},
  author={Nie, Xin and Yang, Laurence T and Li, Zhe and Deng, Xianjun and Fan, Fulan and Yang, Zecan},
  journal={IEEE Transactions on Computational Social Systems},
  year={2024},
  publisher={IEEE}
}

@article{park2024communicationefficientfederatedlowrankupdate,
      title={Communication-Efficient Federated Low-Rank Update Algorithm and its Connection to Implicit Regularization}, 
      author={Haemin Park and Diego Klabjan},
        journal={arXiv preprint 	arXiv:2409.12371},
      year={2024}
}

@article{qi2024fdlora,
  title={{FDLoRA}: Personalized Federated Learning of Large Language Model via Dual {LoRA} Tuning},
  author={Qi, Jiaxing and Luan, Zhongzhi and Huang, Shaohan and Fung, Carol and Yang, Hailong and Qian, Depei},
  journal={arXiv preprint arXiv:2406.07925},
  year={2024}
}

@inproceedings{sanchez2024federated,
  title={Federated Learning of Tensor Generalized Linear Models with low Separation Rank},
  author={Sanchez, Jose Hoyos and Taki, Batoul and Bajwa, Waheed U and Sarwate, Anand D},
  booktitle={ICASSP 2024-2024 IEEE International Conference on Acoustics, Speech and Signal Processing (ICASSP)},
  pages={2136--2140},
  year={2024},
  organization={IEEE}
}

@article{vannieuwenhoven2012new,
  title={A new truncation strategy for the higher-order singular value decomposition},
  author={Vannieuwenhoven, Nick and Vandebril, Raf and Meerbergen, Karl},
  journal={SIAM Journal on Scientific Computing},
  volume={34},
  number={2},
  pages={A1027--A1052},
  year={2012},
  publisher={SIAM}
}

@inproceedings{wu2022tenalign,
  title={TENALIGN: Joint Tensor Alignment and Coupled Factorization},
  author={Wu, Yunshu and Saini, Uday Singh and Chen, Jia and Papalexakis, Evangelos E},
  booktitle={2022 IEEE International Conference on Data Mining (ICDM)},
  pages={568--577},
  year={2022},
  organization={IEEE}
}

@article{yi2023fedlora,
  title={{FedLoRA}: Model-heterogeneous personalized federated learning with {LoRA} tuning},
  author={Yi, Liping and Yu, Han and Wang, Gang and Liu, Xiaoguang},
  journal={arXiv preprint arXiv:2310.13283},
  year={2023}
}

@article{zhang2024federated,
  title={Federated Learning Using Coupled Tensor Train Decomposition},
  author={Zhang, Xiangtao and Kofidis, Eleftherios and Zhu, Ce and Zhang, Le and Liu, Yipeng},
  journal={arXiv preprint arXiv:2403.02898},
  year={2024}
}

@article{zheng2021distributed,
  title={A distributed hierarchical deep computation model for federated learning in edge computing},
  author={Zheng, Haifeng and Gao, Min and Chen, Zhizhang and Feng, Xinxin},
  journal={IEEE Transactions on Industrial Informatics},
  volume={17},
  number={12},
  pages={7946--7956},
  year={2021},
  publisher={IEEE}
}

@article{zhou2014decomposition,
  title={Decomposition of big tensors with low multilinear rank},
  author={Zhou, Guoxu and Cichocki, Andrzej and Xie, Shengli},
  journal={arXiv preprint arXiv:1412.1885},
  year={2014}
}

@inproceedings{zhou2023multi,
  title={Multi-source Heterogeneous Data Fusion Algorithm Based on Federated Learning},
  author={Zhou, Jincheng and Lei, Yang},
  booktitle={International Conference on Soft Computing in Data Science},
  pages={46--60},
  year={2023},
  organization={Springer}
}

