@article{guo2011tensor,
  title={Tensor learning for regression},
  author={Guo, Weiwei and Kotsia, Irene and Patras, Ioannis},
  journal={IEEE Transactions on Image Processing},
  volume={21},
  number={2},
  pages={816--827},
  year={2011},
  publisher={IEEE}
}

@article{zhou2013tensor,
  title={Tensor regression with applications in neuroimaging data analysis},
  author={Zhou, Hua and Li, Lexin and Zhu, Hongtu},
  journal={Journal of the American Statistical Association},
  volume={108},
  number={502},
  pages={540--552},
  year={2013},
  publisher={Taylor \& Francis}
}

@article{li2018tucker,
  title={Tucker tensor regression and neuroimaging analysis},
  author={Li, Xiaoshan and Xu, Da and Zhou, Hua and Li, Lexin},
  journal={Statistics in Biosciences},
  volume={10},
  pages={520--545},
  year={2018},
  publisher={Springer}
}

@article{ahmed2020tensor,
  title={Tensor regression using low-rank and sparse Tucker decompositions},
  author={Ahmed, Talal and Raja, Haroon and Bajwa, Waheed U},
  journal={SIAM Journal on Mathematics of Data Science},
  volume={2},
  number={4},
  pages={944--966},
  year={2020},
  publisher={SIAM}
}

@article{novikov2015tensorizing,
  title={Tensorizing neural networks},
  author={Novikov, Alexander and Podoprikhin, Dmitrii and Osokin, Anton and Vetrov, Dmitry P},
  journal={Advances in neural information processing systems},
  volume={28},
  year={2015}
}

@article{hawkins2021bayesian,
  title={Bayesian tensorized neural networks with automatic rank selection},
  author={Hawkins, Cole and Zhang, Zheng},
  journal={Neurocomputing},
  volume={453},
  pages={172--180},
  year={2021},
  publisher={Elsevier}
}

@article{huang2018ltnn,
  title={LTNN: A layerwise tensorized compression of multilayer neural network},
  author={Huang, Hantao and Yu, Hao},
  journal={IEEE transactions on neural networks and learning systems},
  volume={30},
  number={5},
  pages={1497--1511},
  year={2018},
  publisher={IEEE}
}

@article{ma2022lightweight,
  title={Lightweight tensorized neural networks for hyperspectral image classification},
  author={Ma, Tian-Yu and Li, Heng-Chao and Wang, Rui and Du, Qian and Jia, Xiuping and Plaza, Antonio},
  journal={IEEE Transactions on Geoscience and Remote Sensing},
  volume={60},
  pages={1--16},
  year={2022},
  publisher={IEEE}
}

@inproceedings{yang2017tensor,
  title={Tensor-train recurrent neural networks for video classification},
  author={Yang, Yinchong and Krompass, Denis and Tresp, Volker},
  booktitle={International Conference on Machine Learning},
  pages={3891--3900},
  year={2017},
  organization={PMLR}
}

@article{wu2021tensor,
  title={Tensor-based recurrent neural network and multi-modal prediction with its applications in traffic network management},
  author={Wu, Qing and Jiang, Zhe and Hong, Kewei and Liu, Huazhong and Yang, Laurence T and Ding, Jihong},
  journal={IEEE Transactions on Network and Service Management},
  volume={18},
  number={1},
  pages={780--792},
  year={2021},
  publisher={IEEE}
}

@inproceedings{pan2019compressing,
  title={Compressing recurrent neural networks with tensor ring for action recognition},
  author={Pan, Yu and Xu, Jing and Wang, Maolin and Ye, Jinmian and Wang, Fei and Bai, Kun and Xu, Zenglin},
  booktitle={Proceedings of the AAAI Conference on Artificial Intelligence},
  volume={33},
  number={01},
  pages={4683--4690},
  year={2019}
}

@article{sorber2015structured,
  title={Structured data fusion},
  author={Sorber, Laurent and Van Barel, Marc and De Lathauwer, Lieven},
  journal={IEEE Journal of Selected Topics in Signal Processing},
  volume={9},
  number={4},
  pages={586--600},
  year={2015},
  publisher={IEEE}
}

@inproceedings{hu2017attribute,
  title={Attribute-enhanced face recognition with neural tensor fusion networks},
  author={Hu, Guosheng and Hua, Yang and Yuan, Yang and Zhang, Zhihong and Lu, Zheng and Mukherjee, Sankha S and Hospedales, Timothy M and Robertson, Neil M and Yang, Yongxin},
  booktitle={Proceedings of the IEEE International Conference on Computer Vision},
  pages={3744--3753},
  year={2017}
}

@article{gao2021federated,
  title={Federated tensor decomposition-based feature extraction approach for industrial IoT},
  author={Gao, Yuan and Zhang, Guangming and Zhang, Chunchun and Wang, Jinke and Yang, Laurence T and Zhao, Yaliang},
  journal={IEEE Transactions on Industrial Informatics},
  volume={17},
  number={12},
  pages={8541--8549},
  year={2021},
  publisher={IEEE}
}


@inproceedings{ma2019privacy,
  title={Privacy-preserving tensor factorization for collaborative health data analysis},
  author={Ma, Jing and Zhang, Qiuchen and Lou, Jian and Ho, Joyce C and Xiong, Li and Jiang, Xiaoqian},
  booktitle={Proceedings of the 28th ACM International Conference on Information and Knowledge Management},
  pages={1291--1300},
  year={2019}
}

@article{davison1983ill,
  title={The ill-conditioned nature of the limited angle tomography problem},
  author={Davison, Mark E},
  journal={SIAM Journal on Applied Mathematics},
  volume={43},
  number={2},
  pages={428--448},
  year={1983},
  publisher={SIAM}
}

@article{di2016optimization,
  title={Optimization-based approach for joint x-ray fluorescence and transmission tomographic inversion},
  author={Di, Zichao and Leyffer, Sven and Wild, Stefan M},
  journal={SIAM Journal on Imaging Sciences},
  volume={9},
  number={1},
  pages={1--23},
  year={2016},
  publisher={SIAM}
}

@article{semerci2014tensor,
  title={Tensor-based formulation and nuclear norm regularization for multienergy computed tomography},
  author={Semerci, Oguz and Hao, Ning and Kilmer, Misha E and Miller, Eric L},
  journal={IEEE Transactions on Image Processing},
  volume={23},
  number={4},
  pages={1678--1693},
  year={2014},
  publisher={IEEE}
}

@inproceedings{jantre2021low,
  title={Low-Rank Tensor Regression for X-Ray Tomography},
  author={Jantre, Sanket R and Di, Zichao Wendy},
  booktitle={2021 IEEE International Conference on Image Processing (ICIP)},
  pages={2833--2837},
  year={2021},
  organization={IEEE}
}

@article{yang2023hypernetwork,
  title={Hypernetwork-based physics-driven personalized federated learning for {CT} imaging},
  author={Yang, Ziyuan and Xia, Wenjun and Lu, Zexin and Chen, Yingyu and Li, Xiaoxiao and Zhang, Yi},
  journal={IEEE Transactions on Neural Networks and Learning Systems},
  year={2023},
  publisher={IEEE}
}

@inproceedings{li2023semi,
  title={Semi-centralized federated learning network for low-dose {CT} imaging},
  author={Li, Danyang and Wang, Hao and Liao, Jingyi and Meng, Mingqiang and Zeng, Cuidie and Wang, Yuting and Zeng, Dong and Ma, Jianhua},
  booktitle={Medical Imaging 2023: Physics of Medical Imaging},
  volume={12463},
  pages={1024--1028},
  year={2023},
  organization={SPIE}
}

@inproceedings{chen2023federated,
  title={Federated Condition Generalization on Low-dose CT Reconstruction via Cross-domain Learning},
  author={Chen, Shixuan and Cao, Boxuan and Du, Yinda and Zhang, Yaoduo and He, Ji and Bian, Zhaoying and Zeng, Dong and Ma, Jianhua},
  booktitle={International Conference on Medical Image Computing and Computer-Assisted Intervention},
  pages={47--56},
  year={2023},
  organization={Springer}
}
@article{lin2017deep,
  title={Deep gradient compression: Reducing the communication bandwidth for distributed training},
  author={Lin, Yujun and Han, Song and Mao, Huizi and Wang, Yu and Dally, William J},
  journal={arXiv preprint arXiv:1712.01887},
  year={2017}
}

@article{aji2017sparse,
  title={Sparse communication for distributed gradient descent},
  author={Aji, Alham Fikri and Heafield, Kenneth},
  journal={arXiv preprint arXiv:1704.05021},
  year={2017}
}

@article{alistarh2017qsgd,
  title={QSGD: Communication-efficient SGD via gradient quantization and encoding},
  author={Alistarh, Dan and Grubic, Demjan and Li, Jerry and Tomioka, Ryota and Vojnovic, Milan},
  journal={Advances in neural information processing systems},
  volume={30},
  year={2017}
}

@inproceedings{wang2018edge,
  title={When edge meets learning: Adaptive control for resource-constrained distributed machine learning},
  author={Wang, Shiqiang and Tuor, Tiffany and Salonidis, Theodoros and Leung, Kin K and Makaya, Christian and He, Ting and Chan, Kevin},
  booktitle={IEEE INFOCOM 2018-IEEE conference on computer communications},
  pages={63--71},
  year={2018},
  organization={IEEE}
}

@article{malekijoo2021fedzip,
  title={Fedzip: A compression framework for communication-efficient federated learning},
  author={Malekijoo, Amirhossein and Fadaeieslam, Mohammad Javad and Malekijou, Hanieh and Homayounfar, Morteza and Alizadeh-Shabdiz, Farshid and Rawassizadeh, Reza},
  journal={arXiv preprint arXiv:2102.01593},
  year={2021}}

@article{wen2017terngrad,
  title={Terngrad: Ternary gradients to reduce communication in distributed deep learning},
  author={Wen, Wei and Xu, Cong and Yan, Feng and Wu, Chunpeng and Wang, Yandan and Chen, Yiran and Li, Hai},
  journal={Advances in neural information processing systems},
  volume={30},
  year={2017}
}

@article{sattler2019robust,
  title={Robust and communication-efficient federated learning from non-iid data},
  author={Sattler, Felix and Wiedemann, Simon and M{\"u}ller, Klaus-Robert and Samek, Wojciech},
  journal={IEEE Transactions on Neural Networks and Learning Systems},
  volume={31},
  number={9},
  pages={3400--3413},
  year={2019},
  publisher={IEEE}
}

@article{wang2023communication,   
    title={Communication compression techniques in distributed deep learning: A survey},
    author={Wang, Zeqin and Wen, Ming and Xu, Yuedong and Zhou, Yipeng and Wang, Jessie Hui and Zhang, Liang},
    journal={Journal of Systems Architecture},
    volume={142},
    pages={102927},
    year={2023},
    publisher={Elsevier} 
}

@article{zheng2021distributed,
  title={A distributed hierarchical deep computation model for federated learning in edge computing},
  author={Zheng, Haifeng and Gao, Min and Chen, Zhizhang and Feng, Xinxin},
  journal={IEEE Transactions on Industrial Informatics},
  volume={17},
  number={12},
  pages={7946--7956},
  year={2021},
  publisher={IEEE}
}

@article{zhao2024multi,
  title={A multi-modal tensor ring decomposition for communication-efficient and trustworthy federated learning for its in COVID-19 scenario},
  author={Zhao, Ruonan and Yang, Laurence T and Liu, Debin and Zhou, Xiaokang and Deng, Xianjun and Tang, Xueming},
  journal={IEEE Transactions on Intelligent Transportation Systems},
  year={2024},
  publisher={IEEE}
}

@article{yao2021fedhm,   
    title={Fedhm: Efficient federated learning for heterogeneous models via low-rank factorization},
    author={Yao, Dezhong and Pan, Wanning and O'Neill, Michael J and Dai, Yutong and Wan, Yao and Jin, Hai and Sun, Lichao},
    journal={arXiv preprint arXiv:2111.14655},   
    year={2021} 
}

@article{hyeon2021fedpara,
  title={Fedpara: Low-rank hadamard product for communication-efficient federated learning},
  author={Hyeon-Woo, Nam and Ye-Bin, Moon and Oh, Tae-Hyun},
  journal={arXiv preprint arXiv:2108.06098},
  year={2021}
}

@article{wang2022tensor,
  title={Tensor decomposition based personalized federated learning},
  author={Wang, Qing and Jin, Jing and Liu, Xiaofeng and Zong, Huixuan and Shao, Yunfeng and Li, Yinchuan},
  journal={arXiv preprint arXiv:2208.12959},
  year={2022}
}

@article{zhao2023tensor,
  title={Tensor-Empowered LSTM for Communication-Efficient and Privacy-Enhanced Cognitive Federated Learning in Intelligent Transportation Systems},
  author={Zhao, Ruonan and Yang, Laurence T and Liu, Debin and Lu, Wanli and Zhu, Chenlu and Ruan, Yiheng},
  journal={ACM Transactions on Multimedia Computing, Communications and Applications},
  volume={20},
  number={2},
  pages={1--21},
  year={2023},
  publisher={ACM New York, NY}
}

@inproceedings{sanchez2024federated,
  title={Federated Learning of Tensor Generalized Linear Models with low Separation Rank},
  author={Sanchez, Jose Hoyos and Taki, Batoul and Bajwa, Waheed U and Sarwate, Anand D},
  booktitle={ICASSP 2024-2024 IEEE International Conference on Acoustics, Speech and Signal Processing (ICASSP)},
  pages={2136--2140},
  year={2024},
  organization={IEEE}
}

@article{mei2022resource,
  title={Resource-adaptive federated learning with all-in-one neural composition},
  author={Mei, Yiqun and Guo, Pengfei and Zhou, Mo and Patel, Vishal},
  journal={Advances in Neural Information Processing Systems},
  volume={35},
  pages={4270--4284},
  year={2022}
}

@article{dai2023deep,
  title={Deep Learning Model Compression With Rank Reduction in Tensor Decomposition},
  author={Dai, Wei and Fan, Jicong and Miao, Yiming and Hwang, Kai},
  journal={IEEE Transactions on Neural Networks and Learning Systems},
  year={2023},
  publisher={IEEE}
}

@article{lan2023communication,
  title={Communication-efficient federated learning for resource-constrained edge devices},
  author={Lan, Guangchen and Liu, Xiao-Yang and Zhang, Yijing and Wang, Xiaodong},
  journal={IEEE Transactions on Machine Learning in Communications and Networking},
  year={2023},
  publisher={IEEE}
}

@article{zhang2024federated,
  title={Federated Learning Using Coupled Tensor Train Decomposition},
  author={Zhang, Xiangtao and Kofidis, Eleftherios and Zhu, Ce and Zhang, Le and Liu, Yipeng},
  journal={arXiv preprint arXiv:2403.02898},
  year={2024}
}

@article{liu2024marvel,
  title={Marvel: Towards Efficient Federated Learning on {IoT} Devices},
  author={Liu, Libin and Xu, Xiuting},
  journal={Computer Networks},
  volume={245},
  pages={110375},
  year={2024},
  publisher={Elsevier}
}

@article{vogels2020practical,
  title={Practical low-rank communication compression in decentralized deep learning},
  author={Vogels, Thijs and Karimireddy, Sai Praneeth and Jaggi, Martin},
  journal={Advances in Neural Information Processing Systems},
  volume={33},
  pages={14171--14181},
  year={2020}
}

@article{kolda2009tensor,
  title={Tensor decompositions and applications},
  author={Kolda, Tamara G and Bader, Brett W},
  journal={SIAM Review},
  volume={51},
  number={3},
  pages={455--500},
  year={2009},
  publisher={SIAM}
}

@article{de2000multilinear,
  title={A multilinear singular value decomposition},
  author={De Lathauwer, Lieven and De Moor, Bart and Vandewalle, Joos},
  journal={SIAM journal on Matrix Analysis and Applications},
  volume={21},
  number={4},
  pages={1253--1278},
  year={2000},
  publisher={SIAM}
}




%%%%%%%%%%%%%%%%%%%%





@inproceedings{kim2017federated,
  title={Federated tensor factorization for computational phenotyping},
  author={Kim, Yejin and Sun, Jimeng and Yu, Hwanjo and Jiang, Xiaoqian},
  booktitle={Proceedings of the 23rd ACM SIGKDD International Conference on Knowledge Discovery and Data Mining},
  pages={887--895},
  year={2017}
}

@inproceedings{babu2023tensor,
  title={Tensor Low Rank Column-Wise Compressive Sensing for Dynamic Imaging},
  author={Babu, Silpa and Aviyente, Selin and Vaswani, Namrata},
  booktitle={ICASSP 2023-2023 IEEE International Conference on Acoustics, Speech and Signal Processing (ICASSP)},
  pages={1--5},
  year={2023},
  organization={IEEE}
}

@inproceedings{chai2022practical,
  title={Practical lossless federated singular vector decomposition over billion-scale data},
  author={Chai, Di and Wang, Leye and Zhang, Junxue and Yang, Liu and Cai, Shuowei and Chen, Kai and Yang, Qiang},
  booktitle={Proceedings of the 28th ACM SIGKDD Conference on Knowledge Discovery and Data Mining},
  pages={46--55},
  year={2022}
}

@article{vannieuwenhoven2012new,
  title={A new truncation strategy for the higher-order singular value decomposition},
  author={Vannieuwenhoven, Nick and Vandebril, Raf and Meerbergen, Karl},
  journal={SIAM Journal on Scientific Computing},
  volume={34},
  number={2},
  pages={A1027--A1052},
  year={2012},
  publisher={SIAM}
}

@inproceedings{mcmahan2017communication,
  title={Communication-efficient learning of deep networks from decentralized data},
  author={McMahan, Brendan and Moore, Eider and Ramage, Daniel and Hampson, Seth and y Arcas, Blaise Aguera},
  booktitle={Artificial Intelligence and Statistics},
  pages={1273--1282},
  year={2017},
  organization={PMLR}
}

@article{di2017joint,
  title={Joint reconstruction of x-ray fluorescence and transmission tomography},
  author={Di, Zichao Wendy and Chen, Si and Hong, Young Pyo and Jacobsen, Chris and Leyffer, Sven and Wild, Stefan M},
  journal={Optics express},
  volume={25},
  number={12},
  pages={13107--13124},
  year={2017},
  publisher={Optica Publishing Group}
}

@article{gach20082d,
  title={{2D} \& {3D} {Shepp-Logan} phantom standards for {MRI}},
  author={Gach, H Michael and Tanase, Costin and Boada, Fernando},
  booktitle={2008 19th International Conference on Systems Engineering},
  pages={521--526},
  year={2008},
  organization={IEEE}
}

@article{zhou2014decomposition,
  title={Decomposition of big tensors with low multilinear rank},
  author={Zhou, Guoxu and Cichocki, Andrzej and Xie, Shengli},
  journal={arXiv preprint arXiv:1412.1885},
  year={2014}
}

@article{halko2011finding,
  title={Finding structure with randomness: Probabilistic algorithms for constructing approximate matrix decompositions},
  author={Halko, Nathan and Martinsson, Per-Gunnar and Tropp, Joel A},
  journal={SIAM Review},
  volume={53},
  number={2},
  pages={217--288},
  year={2011},
  publisher={SIAM}
}

@article{han2022optimal,
  title={AN OPTIMAL STATISTICAL AND COMPUTATIONAL FRAMEWORK FOR GENERALIZED TENSOR ESTIMATION},
  author={Han, Rungang and Willett, Rebecca and Zhang, Anru R},
  journal={The Annals of Statistics},
  volume={50},
  number={1},
  pages={1--29},
  year={2022}
}

@inproceedings{song2023federated,
  title={Federated learning via decentralized dataset distillation in resource-constrained edge environments},
  author={Song, Rui and Liu, Dai and Chen, Dave Zhenyu and Festag, Andreas and Trinitis, Carsten and Schulz, Martin and Knoll, Alois},
  booktitle={2023 International Joint Conference on Neural Networks (IJCNN)},
  pages={1--10},
  year={2023},
  organization={IEEE}
}

@inproceedings{wu2022tenalign,
  title={TENALIGN: Joint Tensor Alignment and Coupled Factorization},
  author={Wu, Yunshu and Saini, Uday Singh and Chen, Jia and Papalexakis, Evangelos E},
  booktitle={2022 IEEE International Conference on Data Mining (ICDM)},
  pages={568--577},
  year={2022},
  organization={IEEE}
}

@article{yi2023fedlora,
  title={{FedLoRA}: Model-heterogeneous personalized federated learning with {LoRA} tuning},
  author={Yi, Liping and Yu, Han and Wang, Gang and Liu, Xiaoguang},
  journal={arXiv preprint arXiv:2310.13283},
  year={2023}
}

@article{qi2024fdlora,
  title={{FDLoRA}: Personalized Federated Learning of Large Language Model via Dual {LoRA} Tuning},
  author={Qi, Jiaxing and Luan, Zhongzhi and Huang, Shaohan and Fung, Carol and Yang, Hailong and Qian, Depei},
  journal={arXiv preprint arXiv:2406.07925},
  year={2024}
}

@article{byeon2025firmfederatedimagereconstruction,
      title={FIRM: Federated Image Reconstruction using Multimodal Tomographic Data}, 
      author={Geunyeong Byeon and Minseok Ryu and Zichao Wendy Di and Kibaek Kim}, 
        journal={arXiv preprint 	arXiv:2501.05642},
      year={2025},
}
@article{tachella2022unsupervised,
  title={Unsupervised learning from incomplete measurements for inverse problems},
  author={Tachella, Juli{\'a}n and Chen, Dongdong and Davies, Mike},
  journal={Advances in Neural Information Processing Systems},
  volume={35},
  pages={4983--4995},
  year={2022}
}

@article{nie2024interpretable,
  title={Interpretable Multimodal Tucker Fusion Model With Information Filtering for Multimodal Sentiment Analysis},
  author={Nie, Xin and Yang, Laurence T and Li, Zhe and Deng, Xianjun and Fan, Fulan and Yang, Zecan},
  journal={IEEE Transactions on Computational Social Systems},
  year={2024},
  publisher={IEEE}
}

@inproceedings{zhou2023multi,
  title={Multi-source Heterogeneous Data Fusion Algorithm Based on Federated Learning},
  author={Zhou, Jincheng and Lei, Yang},
  booktitle={International Conference on Soft Computing in Data Science},
  pages={46--60},
  year={2023},
  organization={Springer}
}

@article{park2024communicationefficientfederatedlowrankupdate,
      title={Communication-Efficient Federated Low-Rank Update Algorithm and its Connection to Implicit Regularization}, 
      author={Haemin Park and Diego Klabjan},
        journal={arXiv preprint 	arXiv:2409.12371},
      year={2024}
}