@article{cvitkovic2020supervisedrd,
  title={Supervised Learning on Relational Databases with Graph Neural Networks},
  author={Milan Cvitkovic},
  journal={ICLR Workshop on Representation Learning on Graphs and Manifolds},
  year={2019},
}

@article{fey2023relational,
  title={Relational Deep Learning: Graph Representation Learning on Relational Databases},
  author={Fey, Matthias and Hu, Weihua and Huang, Kexin and Lenssen, Jan Eric and Ranjan, Rishabh and Robinson, Joshua and Ying, Rex and You, Jiaxuan and Leskovec, Jure},
  journal={ICML Position Paper},
  year={2024}
}

@InProceedings{schlichtkrull2018relational,
author="Schlichtkrull, Michael
and Kipf, Thomas N.
and Bloem, Peter
and vanÂ den Berg, Rianne
and Titov, Ivan
and Welling, Max",
editor="Gangemi, Aldo
and Navigli, Roberto
and Vidal, Maria-Esther
and Hitzler, Pascal
and Troncy, Rapha{\"e}l
and Hollink, Laura
and Tordai, Anna
and Alam, Mehwish",
title="Modeling Relational Data with Graph Convolutional Networks",
booktitle="The Semantic Web",
year="2018",
publisher="Springer International Publishing",
address="Cham",
pages="593--607",
}

@book{vsir2021deep,
  title={Deep Learning with Relational Logic Representations},
  author={{\v{S}}{\'\i}r, Gustav},
  year={2021},
  publisher={Czech Technical University}
}

@inproceedings{wang2014knowledge,
  title={Knowledge graph embedding by translating on hyperplanes},
  author={Wang, Zhen and Zhang, Jianwen and Feng, Jianlin and Chen, Zheng},
  booktitle={Proceedings of the AAAI conference on artificial intelligence},
  volume={28},
  number={1},
  year={2014}
}

@article{wang2017knowledge,
  title={Knowledge graph embedding: A survey of approaches and applications},
  author={Wang, Quan and Mao, Zhendong and Wang, Bin and Guo, Li},
  journal={IEEE Transactions on Knowledge and Data Engineering},
  volume={29},
  number={12},
  pages={2724--2743},
  year={2017},
  publisher={IEEE}
}

@article{wydmuch2024tackling,
  title={Tackling prediction tasks in relational databases with LLMs},
  author={Wydmuch, Marek and Borchmann, {\L}ukasz and Grali{\'n}ski, Filip},
  journal={arXiv preprint arXiv:2411.11829},
  year={2024}
}

@article{yuan2024contextgnn,
  title={ContextGNN: Beyond Two-Tower Recommendation Systems},
  author={Yuan, Yiwen and Zhang, Zecheng and He, Xinwei and Nitta, Akihiro and Hu, Weihua and Wang, Dong and Shah, Manan and Huang, Shenyang and Stojanovi{\v{c}}, Bla{\v{z}} and Krumholz, Alan and others},
  journal={arXiv preprint arXiv:2411.19513},
  year={2024}
}

@inproceedings{zahradnik2023deep,
  title={A Deep Learning Blueprint for Relational Databases},
  author={Zahradn{\'\i}k, Luk{\'a}{\v{s}} and Neumann, Jan and {\v{S}}{\'\i}r, Gustav},
  booktitle={NeurIPS 2023 Second Table Representation Learning Workshop},
  year={2023}
}

