% Please use standardized venue strings where possible, to ensure consistenty of bibliographyå. Please add any additional venues that are common.


@string{icml = "International Conference on Machine Learning (ICML)"}
@string{neurips = "Advances in Neural Information Processing Systems (NeurIPS)"}
@string{eccv = "European Conference on Computer Vision (ECCV)"}
@string{iccv = "International Conference on Computer Vision (ICCV)"}
@string{cvpr = "IEEE Conference on Computer Vision and Pattern Recognition (CVPR)"}
@string{aistats = "Proceedings International Conference on Artificial Intelligence and Statistics (AISTATS)"}
@string{iclr = "International Conference on Learning Representations (ICLR)"}
@string{colt = "Conference on Learning Theory (COLT)"}
@string{aaai = "Association for the Advancement of Artificial Intelligence (AAAI)"}
@string{tmlr = "Transactions on Machine Learning Research (TMLR)"}
@string{naacl = "North American Chapter of the Association for Computational Linguistics (NAACL)"}
@string { arxiv = "arXiv pre-print"}
@string{naacl = "North American Chapter of the Association for Computational Linguistics (NAACL)"}
@string{kdd = "ACM SIGKDD Conference on Knowledge Discovery and Data Mining (KDD)"}

@inproceedings{
robinson2024relbench,
title={RelBench: A Benchmark for Deep Learning on Relational Databases},
author={Joshua Robinson and Rishabh Ranjan and Weihua Hu and Kexin Huang and Jiaqi Han and Alejandro Dobles and Matthias Fey and Jan Eric Lenssen and Yiwen Yuan and Zecheng Zhang and Xinwei He and Jure Leskovec},
booktitle={The Thirty-eight Conference on Neural Information Processing Systems Datasets and Benchmarks Track},
year={2024},
url={https://openreview.net/forum?id=WEFxOm3Aez}
}


@article{codd1970relational,
  title={A relational model of data for large shared data banks},
  author={Codd, Edgar F},
  journal={Communications of the ACM},
  volume={13},
  number={6},
  pages={377--387},
  year={1970},
  publisher={ACM New York, NY, USA}
}

@inproceedings{wang2019neural,
  title={Neural graph collaborative filtering},
  author={Wang, Xiang and He, Xiangnan and Wang, Meng and Feng, Fuli and Chua, Tat-Seng},
  booktitle={Proceedings of the 42nd international ACM SIGIR conference on Research and development in Information Retrieval},
  pages={165--174},
  year={2019}
}

@inproceedings{you2021identity,
  title={Identity-aware graph neural networks},
  author={You, Jiaxuan and Gomes-Selman, Jonathan M and Ying, Rex and Leskovec, Jure},
  booktitle={Proceedings of the AAAI conference on artificial intelligence},
  pages={10737--10745},
  year={2021}
}

@inproceedings{ke2017lightgbm,
  title={Lightgbm: A highly efficient gradient boosting decision tree},
  author={Ke, Guolin and Meng, Qi and Finley, Thomas and Wang, Taifeng and Chen, Wei and Ma, Weidong and Ye, Qiwei and Liu, Tie-Yan},
  booktitle=neurips,
  volume={30},
  year={2017}
}

@article{hanley1983method,
  title={A method of comparing the areas under receiver operating characteristic curves derived from the same cases.},
  author={Hanley, James A and McNeil, Barbara J},
  journal={Radiology},
  volume={148},
  number={3},
  pages={839--843},
  year={1983}
}

@article{geirhos2020shortcut,
  title={Shortcut learning in deep neural networks},
  author={Geirhos, Robert and Jacobsen, J{\"o}rn-Henrik and Michaelis, Claudio and Zemel, Richard and Brendel, Wieland and Bethge, Matthias and Wichmann, Felix A},
  journal={Nature Machine Intelligence},
  volume={2},
  number={11},
  pages={665--673},
  year={2020},
  publisher={Nature Publishing Group UK London}
}


@book{zheng2018feature,
  title={Feature engineering for machine learning: principles and techniques for data scientists},
  author={Zheng, Alice and Casari, Amanda},
  year={2018},
  publisher={" O'Reilly Media, Inc."}
}

@misc{kaggle-survey,
    author = {{Kaggle}},
    title = {{Kaggle Data Science \& Machine Learning Survey}},
    year = {2022},
    note = {Available: \url{https://www.kaggle.com/code/paultimothymooney/kaggle-survey-2022-all-results/notebook}},
    urldate = {2023-11-5}, 
}

@inproceedings{heaton2016empirical,
  title={An empirical analysis of feature engineering for predictive modeling},
  author={Heaton, Jeff},
  booktitle={SoutheastCon 2016},
  pages={1--6},
  year={2016},
  organization={IEEE}
}

@article{huang2024temporal,
  title={Temporal graph benchmark for machine learning on temporal graphs},
  author={Huang, Shenyang and Poursafaei, Farimah and Danovitch, Jacob and Fey, Matthias and Hu, Weihua and Rossi, Emanuele and Leskovec, Jure and Bronstein, Michael and Rabusseau, Guillaume and Rabbany, Reihaneh},
  journal={Advances in Neural Information Processing Systems},
  volume={36},
  year={2024}
}

@article{morris2020tudataset,
  title={Tudataset: A collection of benchmark datasets for learning with graphs},
  author={Morris, Christopher and Kriege, Nils M and Bause, Franka and Kersting, Kristian and Mutzel, Petra and Neumann, Marion},
  journal={arXiv preprint arXiv:2007.08663},
  year={2020}
}

@article{krizhevsky2017imagenet,
  title={ImageNet classification with deep convolutional neural networks},
  author={Krizhevsky, Alex and Sutskever, Ilya and Hinton, Geoffrey E},
  journal={Communications of the ACM},
  volume={60},
  number={6},
  pages={84--90},
  year={2017},
  publisher={AcM New York, NY, USA}
} 

@inproceedings{deng2009imagenet,
  title={Imagenet: A large-scale hierarchical image database},
  author={Deng, Jia and Dong, Wei and Socher, Richard and Li, Li-Jia and Li, Kai and Fei-Fei, Li},
  booktitle={2009 IEEE conference on computer vision and pattern recognition},
  pages={248--255},
  year={2009},
  organization={Ieee}
}

@inproceedings{hamilton2017inductive,
  title={Inductive Representation Learning on Large Graphs},
  author={Hamilton, Will and Ying, Zhitao and Leskovec, Jure},
  booktitle=neurips,
  year={2017}
}


@inproceedings{gilmer2017mpgnn,
author = {Gilmer, Justin and Schoenholz, Samuel S. and Riley, Patrick F. and Vinyals, Oriol and Dahl, George E.},
title = {Neural Message Passing for Quantum Chemistry},
year = {2017},
booktitle = icml,
pages = {1263–1272},
}

@inproceedings{zhu2023xtab,
  title={XTab: Cross-table Pretraining for Tabular Transformers},
  author={Zhu, Bingzhao and Shi, Xingjian and Erickson, Nick and Li, Mu and Karypis, George and Shoaran, Mahsa},
  booktitle=icml,
  year={2023}
}

@article{rendle2012bpr,
  title={BPR: Bayesian personalized ranking from implicit feedback},
  author={Rendle, Steffen and Freudenthaler, Christoph and Gantner, Zeno and Schmidt-Thieme, Lars},
  journal={arXiv preprint arXiv:1205.2618},
  year={2012}
}

@inproceedings{zahradnik2023deep,
  title={A Deep Learning Blueprint for Relational Databases},
  author={Zahradn{\'\i}k, Luk{\'a}{\v{s}} and Neumann, Jan and {\v{S}}{\'\i}r, Gustav},
  booktitle={NeurIPS 2023 Second Table Representation Learning Workshop},
  year={2023}
}

@article{kapoor2023leakage,
  title={Leakage and the reproducibility crisis in machine-learning-based science},
  author={Kapoor, Sayash and Narayanan, Arvind},
  journal={Patterns},
  volume={4},
  number={9},
  year={2023},
  publisher={Elsevier}
}



@article{lundberg2017unified,
  title={A unified approach to interpreting model predictions},
  author={Lundberg, Scott M and Lee, Su-In},
  journal={Advances in neural information processing systems},
  volume={30},
  year={2017}
}

@inproceedings{ni2019justifying,
  title={Justifying recommendations using distantly-labeled reviews and fine-grained aspects},
  author={Ni, Jianmo and Li, Jiacheng and McAuley, Julian},
  booktitle={Proceedings of the 2019 conference on empirical methods in natural language processing and the 9th international joint conference on natural language processing (EMNLP-IJCNLP)},
  pages={188--197},
  year={2019}
}

@article{fey2023relational,
  title={Relational Deep Learning: Graph Representation Learning on Relational Databases},
  author={Fey, Matthias and Hu, Weihua and Huang, Kexin and Lenssen, Jan Eric and Ranjan, Rishabh and Robinson, Joshua and Ying, Rex and You, Jiaxuan and Leskovec, Jure},
  journal={ICML Position Paper},
  year={2024}
}

@book{vsir2021deep,
  title={Deep Learning with Relational Logic Representations},
  author={{\v{S}}{\'\i}r, Gustav},
  year={2021},
  publisher={Czech Technical University}
}

@article{wang2017knowledge,
  title={Knowledge graph embedding: A survey of approaches and applications},
  author={Wang, Quan and Mao, Zhendong and Wang, Bin and Guo, Li},
  journal={IEEE Transactions on Knowledge and Data Engineering},
  volume={29},
  number={12},
  pages={2724--2743},
  year={2017},
  publisher={IEEE}
}

@inproceedings{xu2019can,
  title={What can neural networks reason about?},
  author={Xu, Keyulu and Li, Jingling and Zhang, Mozhi and Du, Simon S and Kawarabayashi, Ken-ichi and Jegelka, Stefanie},
  booktitle=iclr,
  year={2020}
}

@book{ullman-book,
author = {Garcia-Molina, Hector and Ullman, Jeffrey D. and Widom, Jennifer},
title = {Database Systems: The Complete Book},
year = {2008},
isbn = {9780131873254},
publisher = {Prentice Hall Press},
address = {USA},
edition = {2},
}

@inproceedings{friedman1999learning,
  title={Learning probabilistic relational models},
  author={Friedman, Nir and Getoor, Lise and Koller, Daphne and Pfeffer, Avi},
  booktitle={IJCAI},
  volume={99},
  pages={1300--1309},
  year={1999}
}

@article{richardson2006markov,
  title={Markov logic networks},
  author={Richardson, Matthew and Domingos, Pedro},
  journal={Machine learning},
  volume={62},
  pages={107--136},
  year={2006},
  publisher={Springer}
}

@inproceedings{yang2022stam,
  title={Stam: A spatiotemporal aggregation method for graph neural network-based recommendation},
  author={Yang, Zhen and Ding, Ming and Xu, Bin and Yang, Hongxia and Tang, Jie},
  booktitle={Proceedings of the ACM Web Conference 2022},
  pages={3217--3228},
  year={2022}
}

@inproceedings{zhang2023rethinking,
  title={Rethinking the expressive power of gnns via graph biconnectivity},
  author={Zhang, Bohang and Luo, Shengjie and Wang, Liwei and He, Di},
  booktitle=iclr,
  year={2023}
}


@article{getoor2001learning,
  title={Learning probabilistic relational models},
  author={Getoor, Lise and Friedman, Nir and Koller, Daphne and Pfeffer, Avi},
  journal={Relational data mining},
  pages={307--335},
  year={2001},
  publisher={Springer}
}

@misc{minsky1974framework,
  title={A framework for representing knowledge},
  author={Minsky, Marvin},
  year={1974},
  publisher={MIT, Cambridge}
}

@inproceedings{bordes2013translating,
  title={Translating embeddings for modeling multi-relational data},
  author={Bordes, Antoine and Usunier, Nicolas and Garcia-Duran, Alberto and Weston, Jason and Yakhnenko, Oksana},
  booktitle=neurips,
  year={2013}
}

@inproceedings{wang2014knowledge,
  title={Knowledge graph embedding by translating on hyperplanes},
  author={Wang, Zhen and Zhang, Jianwen and Feng, Jianlin and Chen, Zheng},
  booktitle={Proceedings of the AAAI conference on artificial intelligence},
  volume={28},
  number={1},
  year={2014}
}

@book{de2008logical,
  title={Logical and relational learning},
  author={De Raedt, Luc},
  year={2008},
  publisher={Springer Science \& Business Media}
}

@inproceedings{lavrac1994inductive,
  title={Inductive Logic Programming.},
  author={Lavrac, Nada and Dzeroski, Saso},
  booktitle={WLP},
  pages={146--160},
  year={1994},
  organization={Springer}
}

@inproceedings{arik2021tabnet,
  title={Tabnet: Attentive interpretable tabular learning},
  author={Arik, Sercan {\"O} and Pfister, Tomas},
  booktitle={Proceedings of the AAAI conference on artificial intelligence},
  volume={35},
  number={8},
  pages={6679--6687},
  year={2021}
}

@article{huang2020tabtransformer,
  title={Tabtransformer: Tabular data modeling using contextual embeddings},
  author={Huang, Xin and Khetan, Ashish and Cvitkovic, Milan and Karnin, Zohar},
  journal={arXiv preprint arXiv:2012.06678},
  year={2020}
}

@inproceedings{chen2016xgboost,
  title={Xgboost: A scalable tree boosting system},
  author={Chen, Tianqi and Guestrin, Carlos},
  booktitle=kdd,
  pages={785--794},
  year={2016}
}

@inproceedings{chamberlin1974sequel,
  title={SEQUEL: A structured English query language},
  author={Chamberlin, Donald D and Boyce, Raymond F},
  booktitle={Proceedings of the 1974 ACM SIGFIDET (now SIGMOD) workshop on Data description, access and control},
  pages={249--264},
  year={1974}
}

@article{johnson2016mimic,
  title={MIMIC-III, a freely accessible critical care database},
  author={Johnson, Alistair EW and Pollard, Tom J and Shen, Lu and Lehman, Li-wei H and Feng, Mengling and Ghassemi, Mohammad and Moody, Benjamin and Szolovits, Peter and Anthony Celi, Leo and Mark, Roger G},
  journal={Scientific data},
  volume={3},
  number={1},
  pages={1--9},
  year={2016},
  publisher={Nature Publishing Group}
}

@article{cvitkovic2020supervisedrd,
  title={Supervised Learning on Relational Databases with Graph Neural Networks},
  author={Milan Cvitkovic},
  journal={ICLR Workshop on Representation Learning on Graphs and Manifolds},
  year={2019},
}

@article{shwartz2022tabular,
  title={Tabular data: Deep learning is not all you need},
  author={Shwartz-Ziv, Ravid and Armon, Amitai},
  journal={Information Fusion},
  volume={81},
  pages={84--90},
  year={2022},
  publisher={Elsevier}
}


@article{varma2005statistical,
  title={A statistical approach to texture classification from single images},
  author={Varma, Manik and Zisserman, Andrew},
  journal={International journal of computer vision},
  volume={62},
  pages={61--81},
  year={2005},
  publisher={Springer}
}

@article{berman2000protein,
  title={The protein data bank},
  author={Berman, Helen M and Westbrook, John and Feng, Zukang and Gilliland, Gary and Bhat, Talapady N and Weissig, Helge and Shindyalov, Ilya N and Bourne, Philip E},
  journal={Nucleic acids research},
  volume={28},
  number={1},
  pages={235--242},
  year={2000},
  publisher={Oxford University Press}
}

@misc{pubmed,
    author = {{PubMed}},
    title = {{National Center for Biotechnology Information, U.S. National Library of Medicine}},
    year = {1996},
    note = {Available: \url{https://www.ncbi.nlm.nih.gov/pubmed/}},
    urldate = {2023-11-4}, 
}


@article{luan2018multi,
  title={Multi-task identification of entities, relations, and coreference for scientific knowledge graph construction},
  author={Luan, Yi and He, Luheng and Ostendorf, Mari and Hajishirzi, Hannaneh},
  journal={arXiv preprint arXiv:1808.09602},
  year={2018}
}

@article{li2020real,
  title={Real-world data medical knowledge graph: construction and applications},
  author={Li, Linfeng and Wang, Peng and Yan, Jun and Wang, Yao and Li, Simin and Jiang, Jinpeng and Sun, Zhe and Tang, Buzhou and Chang, Tsung-Hui and Wang, Shenghui and others},
  journal={Artificial intelligence in medicine},
  volume={103},
  pages={101817},
  year={2020},
  publisher={Elsevier}
}

@inproceedings{pennington2014glove,
  title={Glove: Global vectors for word representation},
  author={Pennington, Jeffrey and Socher, Richard and Manning, Christopher D},
  booktitle={Proceedings of the 2014 conference on empirical methods in natural language processing (EMNLP)},
  pages={1532--1543},
  year={2014}
}


@inproceedings{brahmakshatriya2021compiling,
  title={Compiling graph applications for GPU s with GraphIt},
  author={Brahmakshatriya, Ajay and Zhang, Yunming and Hong, Changwan and Kamil, Shoaib and Shun, Julian and Amarasinghe, Saman},
  booktitle={2021 IEEE/ACM International Symposium on Code Generation and Optimization (CGO)},
  pages={248--261},
  year={2021},
  organization={IEEE}
}

@misc{db-engines,
    author = {{DB-Engines}},
    title = {{DBMS popularity broken down by database model}},
    year = {2023},
    note = {Available: \url{https://db-engines.com/en/ranking_categories}},
    urldate = {2023-11-4}, 

}


@article{fey2019fast,
  title={Fast graph representation learning with PyTorch Geometric},
  author={Fey, Matthias and Lenssen, Jan Eric},
  journal={ICLR 2019 (RLGM Workshop)},
  year={2019}
}


@inproceedings{xu2018powerful,
  title={How powerful are graph neural networks?},
  author={Xu, Keyulu and Hu, Weihua and Leskovec, Jure and Jegelka, Stefanie},
  booktitle=iclr,
  year={2019}
}

@inproceedings{morris2019weisfeiler,
  title={Weisfeiler and leman go neural: Higher-order graph neural networks},
  author={Morris, Christopher and Ritzert, Martin and Fey, Matthias and Hamilton, William L and Lenssen, Jan Eric and Rattan, Gaurav and Grohe, Martin},
  booktitle=aaai,
  year={2019}
}

@article{rossi2020temporal,
  title={Temporal graph networks for deep learning on dynamic graphs},
  author={Rossi, Emanuele and Chamberlain, Ben and Frasca, Fabrizio and Eynard, Davide and Monti, Federico and Bronstein, Michael},
  journal={ICML Workshop on Graph Representation Learning 2020},
  year={2020}
}

@inproceedings{wang2021temporalsampling,
    author = {Wang, Yiwei and Cai, Yujun and  Liang, Yuxuan and Ding, Henghui and  Wang, Changhu and  Hooi, Bryan},
    title ={Time-Aware Neighbor Sampling for Temporal Graph Networks} ,
    booktitle = arxiv,
    year = 2021
}


@inproceedings{hu2020hgt,
author = {Hu, Ziniu and Dong, Yuxiao and Wang, Kuansan and Sun, Yizhou},
title = {Heterogeneous Graph Transformer},
year = {2020},
booktitle = {Proceedings of The Web Conference 2020},
pages = {2704–2710},
numpages = {7},
}

@inproceedings{hu2020open,
  title={Open graph benchmark: Datasets for machine learning on graphs},
  author={Hu, Weihua and Fey, Matthias and Zitnik, Marinka and Dong, Yuxiao and Ren, Hongyu and Liu, Bowen and Catasta, Michele and Leskovec, Jure},
  booktitle=neurips,
  year={2020}
}

@InProceedings{schlichtkrull2018relational,
author="Schlichtkrull, Michael
and Kipf, Thomas N.
and Bloem, Peter
and van den Berg, Rianne
and Titov, Ivan
and Welling, Max",
editor="Gangemi, Aldo
and Navigli, Roberto
and Vidal, Maria-Esther
and Hitzler, Pascal
and Troncy, Rapha{\"e}l
and Hollink, Laura
and Tordai, Anna
and Alam, Mehwish",
title="Modeling Relational Data with Graph Convolutional Networks",
booktitle="The Semantic Web",
year="2018",
publisher="Springer International Publishing",
address="Cham",
pages="593--607",
}

@article{hu2024pytorch,
  title={PyTorch Frame: A Modular Framework for Multi-Modal Tabular Learning},
  author={Hu, Weihua and Yuan, Yiwen and Zhang, Zecheng and Nitta, Akihiro and Cao, Kaidi and Kocijan, Vid and Leskovec, Jure and Fey, Matthias},
  journal={arXiv preprint arXiv:2404.00776},
  year={2024}
}

@inproceedings{he2016deep,
  title={Deep residual learning for image recognition},
  author={He, Kaiming and Zhang, Xiangyu and Ren, Shaoqing and Sun, Jian},
  booktitle=cvpr,
  pages={770--778},
  year={2016}
}

@article{russakovsky2015imagenet,
  title={Imagenet large scale visual recognition challenge},
  author={Russakovsky, Olga and Deng, Jia and Su, Hao and Krause, Jonathan and Satheesh, Sanjeev and Ma, Sean and Huang, Zhiheng and Karpathy, Andrej and Khosla, Aditya and Bernstein, Michael and others},
  journal={International journal of computer vision},
  volume={115},
  number={3},
  pages={211--252},
  year={2015},
  publisher={Springer}
}


@inproceedings{vaswani2017attention,
  title={Attention is all you need},
  author={Vaswani, Ashish and Shazeer, Noam and Parmar, Niki and Uszkoreit, Jakob and Jones, Llion and Gomez, Aidan N and Kaiser, Lukasz and Polosukhin, Illia},
  booktitle=neurips,
  year={2017}
}

@inproceedings{devlin2018bert,
  title={BERT: Pre-training of deep bidirectional transformers for language understanding},
  author={Devlin, Jacob and Chang, Ming-Wei and Lee, Kenton and Toutanova, Kristina},
  booktitle=naacl,
  year={2018}
}

@inproceedings{brown2020language,
  title={Language models are few-shot learners},
  author={Brown, Tom B and Mann, Benjamin and Ryder, Nick and Subbiah, Melanie and Kaplan, Jared and Dhariwal, Prafulla and Neelakantan, Arvind and Shyam, Pranav and Sastry, Girish and Askell, Amanda and others},
  booktitle=neurips,
  year={2020}
}

@article{hannun2014deep,
  title={Deep speech: Scaling up end-to-end speech recognition},
  author={Hannun, Awni and Case, Carl and Casper, Jared and Catanzaro, Bryan and Diamos, Greg and Elsen, Erich and Prenger, Ryan and Satheesh, Sanjeev and Sengupta, Shubho and Coates, Adam and others},
  journal={arXiv preprint arXiv:1412.5567},
  year={2014}
}

@misc{wang20244dbinfer,
      title={4DBInfer: A 4D Benchmarking Toolbox for Graph-Centric Predictive Modeling on Relational DBs}, 
      author={Minjie Wang and Quan Gan and David Wipf and Zhenkun Cai and Ning Li and Jianheng Tang and Yanlin Zhang and Zizhao Zhang and Zunyao Mao and Yakun Song and Yanbo Wang and Jiahang Li and Han Zhang and Guang Yang and Xiao Qin and Chuan Lei and Muhan Zhang and Weinan Zhang and Christos Faloutsos and Zheng Zhang},
      year={2024},
      eprint={2404.18209},
      archivePrefix={arXiv},
      primaryClass={cs.LG}
}

@inproceedings{amodei2016deep,
  title={Deep speech 2: End-to-end speech recognition in english and mandarin},
  author={Amodei, Dario and Ananthanarayanan, Sundaram and Anubhai, Rishita and Bai, Jingliang and Battenberg, Eric and Case, Carl and Casper, Jared and Catanzaro, Bryan and Cheng, Qiang and Chen, Guoliang and others},
  booktitle=icml,
  year={2016},
}

@inproceedings{gorishniy2021revisiting,
  title={Revisiting deep learning models for tabular data},
  author={Gorishniy, Yury and Rubachev, Ivan and Khrulkov, Valentin and Babenko, Artem},
  booktitle=neurips,
  volume={34},
  pages={18932--18943},
  year={2021}
}

@inproceedings{chen2023trompt,
  title={Trompt: Towards a Better Deep Neural Network for Tabular Data},
  author={Chen, Kuan-Yu and Chiang, Ping-Han and Chou, Hsin-Rung and Chen, Ting-Wei and Chang, Tien-Hao},
  booktitle=icml,
  year={2023}
}

@article{gorishniy2022embeddings,
  title={On embeddings for numerical features in tabular deep learning},
  author={Gorishniy, Yury and Rubachev, Ivan and Babenko, Artem},
  journal={Advances in Neural Information Processing Systems},
  volume={35},
  pages={24991--25004},
  year={2022}
}

@article{reimers2019sentence,
  title={Sentence-bert: Sentence embeddings using siamese bert-networks},
  author={Reimers, Nils and Gurevych, Iryna},
  journal={arXiv preprint arXiv:1908.10084},
  year={2019}
}

@inproceedings{transformerconv,
  title     = {Masked Label Prediction: Unified Message Passing Model for Semi-Supervised Classification},
  author    = {Shi, Yunsheng and Huang, Zhengjie and Feng, Shikun and Zhong, Hui and Wang, Wenjing and Sun, Yu},
  booktitle = {Proceedings of the Thirtieth International Joint Conference on
               Artificial Intelligence, {IJCAI-21}},
  publisher = {International Joint Conferences on Artificial Intelligence Organization},
  editor    = {Zhi-Hua Zhou},
  pages     = {1548--1554},
  year      = {2021},
  month     = {8},
  note      = {Main Track},
  doi       = {10.24963/ijcai.2021/214},
  url       = {https://doi.org/10.24963/ijcai.2021/214},
}

@article{yuan2024contextgnn,
  title={ContextGNN: Beyond Two-Tower Recommendation Systems},
  author={Yuan, Yiwen and Zhang, Zecheng and He, Xinwei and Nitta, Akihiro and Hu, Weihua and Wang, Dong and Shah, Manan and Huang, Shenyang and Stojanovi{\v{c}}, Bla{\v{z}} and Krumholz, Alan and others},
  journal={arXiv preprint arXiv:2411.19513},
  year={2024}
}

@article{wydmuch2024tackling,
  title={Tackling prediction tasks in relational databases with LLMs},
  author={Wydmuch, Marek and Borchmann, {\L}ukasz and Grali{\'n}ski, Filip},
  journal={arXiv preprint arXiv:2411.11829},
  year={2024}
}

% Meta-path

@article{sun2011pathsim,
  title={Pathsim: Meta path-based top-k similarity search in heterogeneous information networks},
  author={Sun, Yizhou and Han, Jiawei and Yan, Xifeng and Yu, Philip S and Wu, Tianyi},
  journal={Proceedings of the VLDB Endowment},
  volume={4},
  number={11},
  pages={992--1003},
  year={2011},
  publisher={VLDB Endowment}
}

@article{shi2016survey,
  title={A survey of heterogeneous information network analysis},
  author={Shi, Chuan and Li, Yitong and Zhang, Jiawei and Sun, Yizhou and Philip, S Yu},
  journal={IEEE Transactions on Knowledge and Data Engineering},
  volume={29},
  number={1},
  pages={17--37},
  year={2016},
  publisher={IEEE}
}

@inproceedings{hu2020heterogeneous,
  title={Heterogeneous graph transformer},
  author={Hu, Ziniu and Dong, Yuxiao and Wang, Kuansan and Sun, Yizhou},
  booktitle={Proceedings of the web conference 2020},
  pages={2704--2710},
  year={2020}
}

@incollection{GNNBook-ch16-shi,
author = "Shi, Chuan",
editor = "Wu, Lingfei and Cui, Peng and Pei, Jian and Zhao, Liang",
title = "Heterogeneous Graph Neural Networks",
booktitle = "Graph Neural Networks: Foundations, Frontiers, and Applications",
year = "2022",
publisher = "Springer Singapore",
address = "Singapore",
pages = "351--369",
}

@article{shang2016meta,
  title={Meta-path guided embedding for similarity search in large-scale heterogeneous information networks},
  author={Shang, Jingbo and Qu, Meng and Liu, Jialu and Kaplan, Lance M and Han, Jiawei and Peng, Jian},
  journal={arXiv preprint arXiv:1610.09769},
  year={2016}
}

@inproceedings{dong2017metapath2vec,
  title={metapath2vec: Scalable representation learning for heterogeneous networks},
  author={Dong, Yuxiao and Chawla, Nitesh V and Swami, Ananthram},
  booktitle={Proceedings of the 23rd ACM SIGKDD international conference on knowledge discovery and data mining},
  pages={135--144},
  year={2017}
}

@inproceedings{hu2018leveraging,
  title={Leveraging meta-path based context for top-n recommendation with a neural co-attention model},
  author={Hu, Binbin and Shi, Chuan and Zhao, Wayne Xin and Yu, Philip S},
  booktitle={Proceedings of the 24th ACM SIGKDD international conference on knowledge discovery \& data mining},
  pages={1531--1540},
  year={2018}
}

@inproceedings{shi2018easing,
  title={Easing embedding learning by comprehensive transcription of heterogeneous information networks},
  author={Shi, Yu and Zhu, Qi and Guo, Fang and Zhang, Chao and Han, Jiawei},
  booktitle={Proceedings of the 24th ACM SIGKDD International Conference on Knowledge Discovery \& Data Mining},
  pages={2190--2199},
  year={2018}
}

@inproceedings{wang2019heterogeneous,
  title={Heterogeneous graph attention network},
  author={Wang, Xiao and Ji, Houye and Shi, Chuan and Wang, Bai and Ye, Yanfang and Cui, Peng and Yu, Philip S},
  booktitle={The world wide web conference},
  pages={2022--2032},
  year={2019}
}

@inproceedings{fu2020magnn,
  title={Magnn: Metapath aggregated graph neural network for heterogeneous graph embedding},
  author={Fu, Xinyu and Zhang, Jiani and Meng, Ziqiao and King, Irwin},
  booktitle={Proceedings of the web conference 2020},
  pages={2331--2341},
  year={2020}
}