@article{clements2004forecasting,
  title={Forecasting economic and financial time-series with non-linear models},
  author={Clements, Michael P and Franses, Philip Hans and Swanson, Norman R},
  journal={Int. J. Forecast},
  volume={20},
  number={2},
  pages={169--183},
  year={2004},
  publisher={Elsevier}
}

@article{cao2019financial,
  title={Financial time series forecasting model based on CEEMDAN and LSTM},
  author={Cao, Jian and Li, Zhi and Li, Jian},
  journal={Physica A: Statistical mechanics and its applications},
  volume={519},
  pages={127--139},
  year={2019},
  publisher={Elsevier}
}


@article{lippi2013short,
  title={Short-term traffic flow forecasting: An experimental comparison of time-series analysis and supervised learning},
  author={Lippi, Marco and Bertini, Matteo and Frasconi, Paolo},
  journal={IEEE trans Intell Transp Syst},
  volume={14},
  number={2},
  pages={871--882},
  year={2013},
  publisher={IEEE}
}


@article{li2024and,
  title={When and How: Learning Identifiable Latent States for Nonstationary Time Series Forecasting},
  author={Li, Zijian and Cai, Ruichu and Yang, Zhenhui and Huang, Haiqin and Chen, Guangyi and Shen, Yifan and Chen, Zhengming and Song, Xiangchen and Hao, Zhifeng and Zhang, Kun},
  journal={arXiv preprint arXiv:2402.12767},
  year={2024}
}

@book{hamilton2020time,
  title={Time series analysis},
  author={Hamilton, James D},
  year={2020},
  publisher={Princeton university press}
}

@article{chaudhry2019tiny,
  title={On tiny episodic memories in continual learning},
  author={Chaudhry, Arslan and Rohrbach, Marcus and Elhoseiny, Mohamed and Ajanthan, Thalaiyasingam and Dokania, Puneet K and Torr, Philip HS and Ranzato, Marc'Aurelio},
  journal={arXiv preprint arXiv:1902.10486},
  year={2019}
}

@inproceedings{aljundi2019task,
  title={Task-free continual learning},
  author={Aljundi, Rahaf and Kelchtermans, Klaas and Tuytelaars, Tinne},
  booktitle={IEEE Conference on Computer Vision and Pattern Recognition},
  pages={11254--11263},
  year={2019}
}

@article{aljundi2019online,
  title={Online continual learning with maximal interfered retrieval},
  author={Aljundi, Rahaf and Belilovsky, Eugene and Tuytelaars, Tinne and Charlin, Laurent and Caccia, Massimo and Lin, Min and Page-Caccia, Lucas},
  journal={Conference and Workshop on Neural Information Processing Systems},
  volume={32},
  year={2019}
}

@article{buzzega2020dark,
  title={Dark experience for general continual learning: a strong, simple baseline},
  author={Buzzega, Pietro and Boschini, Matteo and Porrello, Angelo and Abati, Davide and Calderara, Simone},
  journal={Conference and Workshop on Neural Information Processing Systems},
  volume={33},
  pages={15920--15930},
  year={2020}
}

@inproceedings{kong2022partial,
  title={Partial disentanglement for domain adaptation},
  author={Kong, Lingjing and Xie, Shaoan and Yao, Weiran and Zheng, Yujia and Chen, Guangyi and Stojanov, Petar and Akinwande, Victor and Zhang, Kun},
  booktitle={International Conference on Machine Learning},
  pages={11455--11472},
  year={2022},
  organization={Proceedings of Machine Learning Research}
}

@article{li2024subspace,
  title={Subspace identification for multi-source domain adaptation},
  author={Li, Zijian and Cai, Ruichu and Chen, Guangyi and Sun, Boyang and Hao, Zhifeng and Zhang, Kun},
  journal={Conference and Workshop on Neural Information Processing Systems},
  volume={36},
  year={2024}
}

@article{allman2009identifiability,
  title={Identifiability of parameters in latent structure models with many observed variables},
  author={Allman, Elizabeth S and Matias, Catherine and Rhodes, John A},
  year={2009}
}

@inproceedings{zinkevich2003online,
  title={Online convex programming and generalized infinitesimal gradient ascent},
  author={Zinkevich, Martin},
  booktitle={International Conference on Machine Learning},
  pages={928--936},
  year={2003}
}

@inproceedings{zhou2021informer,
  title={Informer: Beyond efficient transformer for long sequence time-series forecasting},
  author={Zhou, Haoyi and Zhang, Shanghang and Peng, Jieqi and Zhang, Shuai and Li, Jianxin and Xiong, Hui and Zhang, Wancai},
  booktitle={Association for the Advancement of Artificial Intelligence},
  volume={35},
  number={12},
  pages={11106--11115},
  year={2021}
}

@article{liu2023itransformer,
  title={itransformer: Inverted transformers are effective for time series forecasting},
  author={Liu, Yong and Hu, Tengge and Zhang, Haoran and Wu, Haixu and Wang, Shiyu and Ma, Lintao and Long, Mingsheng},
  journal={International Conference on Learning Representations 2024},
  year={2023}
}

@article{wang2022koopman,
  title={Koopman neural forecaster for time series with temporal distribution shifts},
  author={Wang, Rui and Dong, Yihe and Arik, Sercan {\"O} and Yu, Rose},
  journal={International Conference on Learning Representations 2023},
  year={2022}
}


@article{nie2022time,
  title={A time series is worth 64 words: Long-term forecasting with transformers},
  author={Nie, Yuqi and Nguyen, Nam H and Sinthong, Phanwadee and Kalagnanam, Jayant},
  journal={International Conference on Learning Representations 2023},
  year={2022}
}

@article{pham2022learning,
  title={Learning fast and slow for online time series forecasting},
  author={Pham, Quang and Liu, Chenghao and Sahoo, Doyen and Hoi, Steven CH},
  journal={International Conference on Learning Representations 2023},
  year={2022}
}

@article{wen2024onenet,
  title={Onenet: Enhancing time series forecasting models under concept drift by online ensembling},
  author={Wen, Qingsong and Chen, Weiqi and Sun, Liang and Zhang, Zhang and Wang, Liang and Jin, Rong and Tan, Tieniu and others},
  journal={Conference and Workshop on Neural Information Processing Systems},
  volume={36},
  year={2024}
}

@article{zhang2024addressing,
  title={Addressing Concept Shift in Online Time Series Forecasting: Detect-then-Adapt},
  author={Zhang, YiFan and Chen, Weiqi and Zhu, Zhaoyang and Qin, Dalin and Sun, Liang and Wang, Xue and Wen, Qingsong and Zhang, Zhang and Wang, Liang and Jin, Rong},
  journal={arXiv preprint arXiv:2403.14949},
  year={2024}
}

@article{cai2023memda,
  title={Memda: forecasting urban time series with memory-based drift adaptation},
  author={Cai, Zekun and Jiang, Renhe and Yang, Xinyu and Wang, Zhaonan and Guo, Diansheng and Kobayashi, Hiroki and Song, Xuan and Shibasaki, Ryosuke},
  journal={Conference on Information and Knowledge Management, 2023},
  year={2023}
}

@article{guo2024online,
  title={Online Test-Time Adaptation of Spatial-Temporal Traffic Flow Forecasting},
  author={Guo, Pengxin and Jin, Pengrong and Li, Ziyue and Bai, Lei and Zhang, Yu},
  journal={arXiv preprint arXiv:2401.04148},
  year={2024}
}

@article{mejri2024novel,
  title={A Novel Hyperdimensional Computing Framework for Online Time Series Forecasting on the Edge},
  author={Mejri, Mohamed and Amarnath, Chandramouli and Chatterjee, Abhijit},
  journal={arXiv preprint arXiv:2402.01999},
  year={2024}
}
70
@article{rajendran2024learning,
  title={Learning interpretable concepts: Unifying causal representation learning and foundation models},
  author={Rajendran, Goutham and Buchholz, Simon and Aragam, Bryon and Sch{\"o}lkopf, Bernhard and Ravikumar, Pradeep},
  journal={Conference and Workshop on Neural Information Processing Systems 2024},
  year={2024}
}

@article{mansouri2023object,
  title={Object-centric architectures enable efficient causal representation learning},
  author={Mansouri, Amin and Hartford, Jason and Zhang, Yan and Bengio, Yoshua},
  journal={International Conference on Learning Representations 2024},
  year={2023}
}

@article{wendong2024causal,
  title={Causal component analysis},
  author={Wendong, Liang and Keki{\'c}, Armin and von K{\"u}gelgen, Julius and Buchholz, Simon and Besserve, Michel and Gresele, Luigi and Sch{\"o}lkopf, Bernhard},
  journal={Conference and Workshop on Neural Information Processing Systems},
  volume={36},
  year={2024}
}

73@article{yao2023multi,
  title={Multi-view causal representation learning with partial observability},
  author={Yao, Dingling and Xu, Danru and Lachapelle, S{\'e}bastien and Magliacane, Sara and Taslakian, Perouz and Martius, Georg and von K{\"u}gelgen, Julius and Locatello, Francesco},
  journal={International Conference on Learning Representations 2024},
  year={2023}
}

@article{scholkopf2021toward,
  title={Toward causal representation learning},
  author={Sch{\"o}lkopf, Bernhard and Locatello, Francesco and Bauer, Stefan and Ke, Nan Rosemary and Kalchbrenner, Nal and Goyal, Anirudh and Bengio, Yoshua},
  journal={Proceedings of the IEEE},
  volume={109},
  number={5},
  pages={612--634},
  year={2021},
  publisher={IEEE}
}

@inproceedings{liu2023causal,
  title={Causal triplet: An open challenge for intervention-centric causal representation learning},
  author={Liu, Yuejiang and Alahi, Alexandre and Russell, Chris and Horn, Max and Zietlow, Dominik and Sch{\"o}lkopf, Bernhard and Locatello, Francesco},
  booktitle={Conference on CLeaR},
  pages={553--573},
  year={2023},
  organization={Proceedings of Machine Learning Research}
}

@inproceedings{gresele2020incomplete,
  title={The incomplete rosetta stone problem: Identifiability results for multi-view nonlinear ica},
  author={Gresele, Luigi and Rubenstein, Paul K and Mehrjou, Arash and Locatello, Francesco and Sch{\"o}lkopf, Bernhard},
  booktitle={UAI},
  pages={217--227},
  year={2020},
  organization={Proceedings of Machine Learning Research}
}

77@article{comon1994independent,
  title={Independent component analysis, a new concept?},
  author={Comon, Pierre},
  journal={Signal processing},
  volume={36},
  number={3},
  pages={287--314},
  year={1994},
  publisher={Elsevier}
}

@article{hyvarinen2013independent,
  title={Independent component analysis: recent advances},
  author={Hyv{\"a}rinen, Aapo},
  journal={Philos. Trans. Royal Soc. A},
  volume={371},
  number={1984},
  pages={20110534},
  year={2013},
  publisher={The Royal Society Publishing}
}

@book{lee1998independent,
  title={Independent component analysis},
  author={Lee, Te-Won and Lee, Te-Won},
  year={1998},
  publisher={Springer}
}

80@inproceedings{zhang2007kernel,
  title={Kernel-based nonlinear independent component analysis},
  author={Zhang, Kun and Chan, Laiwan},
  booktitle={International Conference on Independent Component Analysis and Signal Separation},
  pages={301--308},
  year={2007},
  organization={Springer}
}

81@article{zheng2022identifiability,
  title={On the identifiability of nonlinear ICA: Sparsity and beyond},
  author={Zheng, Yujia and Ng, Ignavier and Zhang, Kun},
  journal={Conference and Workshop on Neural Information Processing Systems},
  volume={35},
  pages={16411--16422},
  year={2022}
}
@article{hyvarinen1999nonlinear,
  title={Nonlinear independent component analysis: Existence and uniqueness results},
  author={Hyv{\"a}rinen, Aapo and Pajunen, Petteri},
  journal={Neural networks},
  volume={12},
  number={3},
  pages={429--439},
  year={1999},
  publisher={Elsevier}
}
@article{hyvarinen2024identifiability,
  title={Identifiability of latent-variable and structural-equation models: from linear to nonlinear},
  author={Hyv{\"a}rinen, Aapo and Khemakhem, Ilyes and Monti, Ricardo},
  journal={Ann Inst Stat Math},
  volume={76},
  number={1},
  pages={1--33},
  year={2024},
  publisher={Springer}
}
@article{khemakhem2020ice,
  title={Ice-beem: Identifiable conditional energy-based deep models based on nonlinear ica},
  author={Khemakhem, Ilyes and Monti, Ricardo and Kingma, Diederik and Hyvarinen, Aapo},
  journal={Conference and Workshop on Neural Information Processing Systems},
  volume={33},
  pages={12768--12778},
  year={2020}
}
@article{li2023identifying,
  title={Identifying Semantic Component for Robust Molecular Property Prediction},
  author={Li, Zijian and Xu, Zunhong and Cai, Ruichu and Yang, Zhenhui and Yan, Yuguang and Hao, Zhifeng and Chen, Guangyi and Zhang, Kun},
  journal={arXiv preprint arXiv:2311.04837},
  year={2023}
}
@inproceedings{khemakhem2020variational,
  title={Variational autoencoders and nonlinear ica: A unifying framework},
  author={Khemakhem, Ilyes and Kingma, Diederik and Monti, Ricardo and Hyvarinen, Aapo},
  booktitle={International conference on AISTATS},
  pages={2207--2217},
  year={2020},
  organization={Proceedings of Machine Learning Research}
}
87@article{hyvarinen2016unsupervised,
  title={Unsupervised feature extraction by time-contrastive learning and nonlinear ica},
  author={Hyvarinen, Aapo and Morioka, Hiroshi},
  journal={Conference and Workshop on Neural Information Processing Systems},
  volume={29},
  year={2016}
}
@inproceedings{hyvarinen2017nonlinear,
  title={Nonlinear ICA of temporally dependent stationary sources},
  author={Hyvarinen, Aapo and Morioka, Hiroshi},
  booktitle={AISTATS},
  pages={460--469},
  year={2017},
  organization={Proceedings of Machine Learning Research}
}
@inproceedings{hyvarinen2019nonlinear,
  title={Nonlinear ICA using auxiliary variables and generalized contrastive learning},
  author={Hyvarinen, Aapo and Sasaki, Hiroaki and Turner, Richard},
  booktitle={The 22nd International Conference on AISTATS},
  pages={859--868},
  year={2019},
  organization={Proceedings of Machine Learning Research}
}
90@inproceedings{xie2023multi,
  title={Multi-domain image generation and translation with identifiability guarantees},
  author={Xie, Shaoan and Kong, Lingjing and Gong, Mingming and Zhang, Kun},
  booktitle={The Eleventh International Conference on Learning Representations},
  year={2023}
}
@article{kong2023identification,
  title={Identification of nonlinear latent hierarchical models},
  author={Kong, Lingjing and Huang, Biwei and Xie, Feng and Xing, Eric and Chi, Yuejie and Zhang, Kun},
  journal={Conference and Workshop on Neural Information Processing Systems},
  volume={36},
  pages={2010--2032},
  year={2023}
}
@article{yan2024counterfactual,
  title={Counterfactual generation with identifiability guarantees},
  author={Yan, Hanqi and Kong, Lingjing and Gui, Lin and Chi, Yuejie and Xing, Eric and He, Yulan and Zhang, Kun},
  journal={Conference and Workshop on Neural Information Processing Systems},
  volume={36},
  year={2024}
}
@inproceedings{lachapelle2023synergies,
  title={Synergies between disentanglement and sparsity: Generalization and identifiability in multi-task learning},
  author={Lachapelle, S{\'e}bastien and Deleu, Tristan and Mahajan, Divyat and Mitliagkas, Ioannis and Bengio, Yoshua and Lacoste-Julien, Simon and Bertrand, Quentin},
  booktitle={International Conference on Machine Learning},
  pages={18171--18206},
  year={2023},
  organization={Proceedings of Machine Learning Research}
}
@article{lachapelle2022partial,
  title={Partial disentanglement via mechanism sparsity},
  author={Lachapelle, S{\'e}bastien and Lacoste-Julien, Simon},
  journal={CRL 2022},
  year={2022}
}
@article{zhang2024causal,
  title={Causal representation learning from multiple distributions: A general setting},
  author={Zhang, Kun and Xie, Shaoan and Ng, Ignavier and Zheng, Yujia},
  journal={International Conference on Machine Learning 2024},
  year={2024}
}
@inproceedings{halva2020hidden,
  title={Hidden markov nonlinear ica: Unsupervised learning from nonstationary time series},
  author={H{\"a}lv{\"a}, Hermanni and Hyvarinen, Aapo},
  booktitle={Conference on UAI},
  pages={939--948},
  year={2020},
  organization={Proceedings of Machine Learning Research}
}
@inproceedings{lippe2022citris,
  title={Citris: Causal identifiability from temporal intervened sequences},
  author={Lippe, Phillip and Magliacane, Sara and L{\"o}we, Sindy and Asano, Yuki M and Cohen, Taco and Gavves, Stratis},
  booktitle={International Conference on Machine Learning},
  pages={13557--13603},
  year={2022},
  organization={Proceedings of Machine Learning Research}
}
@article{song2024temporally,
  title={Temporally disentangled representation learning under unknown nonstationarity},
  author={Song, Xiangchen and Yao, Weiran and Fan, Yewen and Dong, Xinshuai and Chen, Guangyi and Niebles, Juan Carlos and Xing, Eric and Zhang, Kun},
  journal={Conference and Workshop on Neural Information Processing Systems},
  volume={36},
  year={2024}
}
@article{daunhawer2023identifiability,
  title={Identifiability results for multimodal contrastive learning},
  author={Daunhawer, Imant and Bizeul, Alice and Palumbo, Emanuele and Marx, Alexander and Vogt, Julia E},
  journal={International Conference on Learning Representations 2023},
  year={2023}
}

20
@article{huang2023latent,
  title={Latent processes identification from multi-view time series},
  author={Huang, Zenan and Wang, Haobo and Zhao, Junbo and Zheng, Nenggan},
  journal={International Joint Conference on Artificial Intelligence-23},
  year={2023}
}
22

23
@article{yao2022temporally,
  title={Temporally disentangled representation learning},
  author={Yao, Weiran and Chen, Guangyi and Zhang, Kun},
  journal={Conference and Workshop on Neural Information Processing Systems},
  volume={35},
  pages={26492--26503},
  year={2022}
}
24
@article{yao2021learning,
  title={Learning temporally causal latent processes from general temporal data},
  author={Yao, Weiran and Sun, Yuewen and Ho, Alex and Sun, Changyin and Zhang, Kun},
  journal={International Conference on Learning Representations 2022},
  year={2021}
}
@article{graves2012long,
  title={Long short-term memory},
  author={Graves, Alex and Graves, Alex},
  journal={Supervised sequence labelling with recurrent neural networks},
  pages={37--45},
  year={2012},
  publisher={Springer}
}
@inproceedings{lai2018modeling,
  title={Modeling long-and short-term temporal patterns with deep neural networks},
  author={Lai, Guokun and Chang, Wei-Cheng and Yang, Yiming and Liu, Hanxiao},
  booktitle={The 41st international ACM SIGIR conference on research \& development in information retrieval},
  pages={95--104},
  year={2018}
}
@article{salinas2020deepar,
  title={DeepAR: Probabilistic forecasting with autoregressive recurrent networks},
  author={Salinas, David and Flunkert, Valentin and Gasthaus, Jan and Januschowski, Tim},
  journal={Int. J. Forecast},
  volume={36},
  number={3},
  pages={1181--1191},
  year={2020},
  publisher={Elsevier}
}
@article{bai2018empirical,
  title={An empirical evaluation of generic convolutional and recurrent networks for sequence modeling},
  author={Bai, Shaojie and Kolter, J Zico and Koltun, Vladlen},
  journal={arXiv preprint arXiv:1803.01271},
  year={2018}
}
@inproceedings{wang2023micn,
  title={Micn: Multi-scale local and global context modeling for long-term series forecasting},
  author={Wang, Huiqiang and Peng, Jian and Huang, Feihu and Wang, Jince and Chen, Junhui and Xiao, Yifei},
  booktitle={The eleventh international conference on learning representations}
}
@article{wu2022timesnet,
  title={Timesnet: Temporal 2d-variation modeling for general time series analysis},
  author={Wu, Haixu and Hu, Tengge and Liu, Yong and Zhou, Hang and Wang, Jianmin and Long, Mingsheng},
  journal={arXiv preprint arXiv:2210.02186},
  year={2022},
  publisher={arXivpreprint}
}
@article{oreshkin2019n,
  title={N-BEATS: Neural basis expansion analysis for interpretable time series forecasting},
  author={Oreshkin, Boris N and Carpov, Dmitri and Chapados, Nicolas and Bengio, Yoshua},
  journal={arXiv preprint arXiv:1905.10437},
  year={2019}
}
@inproceedings{zeng2023transformers,
  title={Are transformers effective for time series forecasting?},
  author={Zeng, Ailing and Chen, Muxi and Zhang, Lei and Xu, Qiang},
  booktitle={Association for the Advancement of Artificial Intelligence},
  volume={37},
  number={9},
  pages={11121--11128},
  year={2023}
}
@article{zhang2022less,
  title={Less is more: Fast multivariate time series forecasting with light sampling-oriented mlp structures},
  author={Zhang, Tianping and Zhang, Yizhuo and Cao, Wei and Bian, Jiang and Yi, Xiaohan and Zheng, Shun and Li, Jian},
  journal={arXiv preprint arXiv:2207.01186},
  year={2022}
}
@article{gu2022parameterization,
  title={On the parameterization and initialization of diagonal state space models},
  author={Gu, Albert and Goel, Karan and Gupta, Ankit and R{\'e}, Christopher},
  journal={Conference and Workshop on Neural Information Processing Systems},
  volume={35},
  pages={35971--35983},
  year={2022}
}
@article{gu2021combining,
  title={Combining recurrent, convolutional, and continuous-time models with linear state space layers},
  author={Gu, Albert and Johnson, Isys and Goel, Karan and Saab, Khaled and Dao, Tri and Rudra, Atri and R{\'e}, Christopher},
  journal={Conference and Workshop on Neural Information Processing Systems},
  volume={34},
  pages={572--585},
  year={2021}
}
@article{gu2021efficiently,
  title={Efficiently modeling long sequences with structured state spaces},
  author={Gu, Albert and Goel, Karan and R{\'e}, Christopher},
  journal={arXiv preprint arXiv:2111.00396},
  year={2021}
}
@article{kitaev2020reformer,
  title={Reformer: The efficient transformer},
  author={Kitaev, Nikita and Kaiser, {\L}ukasz and Levskaya, Anselm},
  journal={arXiv preprint arXiv:2001.04451},
  year={2020}
}
@inproceedings{liu2021pyraformer,
  title={Pyraformer: Low-complexity pyramidal attention for long-range time series modeling and forecasting},
  author={Liu, Shizhan and Yu, Hang and Liao, Cong and Li, Jianguo and Lin, Weiyao and Liu, Alex X and Dustdar, Schahram},
  booktitle={International conference on learning representations},
  year={2021}
}
@article{wu2021autoformer,
  title={Autoformer: Decomposition transformers with auto-correlation for long-term series forecasting},
  author={Wu, Haixu and Xu, Jiehui and Wang, Jianmin and Long, Mingsheng},
  journal={Conference and Workshop on Neural Information Processing Systems},
  volume={34},
  pages={22419--22430},
  year={2021}
}

@article{pan2024structural,
  title={Structural Knowledge Informed Continual Multivariate Time Series Forecasting},
  author={Pan, Zijie and Jiang, Yushan and Song, Dongjin and Garg, Sahil and Rasul, Kashif and Schneider, Anderson and Nevmyvaka, Yuriy},
  journal={arXiv preprint arXiv:2402.12722},
  year={2024}
}

@article{luan2024online,
  title={Online Prediction for Streaming Tensor Time Series},
  author={Luan, Zhenting and Wang, Haoning and Zhang, Liping and Liang, Shansuo and Han, Wei},
  journal={arXiv preprint arXiv:2403.18320},
  year={2024}
}



@article{li2024identification,
  title={On the identification of temporally causal representation with instantaneous dependence},
  author={Li, Zijian and Shen, Yifan and Zheng, Kaitao and Cai, Ruichu and Song, Xiangchen and Gong, Mingming and Zhu, Zhengmao and Chen, Guangyi and Zhang, Kun},
  journal={arXiv preprint arXiv:2405.15325},
  year={2024}
}

@inproceedings{cai2021time,
  title={Time series domain adaptation via sparse associative structure alignment},
  author={Cai, Ruichu and Chen, Jiawei and Li, Zijian and Chen, Wei and Zhang, Keli and Ye, Junjian and Li, Zhuozhang and Yang, Xiaoyan and Zhang, Zhenjie},
  booktitle={Association for the Advancement of Artificial Intelligence},
  volume={35},
  number={8},
  pages={6859--6867},
  year={2021}
}
@inproceedings{anava2013online,
  title={Online learning for time series prediction},
  author={Anava, Oren and Hazan, Elad and Mannor, Shie and Shamir, Ohad},
  booktitle={Conference on learning theory},
  pages={172--184},
  year={2013},
  organization={Proceedings of Machine Learning Research}
}
@inproceedings{liu2016online,
  title={Online arima algorithms for time series prediction},
  author={Liu, Chenghao and Hoi, Steven CH and Zhao, Peilin and Sun, Jianling},
  booktitle={Association for the Advancement of Artificial Intelligence},
  volume={30},
  number={1},
  year={2016}
}
@article{gultekin2018online,
  title={Online forecasting matrix factorization},
  author={Gultekin, San and Paisley, John},
  journal={IEEE Transactions on Signal Processing},
  volume={67},
  number={5},
  pages={1223--1236},
  year={2018},
  publisher={IEEE}
}
@article{aydore2019dynamic,
  title={Dynamic local regret for non-convex online forecasting},
  author={Aydore, Sergul and Zhu, Tianhao and Foster, Dean P},
  journal={Conference and Workshop on Neural Information Processing Systems},
  volume={32},
  year={2019}
}

Continual Learning
@article{lopez2017gradient,
  title={Gradient episodic memory for continual learning},
  author={Lopez-Paz, David and Ranzato, Marc'Aurelio},
  journal={Conference and Workshop on Neural Information Processing Systems},
  volume={30},
  year={2017}
}
@article{lin1992self,
  title={Self-improving reactive agents based on reinforcement learning, planning and teaching},
  author={Lin, Long-Ji},
  journal={Machine learning},
  volume={8},
  pages={293--321},
  year={1992},
  publisher={Springer}
}
@article{grossberg2013adaptive,
  title={Adaptive Resonance Theory: How a brain learns to consciously attend, learn, and recognize a changing world},
  author={Grossberg, Stephen},
  journal={Neural networks},
  volume={37},
  pages={1--47},
  year={2013},
  publisher={Elsevier}
}

@inproceedings{kong2023understanding,
  title={Understanding masked autoencoders via hierarchical latent variable models},
  author={Kong, Lingjing and Ma, Martin Q and Chen, Guangyi and Xing, Eric P and Chi, Yuejie and Morency, Louis-Philippe and Zhang, Kun},
  booktitle={IEEE Conference on Computer Vision and Pattern Recognition},
  pages={7918--7928},
  year={2023}
}
