@article{aydore2019dynamic,
  title={Dynamic local regret for non-convex online forecasting},
  author={Aydore, Sergul and Zhu, Tianhao and Foster, Dean P},
  journal={Conference and Workshop on Neural Information Processing Systems},
  volume={32},
  year={2019}
}

@article{comon1994independent,
  title={Independent component analysis, a new concept?},
  author={Comon, Pierre},
  journal={Signal processing},
  volume={36},
  number={3},
  pages={287--314},
  year={1994},
  publisher={Elsevier}
}

@article{daunhawer2023identifiability,
  title={Identifiability results for multimodal contrastive learning},
  author={Daunhawer, Imant and Bizeul, Alice and Palumbo, Emanuele and Marx, Alexander and Vogt, Julia E},
  journal={International Conference on Learning Representations 2023},
  year={2023}
}

@inproceedings{gresele2020incomplete,
  title={The incomplete rosetta stone problem: Identifiability results for multi-view nonlinear ica},
  author={Gresele, Luigi and Rubenstein, Paul K and Mehrjou, Arash and Locatello, Francesco and Sch{\"o}lkopf, Bernhard},
  booktitle={UAI},
  pages={217--227},
  year={2020},
  organization={Proceedings of Machine Learning Research}
}

@article{grossberg2013adaptive,
  title={Adaptive Resonance Theory: How a brain learns to consciously attend, learn, and recognize a changing world},
  author={Grossberg, Stephen},
  journal={Neural networks},
  volume={37},
  pages={1--47},
  year={2013},
  publisher={Elsevier}
}

@article{gultekin2018online,
  title={Online forecasting matrix factorization},
  author={Gultekin, San and Paisley, John},
  journal={IEEE Transactions on Signal Processing},
  volume={67},
  number={5},
  pages={1223--1236},
  year={2018},
  publisher={IEEE}
}

@inproceedings{halva2020hidden,
  title={Hidden markov nonlinear ica: Unsupervised learning from nonstationary time series},
  author={H{\"a}lv{\"a}, Hermanni and Hyvarinen, Aapo},
  booktitle={Conference on UAI},
  pages={939--948},
  year={2020},
  organization={Proceedings of Machine Learning Research}
}

@article{huang2023latent,
  title={Latent processes identification from multi-view time series},
  author={Huang, Zenan and Wang, Haobo and Zhao, Junbo and Zheng, Nenggan},
  journal={International Joint Conference on Artificial Intelligence-23},
  year={2023}
}

@article{hyvarinen1999nonlinear,
  title={Nonlinear independent component analysis: Existence and uniqueness results},
  author={Hyv{\"a}rinen, Aapo and Pajunen, Petteri},
  journal={Neural networks},
  volume={12},
  number={3},
  pages={429--439},
  year={1999},
  publisher={Elsevier}
}

@article{hyvarinen2013independent,
  title={Independent component analysis: recent advances},
  author={Hyv{\"a}rinen, Aapo},
  journal={Philos. Trans. Royal Soc. A},
  volume={371},
  number={1984},
  pages={20110534},
  year={2013},
  publisher={The Royal Society Publishing}
}

@article{hyvarinen2016unsupervised,
  title={Unsupervised feature extraction by time-contrastive learning and nonlinear ica},
  author={Hyvarinen, Aapo and Morioka, Hiroshi},
  journal={Conference and Workshop on Neural Information Processing Systems},
  volume={29},
  year={2016}
}

@inproceedings{hyvarinen2017nonlinear,
  title={Nonlinear ICA of temporally dependent stationary sources},
  author={Hyvarinen, Aapo and Morioka, Hiroshi},
  booktitle={AISTATS},
  pages={460--469},
  year={2017},
  organization={Proceedings of Machine Learning Research}
}

@inproceedings{hyvarinen2019nonlinear,
  title={Nonlinear ICA using auxiliary variables and generalized contrastive learning},
  author={Hyvarinen, Aapo and Sasaki, Hiroaki and Turner, Richard},
  booktitle={The 22nd International Conference on AISTATS},
  pages={859--868},
  year={2019},
  organization={Proceedings of Machine Learning Research}
}

@article{hyvarinen2024identifiability,
  title={Identifiability of latent-variable and structural-equation models: from linear to nonlinear},
  author={Hyv{\"a}rinen, Aapo and Khemakhem, Ilyes and Monti, Ricardo},
  journal={Ann Inst Stat Math},
  volume={76},
  number={1},
  pages={1--33},
  year={2024},
  publisher={Springer}
}

@article{khemakhem2020ice,
  title={Ice-beem: Identifiable conditional energy-based deep models based on nonlinear ica},
  author={Khemakhem, Ilyes and Monti, Ricardo and Kingma, Diederik and Hyvarinen, Aapo},
  journal={Conference and Workshop on Neural Information Processing Systems},
  volume={33},
  pages={12768--12778},
  year={2020}
}

@inproceedings{khemakhem2020variational,
  title={Variational autoencoders and nonlinear ica: A unifying framework},
  author={Khemakhem, Ilyes and Kingma, Diederik and Monti, Ricardo and Hyvarinen, Aapo},
  booktitle={International conference on AISTATS},
  pages={2207--2217},
  year={2020},
  organization={Proceedings of Machine Learning Research}
}

@article{kitaev2020reformer,
  title={Reformer: The efficient transformer},
  author={Kitaev, Nikita and Kaiser, {\L}ukasz and Levskaya, Anselm},
  journal={arXiv preprint arXiv:2001.04451},
  year={2020}
}

@inproceedings{kong2022partial,
  title={Partial disentanglement for domain adaptation},
  author={Kong, Lingjing and Xie, Shaoan and Yao, Weiran and Zheng, Yujia and Chen, Guangyi and Stojanov, Petar and Akinwande, Victor and Zhang, Kun},
  booktitle={International Conference on Machine Learning},
  pages={11455--11472},
  year={2022},
  organization={Proceedings of Machine Learning Research}
}

@article{kong2023identification,
  title={Identification of nonlinear latent hierarchical models},
  author={Kong, Lingjing and Huang, Biwei and Xie, Feng and Xing, Eric and Chi, Yuejie and Zhang, Kun},
  journal={Conference and Workshop on Neural Information Processing Systems},
  volume={36},
  pages={2010--2032},
  year={2023}
}

@article{lachapelle2022partial,
  title={Partial disentanglement via mechanism sparsity},
  author={Lachapelle, S{\'e}bastien and Lacoste-Julien, Simon},
  journal={CRL 2022},
  year={2022}
}

@inproceedings{lachapelle2023synergies,
  title={Synergies between disentanglement and sparsity: Generalization and identifiability in multi-task learning},
  author={Lachapelle, S{\'e}bastien and Deleu, Tristan and Mahajan, Divyat and Mitliagkas, Ioannis and Bengio, Yoshua and Lacoste-Julien, Simon and Bertrand, Quentin},
  booktitle={International Conference on Machine Learning},
  pages={18171--18206},
  year={2023},
  organization={Proceedings of Machine Learning Research}
}

@book{lee1998independent,
  title={Independent component analysis},
  author={Lee, Te-Won and Lee, Te-Won},
  year={1998},
  publisher={Springer}
}

@article{li2023identifying,
  title={Identifying Semantic Component for Robust Molecular Property Prediction},
  author={Li, Zijian and Xu, Zunhong and Cai, Ruichu and Yang, Zhenhui and Yan, Yuguang and Hao, Zhifeng and Chen, Guangyi and Zhang, Kun},
  journal={arXiv preprint arXiv:2311.04837},
  year={2023}
}

@article{lin1992self,
  title={Self-improving reactive agents based on reinforcement learning, planning and teaching},
  author={Lin, Long-Ji},
  journal={Machine learning},
  volume={8},
  pages={293--321},
  year={1992},
  publisher={Springer}
}

@inproceedings{lippe2022citris,
  title={Citris: Causal identifiability from temporal intervened sequences},
  author={Lippe, Phillip and Magliacane, Sara and L{\"o}we, Sindy and Asano, Yuki M and Cohen, Taco and Gavves, Stratis},
  booktitle={International Conference on Machine Learning},
  pages={13557--13603},
  year={2022},
  organization={Proceedings of Machine Learning Research}
}

@inproceedings{liu2016online,
  title={Online arima algorithms for time series prediction},
  author={Liu, Chenghao and Hoi, Steven CH and Zhao, Peilin and Sun, Jianling},
  booktitle={Association for the Advancement of Artificial Intelligence},
  volume={30},
  number={1},
  year={2016}
}

@inproceedings{liu2021pyraformer,
  title={Pyraformer: Low-complexity pyramidal attention for long-range time series modeling and forecasting},
  author={Liu, Shizhan and Yu, Hang and Liao, Cong and Li, Jianguo and Lin, Weiyao and Liu, Alex X and Dustdar, Schahram},
  booktitle={International conference on learning representations},
  year={2021}
}

@inproceedings{liu2023causal,
  title={Causal triplet: An open challenge for intervention-centric causal representation learning},
  author={Liu, Yuejiang and Alahi, Alexandre and Russell, Chris and Horn, Max and Zietlow, Dominik and Sch{\"o}lkopf, Bernhard and Locatello, Francesco},
  booktitle={Conference on CLeaR},
  pages={553--573},
  year={2023},
  organization={Proceedings of Machine Learning Research}
}

@article{lopez2017gradient,
  title={Gradient episodic memory for continual learning},
  author={Lopez-Paz, David and Ranzato, Marc'Aurelio},
  journal={Conference and Workshop on Neural Information Processing Systems},
  volume={30},
  year={2017}
}

@article{mansouri2023object,
  title={Object-centric architectures enable efficient causal representation learning},
  author={Mansouri, Amin and Hartford, Jason and Zhang, Yan and Bengio, Yoshua},
  journal={International Conference on Learning Representations 2024},
  year={2023}
}

@article{pham2022learning,
  title={Learning fast and slow for online time series forecasting},
  author={Pham, Quang and Liu, Chenghao and Sahoo, Doyen and Hoi, Steven CH},
  journal={International Conference on Learning Representations 2023},
  year={2022}
}

@article{rajendran2024learning,
  title={Learning interpretable concepts: Unifying causal representation learning and foundation models},
  author={Rajendran, Goutham and Buchholz, Simon and Aragam, Bryon and Sch{\"o}lkopf, Bernhard and Ravikumar, Pradeep},
  journal={Conference and Workshop on Neural Information Processing Systems 2024},
  year={2024}
}

@article{scholkopf2021toward,
  title={Toward causal representation learning},
  author={Sch{\"o}lkopf, Bernhard and Locatello, Francesco and Bauer, Stefan and Ke, Nan Rosemary and Kalchbrenner, Nal and Goyal, Anirudh and Bengio, Yoshua},
  journal={Proceedings of the IEEE},
  volume={109},
  number={5},
  pages={612--634},
  year={2021},
  publisher={IEEE}
}

@article{song2024temporally,
  title={Temporally disentangled representation learning under unknown nonstationarity},
  author={Song, Xiangchen and Yao, Weiran and Fan, Yewen and Dong, Xinshuai and Chen, Guangyi and Niebles, Juan Carlos and Xing, Eric and Zhang, Kun},
  journal={Conference and Workshop on Neural Information Processing Systems},
  volume={36},
  year={2024}
}

@article{wen2024onenet,
  title={Onenet: Enhancing time series forecasting models under concept drift by online ensembling},
  author={Wen, Qingsong and Chen, Weiqi and Sun, Liang and Zhang, Zhang and Wang, Liang and Jin, Rong and Tan, Tieniu and others},
  journal={Conference and Workshop on Neural Information Processing Systems},
  volume={36},
  year={2024}
}

@article{wendong2024causal,
  title={Causal component analysis},
  author={Wendong, Liang and Keki{\'c}, Armin and von K{\"u}gelgen, Julius and Buchholz, Simon and Besserve, Michel and Gresele, Luigi and Sch{\"o}lkopf, Bernhard},
  journal={Conference and Workshop on Neural Information Processing Systems},
  volume={36},
  year={2024}
}

@article{wu2021autoformer,
  title={Autoformer: Decomposition transformers with auto-correlation for long-term series forecasting},
  author={Wu, Haixu and Xu, Jiehui and Wang, Jianmin and Long, Mingsheng},
  journal={Conference and Workshop on Neural Information Processing Systems},
  volume={34},
  pages={22419--22430},
  year={2021}
}

@inproceedings{xie2023multi,
  title={Multi-domain image generation and translation with identifiability guarantees},
  author={Xie, Shaoan and Kong, Lingjing and Gong, Mingming and Zhang, Kun},
  booktitle={The Eleventh International Conference on Learning Representations},
  year={2023}
}

@article{yan2024counterfactual,
  title={Counterfactual generation with identifiability guarantees},
  author={Yan, Hanqi and Kong, Lingjing and Gui, Lin and Chi, Yuejie and Xing, Eric and He, Yulan and Zhang, Kun},
  journal={Conference and Workshop on Neural Information Processing Systems},
  volume={36},
  year={2024}
}

@article{yao2021learning,
  title={Learning temporally causal latent processes from general temporal data},
  author={Yao, Weiran and Sun, Yuewen and Ho, Alex and Sun, Changyin and Zhang, Kun},
  journal={International Conference on Learning Representations 2022},
  year={2021}
}

@article{yao2022temporally,
  title={Temporally disentangled representation learning},
  author={Yao, Weiran and Chen, Guangyi and Zhang, Kun},
  journal={Conference and Workshop on Neural Information Processing Systems},
  volume={35},
  pages={26492--26503},
  year={2022}
}

@article{yao2023multi,
  title={Multi-view causal representation learning with partial observability},
  author={Yao, Dingling and Xu, Danru and Lachapelle, S{\'e}bastien and Magliacane, Sara and Taslakian, Perouz and Martius, Georg and von K{\"u}gelgen, Julius and Locatello, Francesco},
  journal={International Conference on Learning Representations 2024},
  year={2023}
}

@inproceedings{zhang2007kernel,
  title={Kernel-based nonlinear independent component analysis},
  author={Zhang, Kun and Chan, Laiwan},
  booktitle={International Conference on Independent Component Analysis and Signal Separation},
  pages={301--308},
  year={2007},
  organization={Springer}
}

@article{zhang2024causal,
  title={Causal representation learning from multiple distributions: A general setting},
  author={Zhang, Kun and Xie, Shaoan and Ng, Ignavier and Zheng, Yujia},
  journal={International Conference on Machine Learning 2024},
  year={2024}
}

@article{zheng2022identifiability,
  title={On the identifiability of nonlinear ICA: Sparsity and beyond},
  author={Zheng, Yujia and Ng, Ignavier and Zhang, Kun},
  journal={Conference and Workshop on Neural Information Processing Systems},
  volume={35},
  pages={16411--16422},
  year={2022}
}

@inproceedings{zhou2021informer,
  title={Informer: Beyond efficient transformer for long sequence time-series forecasting},
  author={Zhou, Haoyi and Zhang, Shanghang and Peng, Jieqi and Zhang, Shuai and Li, Jianxin and Xiong, Hui and Zhang, Wancai},
  booktitle={Association for the Advancement of Artificial Intelligence},
  volume={35},
  number={12},
  pages={11106--11115},
  year={2021}
}

