@article{dalle2_ramesh2022hierarchical,
  title={Hierarchical text-conditional image generation with clip latents},
  author={Ramesh, Aditya and Dhariwal, Prafulla and Nichol, Alex and Chu, Casey and Chen, Mark},
  journal={arXiv preprint arXiv:2204.06125},
  volume={1},
  number={2},
  pages={3},
  year={2022}
}

@article{dalle3_betker2023improving,
  title={Improving image generation with better captions},
  author={Betker, James and Goh, Gabriel and Jing, Li and Brooks, Tim and Wang, Jianfeng and Li, Linjie and Ouyang, Long and Zhuang, Juntang and Lee, Joyce and Guo, Yufei and others},
  journal={Computer Science. https://cdn.openai.com/papers/dall-e-3. pdf},
  volume={2},
  number={3},
  pages={8},
  year={2023}
}

@article{dreamfusion_poole2022dreamfusion,
  title={Dreamfusion: Text-to-3d using 2d diffusion},
  author={Poole, Ben and Jain, Ajay and Barron, Jonathan T and Mildenhall, Ben},
  journal={arXiv preprint arXiv:2209.14988},
  year={2022}
}

@inproceedings{emu_edit_sheynin2024emu,
  title={Emu edit: Precise image editing via recognition and generation tasks},
  author={Sheynin, Shelly and Polyak, Adam and Singer, Uriel and Kirstain, Yuval and Zohar, Amit and Ashual, Oron and Parikh, Devi and Taigman, Yaniv},
  booktitle={Proceedings of the IEEE/CVF Conference on Computer Vision and Pattern Recognition},
  pages={8871--8879},
  year={2024}
}

@inproceedings{eve_singer2025video,
  title={Video editing via factorized diffusion distillation},
  author={Singer, Uriel and Zohar, Amit and Kirstain, Yuval and Sheynin, Shelly and Polyak, Adam and Parikh, Devi and Taigman, Yaniv},
  booktitle={European Conference on Computer Vision},
  pages={450--466},
  year={2025},
  organization={Springer}
}

@article{fatezero_qi2023fatezero,
  title={Fatezero: Fusing attentions for zero-shot text-based video editing},
  author={Qi, Chenyang and Cun, Xiaodong and Zhang, Yong and Lei, Chenyang and Wang, Xintao and Shan, Ying and Chen, Qifeng},
  journal={arXiv preprint arXiv:2303.09535},
  year={2023}
}

@misc{gen3,
  author = {{Gen-3}},
  title = {Introducing Gen-3 Alpha: A New Frontier for Video Generation},
  howpublished = {\url{https://runwayml.com/research/introducing-gen-3-alpha/}},
  year = {2024}
}

@inproceedings{hive_zhang2024hive,
  title={Hive: Harnessing human feedback for instructional visual editing},
  author={Zhang, Shu and Yang, Xinyi and Feng, Yihao and Qin, Can and Chen, Chia-Chih and Yu, Ning and Chen, Zeyuan and Wang, Huan and Savarese, Silvio and Ermon, Stefano and others},
  booktitle={Proceedings of the IEEE/CVF Conference on Computer Vision and Pattern Recognition},
  pages={9026--9036},
  year={2024}
}

@article{hq_edit_hui2024hq,
  title={Hq-edit: A high-quality dataset for instruction-based image editing},
  author={Hui, Mude and Yang, Siwei and Zhao, Bingchen and Shi, Yichun and Wang, Heng and Wang, Peng and Zhou, Yuyin and Xie, Cihang},
  journal={arXiv preprint arXiv:2404.09990},
  year={2024}
}

@inproceedings{instructpix2pix_brooks2023instructpix2pix,
  title={Instructpix2pix: Learning to follow image editing instructions},
  author={Brooks, Tim and Holynski, Aleksander and Efros, Alexei A},
  booktitle={Proceedings of the IEEE/CVF Conference on Computer Vision and Pattern Recognition},
  pages={18392--18402},
  year={2023}
}

@article{ku2024anyv2v,
  title={Anyv2v: A plug-and-play framework for any video-to-video editing tasks},
  author={Ku, Max and Wei, Cong and Ren, Weiming and Yang, Huan and Chen, Wenhu},
  journal={arXiv preprint arXiv:2403.14468},
  year={2024}
}

@article{magic_brush_zhang2024magicbrush,
  title={Magicbrush: A manually annotated dataset for instruction-guided image editing},
  author={Zhang, Kai and Mo, Lingbo and Chen, Wenhu and Sun, Huan and Su, Yu},
  journal={Advances in Neural Information Processing Systems},
  volume={36},
  year={2024}
}

@inproceedings{null_text_inversion_mokady2023null,
  title={Null-text inversion for editing real images using guided diffusion models},
  author={Mokady, Ron and Hertz, Amir and Aberman, Kfir and Pritch, Yael and Cohen-Or, Daniel},
  booktitle={Proceedings of the IEEE/CVF Conference on Computer Vision and Pattern Recognition},
  pages={6038--6047},
  year={2023}
}

@article{omniedit_wei2024omniedit,
  title={OmniEdit: Building Image Editing Generalist Models Through Specialist Supervision},
  author={Wei, Cong and Xiong, Zheyang and Ren, Weiming and Du, Xinrun and Zhang, Ge and Chen, Wenhu},
  journal={arXiv preprint arXiv:2411.07199},
  year={2024}
}

@inproceedings{other_ddim_huberman2024edit,
  title={An edit friendly ddpm noise space: Inversion and manipulations},
  author={Huberman-Spiegelglas, Inbar and Kulikov, Vladimir and Michaeli, Tomer},
  booktitle={Proceedings of the IEEE/CVF Conference on Computer Vision and Pattern Recognition},
  pages={12469--12478},
  year={2024}
}

@article{other_ddim_lu2022dpm,
  title={Dpm-solver++: Fast solver for guided sampling of diffusion probabilistic models},
  author={Lu, Cheng and Zhou, Yuhao and Bao, Fan and Chen, Jianfei and Li, Chongxuan and Zhu, Jun},
  journal={arXiv preprint arXiv:2211.01095},
  year={2022}
}

@inproceedings{other_ddim_wallace2023edict,
  title={Edict: Exact diffusion inversion via coupled transformations},
  author={Wallace, Bram and Gokul, Akash and Naik, Nikhil},
  booktitle={Proceedings of the IEEE/CVF Conference on Computer Vision and Pattern Recognition},
  pages={22532--22541},
  year={2023}
}

@inproceedings{pix2video_ceylan2023pix2video,
  title={Pix2video: Video editing using image diffusion},
  author={Ceylan, Duygu and Huang, Chun-Hao P and Mitra, Niloy J},
  booktitle={Proceedings of the IEEE/CVF International Conference on Computer Vision},
  pages={23206--23217},
  year={2023}
}

@article{prompt_to_prompt_hertz2022prompt,
  title={Prompt-to-prompt image editing with cross attention control},
  author={Hertz, Amir and Mokady, Ron and Tenenbaum, Jay and Aberman, Kfir and Pritch, Yael and Cohen-Or, Daniel},
  journal={arXiv preprint arXiv:2208.01626},
  year={2022}
}

@article{propgen_liu2024generative,
  title={Generative Video Propagation},
  author={Liu, Shaoteng and Wang, Tianyu and Wang, Jui-Hsien and Liu, Qing and Zhang, Zhifei and Lee, Joon-Young and Li, Yijun and Yu, Bei and Lin, Zhe and Kim, Soo Ye and others},
  journal={arXiv preprint arXiv:2412.19761},
  year={2024}
}

@misc{raccon_yoon2024raccoonremoveaddchange,
      title={RACCooN: Remove, Add, and Change Video Content with Auto-Generated Narratives}, 
      author={Jaehong Yoon and Shoubin Yu and Mohit Bansal},
      year={2024},
      eprint={2405.18406},
      archivePrefix={arXiv},
      primaryClass={cs.CV},
      url={https://arxiv.org/abs/2405.18406}, 
}

@article{sdedit_meng2021sdedit,
  title={Sdedit: Guided image synthesis and editing with stochastic differential equations},
  author={Meng, Chenlin and He, Yutong and Song, Yang and Song, Jiaming and Wu, Jiajun and Zhu, Jun-Yan and Ermon, Stefano},
  journal={arXiv preprint arXiv:2108.01073},
  year={2021}
}

@misc{sora,
  author = {OpenAI},
  title = {Sora: Creating video from text},
  howpublished = {\url{https://openai.com/index/sora/}},
  year = {2024}
}

@article{stablev2v_liu2024stablev2v,
  title={StableV2V: Stablizing Shape Consistency in Video-to-Video Editing},
  author={Liu, Chang and Li, Rui and Zhang, Kaidong and Lan, Yunwei and Liu, Dong},
  journal={arXiv preprint arXiv:2411.11045},
  year={2024}
}

@article{tokenflow_geyer2023tokenflow,
  title={Tokenflow: Consistent diffusion features for consistent video editing},
  author={Geyer, Michal and Bar-Tal, Omer and Bagon, Shai and Dekel, Tali},
  journal={arXiv preprint arXiv:2307.10373},
  year={2023}
}

@inproceedings{tuneavideo_wu2023tune,
  title={Tune-a-video: One-shot tuning of image diffusion models for text-to-video generation},
  author={Wu, Jay Zhangjie and Ge, Yixiao and Wang, Xintao and Lei, Stan Weixian and Gu, Yuchao and Shi, Yufei and Hsu, Wynne and Shan, Ying and Qie, Xiaohu and Shou, Mike Zheng},
  booktitle={Proceedings of the IEEE/CVF International Conference on Computer Vision},
  pages={7623--7633},
  year={2023}
}

@article{ultraedit_zhao2024ultraedit,
  title={UltraEdit: Instruction-based Fine-Grained Image Editing at Scale},
  author={Zhao, Haozhe and Ma, Xiaojian and Chen, Liang and Si, Shuzheng and Wu, Rujie and An, Kaikai and Yu, Peiyu and Zhang, Minjia and Li, Qing and Chang, Baobao},
  journal={arXiv preprint arXiv:2407.05282},
  year={2024}
}

@article{vivid_10m_hu2024vivid,
  title={VIVID-10M: A Dataset and Baseline for Versatile and Interactive Video Local Editing},
  author={Hu, Jiahao and Zhong, Tianxiong and Wang, Xuebo and Jiang, Boyuan and Tian, Xingye and Yang, Fei and Wan, Pengfei and Zhang, Di},
  journal={arXiv preprint arXiv:2411.15260},
  year={2024}
}

