@article{Loi2023_review,
author = {Loi, Iliana and Zacharaki, Evangelia I and Moustakas, Konstantinos},
year = {2023},
month = {08},
pages = {},
title = {Machine Learning Approaches for 3D Motion Synthesis and Musculoskeletal Dynamics Estimation: A Survey},
volume = {30},
number = {8},
journal = {IEEE transactions on visualization and computer graphics},
doi = {10.1109/TVCG.2023.3308753}
}

@article{Yang2019,
author = {Yang, Chen and Leitkam, Samuel and Côté, Julie N},
year = {2019},
month = {12},
pages = {},
title = {Effects of different fatigue locations on upper body kinematics and inter-joint coordination in a repetitive pointing task},
volume = {14},
number = {12},
journal = {PLoS One},
doi = {10.1371/journal.pone.0227247}
}

@article{Cortes2014,
author = {Cortes, Nelson and Onate, James and Morrison, Steven},
title = {Differential effects of fatigue on movement variability},
journal = {Gait \& Posture},
volume = {39},
number = {3},
pages = {888-893},
year = {2014},
doi = {https://doi.org/10.1016/j.gaitpost.2013.11.020},
}

@article{Zandbergen2023,
author = {Zandbergen, Marit and Marotta, Luca and Bulthuis, Roos and Buurke, Jaap and Veltink, Peter and Reenalda, Jasper},
month = {10},
volume = {99},
pages = {60-75},
year = {2023},
title = {Effects of Level Running-induced Fatigue on Running Kinematics: A Systematic Review and Meta-analysis},
journal = {Gait \& Posture},
doi = {10.1016/j.gaitpost.2022.09.089}
}

@article{He2024,
author = {He, Zhanyang and Liu, Gongju and Zhang, Bin and Ye, Binyong and Zhu, Houwei},
year = {2024},
month = {05},
pages = {10282},
title = {Impact of specialized fatigue and backhand smash on the ankle biomechanics of female badminton players},
volume = {14},
journal = {Scientific Reports},
doi = {10.1038/s41598-024-61141-z}
}

@article{Möhler2022,
author = {Möhler, Felix and Kettner, Cagla and Stein, Thorsten},
year = {2022},
month = {04},
pages = {e0265550},
title = {Changes in spatiotemporal parameters, joint and CoM kinematics and leg stiffness in novice runners during a high-intensity fatigue protocol},
volume = {17},
number = {4},
journal = {PLOS ONE},
doi = {10.1371/journal.pone.0265550}
}

@article{Cowley2017,
author = {Cowley, Jeffrey and Gates, Deanna},
year = {2017},
month = {02},
pages = {e0172835},
title = {Proximal and distal muscle fatigue differentially affect movement coordination},
volume = {12},
number = {2},
journal = {PLOS ONE},
doi = {10.1371/journal.pone.0172835}
}

@ARTICLE{Zhang2023,
  author={Zhang, Jie and Zhao, Yihui and Shone, Fergus and Li, Zhenhong and Frangi, Alejandro F. and Xie, Sheng Quan and Zhang, Zhi-Qiang},
  journal={IEEE Transactions on Neural Systems and Rehabilitation Engineering}, 
  title={Physics-Informed Deep Learning for Musculoskeletal Modeling: Predicting Muscle Forces and Joint Kinematics From Surface EMG}, 
  year={2023},
  volume={31},
  number={},
  pages={484-493}}


@ARTICLE{Ma2024,
  author={Ma, Shuhao and Zhang, Jie and Shi, Chaoyang and Di, Pei and Robertson, Ian D. and Zhang, Zhi-Qiang},
  journal={IEEE Transactions on Neural Systems and Rehabilitation Engineering}, 
  title={Physics-Informed Deep Learning for Muscle Force Prediction With Unlabeled sEMG Signals}, 
  year={2024},
  volume={32},
  number={},
  pages={1246-1256}
  }

@Article{Rane2019,
	author = "Rane, Lance and Ding, Ziyun and Mcgregor, Alison and Bull, Anthony",
	title = "Deep Learning for Musculoskeletal Force Prediction",
	volume = "47",
	number = "3",
	pages = "778–789",
	year = "2019",
	doi = "https://doi.org/10.1007/s10439-018-02190-0",
	journal = "Annals of Biomedical Engineering"
}

@misc{Park2022,
  doi = {10.48550/ARXIV.2201.12044},
  
  url = {https://arxiv.org/abs/2201.12044},
  
  author = {Park, Jungnam and Min, Sehee and Chang, Phil Sik and Lee, Jaedong and Park, Moonseok and Lee, Jehee},
  
  keywords = {Graphics (cs.GR), Machine Learning (cs.LG), FOS: Computer and information sciences, FOS: Computer and information sciences},
  
  title = {Generative GaitNet},
  
  publisher = {arXiv},
  
  year = {2022},
  
  copyright = {arXiv.org perpetual, non-exclusive license}
}

@article{ZhiboZhang2022,
  author={Zhang, Zhibo and Zhu, Yanjun and Rai, Rahul and Doermann, David},
  journal={IEEE Robotics and Automation Letters}, 
  title={PIMNet: Physics-Infused Neural Network for Human Motion Prediction}, 
  year={2022},
  volume={7},
  number={4},
  pages={8949-8955},
  doi={10.1109/LRA.2022.3188892}
  }

@Article{Burton2021,
	author = "Burton, William S. and Myers, Casey A. and  Rullkoetter, Paul J.",
	title = "Machine learning for rapid estimation of lower extremity muscle and joint loading during activities of daily living",
	volume = "123",
	number = "",
	pages = "110439",
	year = "2021",
	doi = "https://doi.org/10.1016/j.jbiomech.2021.110439",
	journal = "Journal of Biomechanics"
}

@Article{Stetter2019,
	author = "Stetter, Bernd and Ringhof, Steffen and Krafft, Frieder and Sell, Stefan and Stein, Thorsten",
	title = "Estimation of Knee Joint Forces in Sport Movements Using Wearable Sensors and Machine Learning",
	volume = "19",
	number = "17",
	pages = "3690",
	year = "2019",
	doi = "https://doi.org/10.3390/s19173690",
	journal = "Sensors"
}

@article{Zou2024,
author = {Zou, Jianjun and Zhang, Xiaogang and Zhang, Yali and Jin, Zhongmin},
year = {2024},
month = {01},
pages = {},
title = {Prediction of medial knee contact force using multisource fusion recurrent neural network and transfer learning},
volume = {62},
number = {6},
journal = {Medical \& Biological Engineering \& Computing},
doi = {10.1007/s11517-023-03011-w}
}

@ARTICLE{Loi2023,
  author={Loi, Iliana and Zacharaki, Evangelia I. and Moustakas, Konstantinos},
  journal={IEEE Transactions on Neural Systems and Rehabilitation Engineering}, 
  title={Multi-Action Knee Contact Force Prediction by Domain Adaptation}, 
  year={2024},
  volume={32},
  number={},
  pages={122-132},
  doi={10.1109/TNSRE.2023.3345006}
}

@article{Sohane2022,
author = {Sohane, Anurag and Agarwal, Ravinder},
year = {2022},
month = {},
pages = {1167-1177},
title = {Knee Muscle Force Estimating Model Using Machine Learning Approach},
volume = {65},
number = {5},
journal = {The Computer Journal},
doi = {10.1093/comjnl/bxaa160}
}

@ARTICLE{Zhang2022,
  author={Zhang, Longbin and Soselia, Davit and Wang, Ruoli and Gutierrez-Farewik, Elena M.},
  journal={IEEE Transactions on Neural Systems and Rehabilitation Engineering}, 
  title={Lower-Limb Joint Torque Prediction Using LSTM Neural Networks and Transfer Learning}, 
  year={2022},
  volume={30},
  number={},
  pages={600-609},
  }

@article{Anderson2007,
author = {Anderson, Dennis and Madigan, Michael and Nussbaum, Maury},
year = {2007},
month = {02},
pages = {3105-13},
title = {Maximum voluntary joint torque as a function of joint angle and angular velocity: Model development and application to the lower limb},
volume = {40},
number = {14}, 
journal = {Journal of biomechanics},
doi = {10.1016/j.jbiomech.2007.03.022}
}

@Article{Wang2023,
AUTHOR = {Wang, Mengsi and Chen, Zhenlei and Zhan, Haoran and Zhang, Jiyu and Wu, Xinglong and Jiang, Dan and Guo, Qing},
TITLE = {Lower Limb Joint Torque Prediction Using Long Short-Term Memory Network and Gaussian Process Regression},
JOURNAL = {Sensors},
VOLUME = {23},
YEAR = {2023},
NUMBER = {23},
DOI = {10.3390/s23239576}
}

@article{Mansour2023,
author = {Mansour, Mohammed and Serbest, Kasım and Kutlu, Mustafa and çilli, Murat},
year = {2023},
month = {08},
pages = {},
title = {Estimation of lower limb joint moments based on the inverse dynamics approach: a comparison of machine learning algorithms for rapid estimation},
volume = {61},
number = {8},
journal = {Medical \& biological engineering \& computing},
doi = {10.1007/s11517-023-02890-3}
}

@ARTICLE{Sharma2022,
  author={Sharma, Rahul and Dasgupta, Abhishek and Cheng, Runbei and Mishra, Challenger and Nagaraja, Vikranth H.},
  journal={IEEE Sensors Journal}, 
  title={Machine Learning for Musculoskeletal Modeling of Upper Extremity}, 
  year={2022},
  volume={22},
  number={19},
  pages={18684-18697}
}

@article{Nasr2021,
doi = {10.1088/1741-2552/ac1adc},
year = {2021},
month = {aug},
publisher = {IOP Publishing},
volume = {18},
number = {4},
pages = {0460d3},
author = {Ali Nasr and Sydney Bell and Jiayuan He and Rachel L Whittaker and Ning Jiang and Clark R Dickerson and John McPhee},
title = {MuscleNET: mapping electromyography to kinematic and dynamic biomechanical variables by machine learning},
journal = {Journal of Neural Engineering}
}

@ARTICLE{Zou2024_2,

AUTHOR={Zou, Limin  and Zhang, Xiaochun  and Jiang, Ziang  and Wu, Xie  and Zhang, Qiang },

TITLE={Influences of fatigue and anticipation on female soccer players’ biomechanical characteristics during 180° pivot turn: implication for risk and prevention of anterior cruciate ligament injury},

JOURNAL={Frontiers in Physiology},

VOLUME={15},

YEAR={2024},

DOI={10.3389/fphys.2024.1424092} 
}


@Article{Jo2024,
AUTHOR = {Jo, Daehwi and Kim, Hyunsoo},
TITLE = {The Influence of Fatigue, Recovery, and Environmental Factors on the Body Stability of Construction Workers},
JOURNAL = {Sensors},
VOLUME = {24},
YEAR = {2024},
NUMBER = {11},
ARTICLE-NUMBER = {3469},
DOI = {10.3390/s24113469}
}

@article{Xu2023,
title = {Accurately and effectively predict the ACL force: Utilizing biomechanical landing pattern before and after-fatigue},
journal = {Computer Methods and Programs in Biomedicine},
volume = {241},
pages = {107761},
year = {2023},
doi = {https://doi.org/10.1016/j.cmpb.2023.107761},
author = {Datao Xu and Huiyu Zhou and Wenjing Quan and Fekete Gusztav and Meizi Wang and Julien S. Baker and Yaodong Gu}
}

@Article{Carratalá-Tejada2022,
AUTHOR = {Carratalá-Tejada, María and Cuesta-Gómez, Alicia and Ortiz-Gutiérrez, Rosa and Molina-Rueda, Francisco and Luna-Oliva, Laura and Miangolarra-Page, Juan Carlos},
TITLE = {Reflex Locomotion Therapy for Balance, Gait, and Fatigue Rehabilitation in Subjects with Multiple Sclerosis},
JOURNAL = {Journal of Clinical Medicine},
VOLUME = {11},
YEAR = {2022},
NUMBER = {3},
DOI = {10.3390/jcm11030567}
}


@article{Lu2021,
author = {Lu, Lin and Megahed, Fadel M and Cavuoto, Lora A},
title = {Interventions to Mitigate Fatigue Induced by Physical Work: A Systematic Review of Research Quality and Levels of Evidence for Intervention Efficacy},
journal = {Human Factors: The Journal of the Human Factors and Ergonomics Society},
volume = {63},
number = {1}, 
pages = {151-191},
year = {2021},
doi = {https://doi.org/10.1177/0018720819876141}
}

@article{Pinto2019,
author = {Pinto, Brendan and Mcgill, Stuart},
year = {2019},
month = {11},
pages = {1525–1529},
title = {Voluntary Muscle Relaxation Can Mitigate Fatigue and Improve Countermovement Jump Performance},
volume = {34},
number = {6},
journal = {The Journal of Strength and Conditioning Research},
doi = {10.1519/JSC.0000000000003326}
}

@ARTICLE{Sharotry2022,
  author={Sharotry, Abhimanyu and Jimenez, Jesus A. and Mediavilla, Francis A. Méndez and Wierschem, David and Koldenhoven, Rachel M. and Valles, Damian},
  journal={IEEE Access}, 
  title={Manufacturing Operator Ergonomics: A Conceptual Digital Twin Approach to Detect Biomechanical Fatigue}, 
  year={2022},
  volume={10},
  number={},
  pages={12774-12791},
  doi={10.1109/ACCESS.2022.3145984}}

@article{Xia2008,
author = {Xia, Ting and {Frey Law}, Laura A},
title = {A theoretical approach for modeling peripheral muscle fatigue and recovery},
journal = {Journal of Biomechanics},
volume = {41},
number = {14},
pages = {3046-3052},
year = {2008},
doi = {https://doi.org/10.1016/j.jbiomech.2008.07.013}
} 

@article{Frey-Law2012,
author = {{Frey Law}, Laura A and Looft, John M and Heitsman, Jesse},
title = {A three-compartment muscle fatigue model accurately predicts joint-specific maximum endurance times for sustained isometric tasks},
journal = {Journal of Biomechanics},
volume = {45},
number = {10},
pages = {1803-8},
year = {2012},
doi = {10.1016/j.jbiomech.2012.04.018}
}


@inproceedings{Cheema2023,
author = {Cheema, Noshaba and Xu, Rui and Kim, Nam Hee and H\"{a}m\"{a}l\"{a}inen, Perttu and Golyanik, Vladislav and Habermann, Marc and Theobalt, Christian and Slusallek, Philipp},
title = {Discovering Fatigued Movements for Virtual Character Animation},
year = {2023},
publisher = {Association for Computing Machinery},
address = {New York, NY, USA},
doi = {10.1145/3610548.3618176},
booktitle = {SIGGRAPH Asia 2023 Conference Papers},
articleno = {47},
numpages = {12}
}

@article{Delp2007,
  title={OpenSim: open-source software to create and analyze dynamic simulations of movement},
  author={Delp, Scott L and Anderson, Frank C and Arnold, Allison S and Loan, Peter and Habib, Ayman and John, Chand T and Guendelman, Eran and Thelen, Darryl G},
  journal={IEEE transactions on biomedical engineering},
  volume={54},
  number={11},
  pages={1940--1950},
  year={2007},
  publisher={IEEE}
}

@article{Seth2011, 
author = {Seth, Ajay and Sherman, Michael and Reinbolt, Jeffrey and Delp, Scott},
	title = {OpenSim: a musculoskeletal
modeling and simulation framework for in silico investigations and exchange},
	volume = {2},
	pages = {212-232},
	year = {2011},
	doi = {10.1016/j.piutam.2011.04.021},
	journal = {Procedia IUTAM}
}

@Article{Seth2018,
	author = "Seth, Ajay and Hicks, Jennifer and Uchida, Thomas and Habib, A. and Dembia, Christopher and Dunne, James and Ong, Carmichael and DeMers, Matthew and Rajagopal, Apoorva and Millard, Matthew and Hamner, Samuel and Arnold, Edith and Yong, Jennifer and Lakshmikanth, Shrinidhi and Sherman, Michael and Delp, Scott",
	title = "OpenSim: Simulating musculoskeletal dynamics and neuromuscular control to study human and animal movement",
	volume = "14",
	number = "7",
	pages = "e1006223",
	year = "2018",
	doi = "10.1371/journal.pcbi.1006223",
	journal = "PLoS Computational Biology"
}

@article{Carneros-Prado2024,
title = {Synthetic 3D full-body skeletal motion from 2D paths using RNN with LSTM cells and linear networks},
author = {David Carneros-Prado and Cosmin C. Dobrescu and Luis Cabañero and Laura Villa and Yulith V. Altamirano-Flores and Irvin Hussein Lopez-Nava and Iván González and Jesús Fontecha and Ramón Hervás},
journal = {Computers in Biology and Medicine},
volume = {180},
pages = {108943},
year = {2024},
doi = {https://doi.org/10.1016/j.compbiomed.2024.108943}
}

@Article{Starke2019,
	author = "Starke, Sebastian and Zhang, He and Komura, Taku and Saito, Jun",
	title = "Neural state machine for character-scene interactions",
	volume = "38",
	number = "6",
	pages = "14",
	year = "2019",
	doi = "doi.org/10.1145/3355089.3356505",
	journal = "ACM Transactions on Graphics"
}

@Article{Starke2020,
	author = "Starke, Sebastian and Zhao, Yiwei and Komura, Taku and Zaman, Kazi",
	title = "Local motion phases for learning multi-contact character movements",
	volume = "39",
	number = "4",
	pages = "14",
	year = "2020",
	doi = "doi.org/10.1145/3386569.3392450",
	journal = "ACM Transactions on Graphics"
}

@Article{Starke2021,
	author = "Starke, Sebastian and Zhao, Yiwei and Zinno, Fabio and Komura, Taku",
	title = "Neural Animation Layering for Synthesizing Martial Arts Movements",
	volume = "40",
	number = "4",
	pages = "16",
	year = "2021",
	doi = "https://doi.org/10.1145/3450626.3459881",
	journal = "ACM Transactions on Graphics"
}

@Article{Aristidou2021,
	author = "Aristidou, Andreas and Yiannakides, Anastasios and Aberman, Kfir and Cohen-Or, Daniel and Shamir, Ariel and Chrysanthou, Yiorgos",
	title = "Rhythm is a Dancer: Music-Driven Motion Synthesis with Global Structure",
	volume = "",
	number = "",
	pages = "1-1",
	year = "2021",
	doi = "10.1109/TVCG.2022.3163676",
	journal = "IEEE Transactions on Visualization and Computer Graphics"
}

@misc{Men2021,
      title={GAN-based Reactive Motion Synthesis with Class-aware Discriminators for Human-human Interaction}, 
      author={Men, Qianhui and Shum, Hubert and Ho, Edmond and Leung, Howard},
      year={2021},
      eprint={2110.00380},
      archivePrefix={arXiv},
      primaryClass={cs.GR}
}

@misc{Mourot2022,
  doi = {10.48550/ARXIV.2208.04598},
  
  url = {https://arxiv.org/abs/2208.04598},
  
  author = {Mourot, Lucas and Hoyet, Ludovic and Clerc, François Le and Hellier, Pierre},
  
  keywords = {Graphics (cs.GR), FOS: Computer and information sciences, FOS: Computer and information sciences},
  
  title = {UnderPressure: Deep Learning for Foot Contact Detection, Ground Reaction Force Estimation and Footskate Cleanup},
  
  publisher = {arXiv},
  
  year = {2022},
  
  copyright = {arXiv.org perpetual, non-exclusive license}
}


@INPROCEEDINGS{Mourot2021,
  author={Mourot, Lucas and Clerc, François Le and Thébault, Cédric and Hellier, Pierre},
  booktitle={2020 25th International Conference on Pattern Recognition (ICPR)}, 
  title={JUMPS: Joints Upsampling Method for Pose Sequences}, 
  year={2021},
  volume={},
  number={},
  pages={1096-1103},
}

@Article{Henter2020,
	author = "Henter, Gustav and Alexanderson, Simon and Beskow, Jonas",
	title = "MoGlow: Probabilistic and controllable motion synthesis using normalising flows",
	volume = "39",
	number = "",
	pages = "1-14",
	year = "2020",
	doi = "10.1145/3414685.3417836",
	journal = "ACM Transactions on Graphics"
}

@misc{Briq2022,
  doi = {10.48550/ARXIV.2206.06741},
  
  url = {https://arxiv.org/abs/2206.06741},
  
  author = {Briq, Rania and Zou, Chuhang and Pishchulin, Leonid and Broaddus, Chris and Gall, Juergen},
  
  keywords = {Computer Vision and Pattern Recognition (cs.CV), FOS: Computer and information sciences, FOS: Computer and information sciences},
  
  title = {Recurrent Transformer Variational Autoencoders for Multi-Action Motion Synthesis},
  
  publisher = {arXiv},
  
  year = {2022},
  
  copyright = {Creative Commons Attribution 4.0 International}
}

@InProceedings{Petrovich_2021,
    author    = {Petrovich, Mathis and Black, Michael J. and Varol, G\"ul},
    title     = {Action-Conditioned 3D Human Motion Synthesis With Transformer VAE},
    booktitle = {Proceedings of the IEEE/CVF International Conference on Computer Vision (ICCV)},
    month     = {October},
    year      = {2021},
    pages     = {10985-10995}
}

@InProceedings{Cai2021,
  title = 	 {A Unified 3D Human Motion Synthesis Model via Conditional Variational Auto-Encoder},
  author =       {Cai, Yujun and Wang, Yiwei and Zhu, Yiheng and Cham, Tat-Jen and Cai, Jianfei and Yuan, Junsong and Liu, Jun and Zheng, Chuanxia and Yan, Sijie and Ding, Henghui and Shen, Xiaohui and Liu, Ding and Thalmann, Nadia},
  booktitle = 	 {2021 IEEE/CVF International Conference on Computer Vision (ICCV)},
  pages = 	 {11625-11635},
  year = 	 {2021},
  doi = {10.1109/ICCV48922.2021.01144}
}

@misc{Zhou2023,
      title={A Unified Framework for Multimodal, Multi-Part Human Motion Synthesis}, 
      author={Zixiang Zhou and Yu Wan and Baoyuan Wang},
      year={2023},
      eprint={2311.16471},
      archivePrefix={arXiv},
      primaryClass={cs.CV},
      url={https://arxiv.org/abs/2311.16471}, 
}

@misc{Yuan2022,
  doi = {10.48550/ARXIV.2212.02500},
  
  url = {https://arxiv.org/abs/2212.02500},
  
  author = {Yuan, Ye and Song, Jiaming and Iqbal, Umar and Vahdat, Arash and Kautz, Jan},
  
  keywords = {Computer Vision and Pattern Recognition (cs.CV), Artificial Intelligence (cs.AI), Graphics (cs.GR), Machine Learning (cs.LG), FOS: Computer and information sciences, FOS: Computer and information sciences},
  
  title = {PhysDiff: Physics-Guided Human Motion Diffusion Model},
  
  publisher = {arXiv},
  
  year = {2022},
  
  copyright = {arXiv.org perpetual, non-exclusive license}
}

@misc{Raab2023,
  doi = {10.48550/ARXIV.2302.05905},
  
  url = {https://arxiv.org/abs/2302.05905},
  
  author = {Raab, Sigal and Leibovitch, Inbal and Tevet, Guy and Arar, Moab and Bermano, Amit H. and Cohen-Or, Daniel},
  
  keywords = {Computer Vision and Pattern Recognition (cs.CV), Artificial Intelligence (cs.AI), Graphics (cs.GR), FOS: Computer and information sciences, FOS: Computer and information sciences},
  
  title = {Single Motion Diffusion},
  
  publisher = {arXiv},
  
  year = {2023},
  
  copyright = {arXiv.org perpetual, non-exclusive license}
}

@article{Alexanderson2023,
author = {Alexanderson, Simon and Nagy, Rajmund and Beskow, Jonas and Henter, Gustav Eje},
title = {Listen, Denoise, Action! Audio-Driven Motion Synthesis with Diffusion Models},
year = {2023},
volume = {42},
number = {4},
doi = {10.1145/3592458},
journal = {ACM Trans. Graph.}
}

@InProceedings{Dabral2023,
    author    = {Dabral, Rishabh and Mughal, Muhammad Hamza and Golyanik, Vladislav and Theobalt, Christian},
    title     = {Mofusion: A Framework for Denoising-Diffusion-Based Motion Synthesis},
    booktitle = {Proceedings of the IEEE/CVF Conference on Computer Vision and Pattern Recognition (CVPR)},
    month     = {June},
    year      = {2023},
    pages     = {9760-9770}}

@InProceedings{Karunratanakul2023,
    author    = {Karunratanakul, Korrawe and Preechakul, Konpat and Suwajanakorn, Supasorn and Tang, Siyu},
    title     = {Guided Motion Diffusion for Controllable Human Motion Synthesis},
    booktitle = {Proceedings of the IEEE/CVF International Conference on Computer Vision (ICCV)},
    month     = {October},
    year      = {2023},
    pages     = {2151-2162}
}

@Article{Lee2021,
	author = "Lee, Seyoung and Lee, Sunmin and Lee, Yongwoo and Lee, Jehee",
	title = "Learning a family of motor skills from a single motion clip",
	volume = "40",
	number = "4",
	pages = "1-13",
	year = "2021",
	doi = "10.1145/3476576.3476652",
	journal = "ACM Transactions on Graphics"
}

@inproceedings{Yuan2020,
  title={Residual Force Control for Agile Human Behavior Imitation and Extended Motion Synthesis},
  author={Yuan, Ye and Kitani, Kris},
  booktitle={Advances in Neural Information Processing Systems},
  year={2020}
}

@misc{Luo2024,
      title={Universal Humanoid Motion Representations for Physics-Based Control}, 
      author={Zhengyi Luo and Jinkun Cao and Josh Merel and Alexander Winkler and Jing Huang and Kris Kitani and Weipeng Xu},
      year={2024},
      eprint={2310.04582},
      archivePrefix={arXiv},
      primaryClass={cs.CV},
      url={https://arxiv.org/abs/2310.04582}, 
}

@misc{Zhang2024,
      title={FORCE: Dataset and Method for Intuitive Physics Guided Human-object Interaction}, 
      author={Xiaohan Zhang and Bharat Lal Bhatnagar and Sebastian Starke and Ilya Petrov and Vladimir Guzov and Helisa Dhamo and Eduardo Pérez-Pellitero and Gerard Pons-Moll},
      year={2024},
      eprint={2403.11237},
      archivePrefix={arXiv},
      primaryClass={cs.CV},
      url={https://arxiv.org/abs/2403.11237}, 
}

@article{Raissi2017,
  author       = {Maziar Raissi and
                  Paris Perdikaris and
                  George E. Karniadakis},
  title        = {Physics Informed Deep Learning (Part {I):} Data-driven Solutions of
                  Nonlinear Partial Differential Equations},
  journal      = {CoRR},
  volume       = {abs/1711.10561},
  year         = {2017},
  url          = {http://arxiv.org/abs/1711.10561}
}

@article{Raissi2019,
title = {Physics-informed neural networks: A deep learning framework for solving forward and inverse problems involving nonlinear partial differential equations},
journal = {Journal of Computational Physics},
volume = {378},
pages = {686-707},
year = {2019},
doi = {https://doi.org/10.1016/j.jcp.2018.10.045},
author = {M. Raissi and P. Perdikaris and G.E. Karniadakis}
}

@article{Cai2021PINNs,
  title={Physics-informed neural networks (PINNs) for fluid mechanics: A review},
  author={Cai, Shengze and Mao, Zhiping and Wang, Zhicheng and Yin, Minglang and Karniadakis, George Em},
  journal={Acta Mechanica Sinica},
  volume={37},
  number={12},
  pages={1727--1738},
  year={2021},
  publisher={Springer}
}

@article{Eivazi2024,
  title={Physics-informed deep-learning applications to experimental fluid mechanics},
  author={Eivazi, Hamidreza and Wang, Yuning and Vinuesa, Ricardo},
  journal={Measurement science and technology},
  volume={35},
  number={7},
  pages={075303},
  year={2024},
  publisher={IOP Publishing}
}

@article{Mao2020,
  title={Physics-informed neural networks for high-speed flows},
  author={Mao, Zhiping and Jagtap, Ameya D and Karniadakis, George Em},
  journal={Computer Methods in Applied Mechanics and Engineering},
  volume={360},
  pages={112789},
  year={2020},
  publisher={Elsevier}
}

@article{Mahmoudabadbozchelou2022,
  title={nn-PINNs: Non-Newtonian physics-informed neural networks for complex fluid modeling},
  author={Mahmoudabadbozchelou, Mohammadamin and Karniadakis, George Em and Jamali, Safa},
  journal={Soft Matter},
  volume={18},
  number={1},
  pages={172--185},
  year={2022},
  publisher={Royal Society of Chemistry}
}

@article{Sallam2023,
  title={On the use of Fourier Features-Physics Informed Neural Networks (FF-PINN) for forward and inverse fluid mechanics problems},
  author={Sallam, Omar and F{\"u}rth, Mirjam},
  journal={Proceedings of the Institution of Mechanical Engineers, Part M: Journal of Engineering for the Maritime Environment},
  volume={237},
  number={4},
  pages={846--866},
  year={2023},
  publisher={SAGE Publications Sage UK: London, England}
}

@article{Vadyala2023,
  title={General implementation of quantum physics-informed neural networks},
  author={Vadyala, Shashank Reddy and Betgeri, Sai Nethra},
  journal={Array},
  volume={18},
  pages={100287},
  year={2023},
  publisher={Elsevier}
}

@article{Ferrer2023,
  title={Physics-informed neural networks for an optimal counterdiabatic quantum computation},
  author={Ferrer-S{\'a}nchez, Antonio and Flores-Garrigos, Carlos and Hernani-Morales, Carlos and Orqu{\'\i}n-Marqu{\'e}s, Jos{\'e} J and Hegade, Narendra N and Cadavid, Alejandro Gomez and Montalban, Iraitz and Solano, Enrique and Vives-Gilabert, Yolanda and Mart{\'\i}n-Guerrero, Jos{\'e} D},
  journal={arXiv preprint arXiv:2309.04434},
  year={2023}
}

@article{Sedykh2024,
   title={Hybrid quantum physics-informed neural networks for simulating computational fluid dynamics in complex shapes},
   volume={5},
   ISSN={2632-2153},
   url={http://dx.doi.org/10.1088/2632-2153/ad43b2},
   DOI={10.1088/2632-2153/ad43b2},
   number={2},
   journal={Machine Learning: Science and Technology},
   publisher={IOP Publishing},
   author={Sedykh, Alexandr and Podapaka, Maninadh and Sagingalieva, Asel and Pinto, Karan and Pflitsch, Markus and Melnikov, Alexey},
   year={2024},
   month=may, pages={025045} }

@article{Setty2023,
  title={Physics-Informed Quantum Machine Learning for Solving Partial Differential Equations},
  author={Setty, Abhishek and Abdusalamov, Rasul and Itskov, Mikhail},
  journal={arXiv preprint arXiv:2312.09215},
  year={2023}
}
@article{Trahan2024,
  title={Quantum Physics-Informed Neural Networks},
  author={Trahan, Corey and Loveland, Mark and Dent, Samuel},
  journal={Entropy},
  volume={26},
  number={8},
  pages={649},
  year={2024},
  publisher={MDPI}
}

@article{Taneja2024,
  title={A multi-resolution physics-informed recurrent neural network: formulation and application to musculoskeletal systems},
  author={Taneja, Karan and He, Xiaolong and He, QiZhi and Chen, Jiun-Shyan},
  journal={Computational Mechanics},
  volume={73},
  number={5},
  pages={1125--1145},
  year={2024},
  publisher={Springer}
}

@misc{Kumar2023,
      title={Predicting Multi-Joint Kinematics of the Upper Limb from EMG Signals Across Varied Loads with a Physics-Informed Neural Network}, 
      author={Rajnish Kumar and Suriya Prakash Muthukrishnan and Lalan Kumar and Sitikantha Roy},
      year={2023},
      eprint={2312.09418},
      archivePrefix={arXiv},
      primaryClass={eess.SP},
      url={https://arxiv.org/abs/2312.09418}, 
}

@article{Zhang2022_2,
author = {Zhang, Jie and Zhao, Yihui and Bao, Todd and Li, Zhenhong and Qian, Kun and Frangi, Alejandro and Xie, Sheng and Zhang, Ed},
year = {2022},
month = {11},
pages = {1-1},
title = {Boosting Personalized Musculoskeletal Modeling With Physics-Informed Knowledge Transfer},
volume = {PP},
journal = {IEEE Transactions on Instrumentation and Measurement},
doi = {10.1109/TIM.2022.3227604}
}

@misc{Kumar2024,
      title={sEMG-Driven Physics-Informed Gated Recurrent Networks for Modeling Upper Limb Multi-Joint Movement Dynamics}, 
      author={Rajnish Kumar and Anand Gupta and Suriya Prakash Muthukrishnan and Lalan Kumar and Sitikantha Roy},
      year={2024},
      eprint={2408.16599},
      archivePrefix={arXiv},
      primaryClass={cs.LG},
      url={https://arxiv.org/abs/2408.16599}, 
}

@ARTICLE{Zhang2023_2,
  author={Zhang, Jie and Ruan, Ziling and Li, Qing and Zhang, Zhi-Qiang},
  journal={IEEE Transactions on Instrumentation and Measurement}, 
  title={Toward Robust and Efficient Musculoskeletal Modeling Using Distributed Physics-Informed Deep Learning}, 
  year={2023},
  volume={72},
  number={},
  pages={1-11},
  doi={10.1109/TIM.2023.3325522}}


@inproceedings{Cho2014,
author = {Cho, Kyunghyun and van Merriënboer, Bart and Gulcehre, Caglar and
      Bahdanau, Dzmitry and Bougares, Fethi and Schwenk, Holger and Bengio, Yoshua},
title = {Learning Phrase Representations using RNN Encoder-Decoder for Statistical Machine Translation},
year = {2014},
pages = {1724-1734},
booktitle = {Proceedings of the 2014 Conference on Empirical Methods in Natural Language Processing ({EMNLP})},
doi = {10.3115/v1/D14-1179}
}

@book{Chollet2017,
  title     = "Deep Learning with Python",
  author    = "Chollet, Francois",
  year      = 2017,
  publisher = "Manning Publications",
  address   = "New York"
}

@Article{Schuster1997,
	author = "Schuster, Mike and Paliwal, Kuldip",
	title = "Bidirectional recurrent neural networks",
	volume = "45",
	number = "11",
	pages = "2673 - 2681",
	year = "1997",
	doi = "10.1109/78.650093",
	journal = "IEEE Transactions on Signal Processing"
}

@Article{Ihianle2020,
	author = "Ihianle, Isibor and Nwajana, Augustine and Ebenuwa, Solomon and Otuka, Richard and Owa, Kayode and Orisatoki, Mobolaji",
	title = {{A Deep Learning Approach for Human Activities Recognition From Multimodal Sensing Devices}},
	volume = "8",
	number = "",
	pages = "179028-179038",
	year = "2020",
	doi = "10.1109/ACCESS.2020.3027979",
	journal = "IEEE Access"
}


@online{chollet2015keras,
  title={Keras},
  author={Chollet, Francois and others},
  year={2015},
  publisher={GitHub},
  url={https://github.com/fchollet/keras},
}

@misc{Kingma2014,
  doi = {10.48550/ARXIV.1412.6980},
  
  url = {https://arxiv.org/abs/1412.6980},
  
  author = {Kingma, Diederik P. and Ba, Jimmy},
  
  keywords = {Machine Learning (cs.LG), FOS: Computer and information sciences, FOS: Computer and information sciences},
  
  title = {Adam: A Method for Stochastic Optimization},
  
  publisher = {arXiv},
  
  year = {2014},
  
  copyright = {arXiv.org perpetual, non-exclusive license}
}

@misc{Cui2018,
  doi = {10.48550/ARXIV.1801.02143},
  
  url = {https://arxiv.org/abs/1801.02143},
  
  author = {Cui, Zhiyong and Ke, Ruimin and Pu, Ziyuan and Wang, Yinhai},
  
  keywords = {Machine Learning (cs.LG), FOS: Computer and information sciences, FOS: Computer and information sciences},
  
  title = {Deep Bidirectional and Unidirectional LSTM Recurrent Neural Network for Network-wide Traffic Speed Prediction},
  
  publisher = {arXiv},
  
  year = {2018},
  
  copyright = {arXiv.org perpetual, non-exclusive license}
}

@article{Liu2002,
  title={A dynamical model of muscle activation, fatigue, and recovery},
  author={Liu, Jing Z and Brown, Robert W and Yue, Guang H},
  journal={Biophysical journal},
  volume={82},
  number={5},
  pages={2344--2359},
  year={2002},
  publisher={Elsevier}
}

@inproceedings{Cheema2020,
  title={Predicting mid-air interaction movements and fatigue using deep reinforcement learning},
  author={Cheema, Noshaba and Frey-Law, Laura A and Naderi, Kourosh and Lehtinen, Jaakko and Slusallek, Philipp and H{\"a}m{\"a}l{\"a}inen, Perttu},
  booktitle={Proceedings of the 2020 CHI Conference on Human Factors in Computing Systems},
  pages={1--13},
  year={2020}
}

@article{frey-law2021,
  title={Muscle fatigue modelling: Solving for fatigue and recovery parameter values using fewer maximum effort assessments},
  author={Frey-Law, Laura A and Schaffer, Mitchell and Urban III, Frank K},
  journal={International journal of industrial ergonomics},
  volume={82},
  pages={103104},
  year={2021},
  publisher={Elsevier}
}

Michaud2024 "Four-compartment muscle fatigue model to predict metabolic inhibition and long-lasting nonmetabolic components"

@article{Burnley2009,
  title={Estimation of critical torque using intermittent isometric maximal voluntary contractions of the quadriceps in humans},
  author={Burnley, Mark},
  journal={Journal of Applied Physiology},
  volume={106},
  number={3},
  pages={975--983},
  year={2009},
  publisher={American Physiological Society}
}

@article{Kapadia2013,
  title={Authoring multi-actor behaviors in crowds with diverse personalities},
  author={Kapadia, Mubbasir and Shoulson, Alexander and Durupinar, Funda and Badler, Norman I},
  journal={Modeling, Simulation and Visual Analysis of Crowds: A Multidisciplinary Perspective},
  pages={147--180},
  year={2013},
  publisher={Springer}
}

@article{Unity,
  title={A history of the unity game engine},
  author={Haas, John K},
  year={2014},
  publisher={Worcester Polytechnic Institute}
}

@article{Rajagopal2016,
  title={Full-body musculoskeletal model for muscle-driven simulation of human gait},
  author={Rajagopal, Apoorva and Dembia, Christopher L and DeMers, Matthew S and Delp, Denny D and Hicks, Jennifer L and Delp, Scott L},
  journal={IEEE transactions on biomedical engineering},
  volume={63},
  number={10},
  pages={2068--2079},
  year={2016},
  publisher={IEEE}
}

@article{Dunn2017,
  title={Human behaviours associated with dominance in elite amateur boxing bouts: A comparison of winners and losers under the Ten Point Must System},
  author={Dunn, Emily C and Humberstone, Clare E and Iredale, K Fiona and Martin, David T and Blazevich, Anthony J},
  journal={PLoS One},
  volume={12},
  number={12},
  pages={e0188675},
  year={2017},
  publisher={Public Library of Science San Francisco, CA USA}
}

@article{Dunn2019,
  title={The manifestations of fatigue in amateur boxing performance},
  author={Dunn, Emily C},
  year={2019},
  publisher={Edith Cowan University},
  URL ={Retrieved from https://ro.ecu.edu.au/theses/2195}
}

@article{Smits2014,
  title={Pacing and decision making in sport and exercise: the roles of perception and action in the regulation of exercise intensity},
  author={Smits, Benjamin LM and Pepping, Gert-Jan and Hettinga, Florentina J},
  journal={Sports Medicine},
  volume={44},
  number={6},
  pages={763--775},
  year={2014},
  publisher={Springer}
}

@article{Stanley2018,
  title={An analysis of the three-dimensional kinetics and kinematics of maximal effort punches among amateur boxers},
  author={Stanley, Edward and Thomson, Edward and Smith, Grace and Lamb, Kevin L},
  journal={International Journal of Performance Analysis in Sport},
  volume={18},
  number={5},
  pages={835--854},
  year={2018},
  publisher={Taylor \& Francis}
}

@article{Dunn2022,
  title={Relationships between punch impact force and upper-and lower-body muscular strength and power in highly trained amateur boxers},
  author={Dunn, Emily C and Humberstone, Clare E and Franchini, Emerson and Iredale, K Fiona and Blazevich, Anthony J},
  journal={The Journal of Strength \& Conditioning Research},
  volume={36},
  number={4},
  pages={1019--1025},
  year={2022},
  publisher={LWW}
}

@article{Dunn2022b,
  title={The effect of fatiguing lower-body exercise on punch forces in highly-trained boxers},
  author={Dunn, Emily C and Humberstone, Clare E and Franchini, Emerson and Iredale, Fiona K and Blazevich, Anthony J},
  journal={European journal of sport science},
  volume={22},
  number={7},
  pages={964--972},
  year={2022},
  publisher={Taylor \& Francis}
}

@article{Haralabidis2020,
  title={Fusing accelerometry with videography to monitor the effect of fatigue on punching performance in elite boxers},
  author={Haralabidis, Nicos and Saxby, David John and Pizzolato, Claudio and Needham, Laurie and Cazzola, Dario and Minahan, Clare},
  journal={Sensors},
  volume={20},
  number={20},
  pages={5749},
  year={2020},
  publisher={MDPI}
}

@article{Fuller2009,
  title={Posture-movement changes following repetitive motion-induced shoulder muscle fatigue},
  author={Fuller, Jason R and Lomond, Karen V and Fung, Joyce and C{\^o}t{\'e}, Julie N},
  journal={Journal of Electromyography and Kinesiology},
  volume={19},
  number={6},
  pages={1043--1052},
  year={2009},
  publisher={Elsevier}
}

@article{Grantham2014,
  title={The impact of fatigue on the kinematics of collegiate baseball pitchers},
  author={Grantham, W Jeffrey and Byram, Ian R and Meadows, Molly C and Ahmad, Christopher S},
  journal={Orthopaedic journal of sports medicine},
  volume={2},
  number={6},
  pages={2325967114537032},
  year={2014},
  publisher={SAGE Publications Sage CA: Los Angeles, CA}
}

@Article{Wang2019,
	author = " Wang, Zhiyong and Chai, Jinxiang and Xia, Shihong",
	title = "Combining Recurrent Neural Networks and Adversarial Training for Human Motion Synthesis and Control",
	volume = "27",
	number = "1",
	pages = "14-28",
	year = "2019",
	doi = "10.1109/TVCG.2019.2938520",
	journal = "IEEE Transactions on Visualization and Computer Graphics"
}

@misc{Tevet2022,
  doi = {10.48550/ARXIV.2209.14916},
  
  url = {https://arxiv.org/abs/2209.14916},
  
  author = {Tevet, Guy and Raab, Sigal and Gordon, Brian and Shafir, Yonatan and Cohen-Or, Daniel and Bermano, Amit H.},
  
  keywords = {Computer Vision and Pattern Recognition (cs.CV), Graphics (cs.GR), FOS: Computer and information sciences, FOS: Computer and information sciences},
  
  title = {Human Motion Diffusion Model},
  
  publisher = {arXiv},
  
  year = {2022},
  
  copyright = {Creative Commons Attribution Share Alike 4.0 International}
}

@ARTICLE{Gao2024,
  author={Gao, Xuehao and Yang, Yang and Xie, Zhenyu and Du, Shaoyi and Sun, Zhongqian and Wu, Yang},
  journal={IEEE Transactions on Visualization and Computer Graphics}, 
  title={GUESS: GradUally Enriching SyntheSis for Text-Driven Human Motion Generation}, 
  year={2024},
  volume={30},
  number={12},
  pages={7518-7530},
  doi={10.1109/TVCG.2024.3352002}}


@ARTICLE{Hou2024,
  author={Hou, Shuaiying and Tao, Hongyu and Bao, Hujun and Xu, Weiwei},
  journal={IEEE Transactions on Visualization and Computer Graphics}, 
  title={A Two-Part Transformer Network for Controllable Motion Synthesis}, 
  year={2024},
  volume={30},
  number={8},
  pages={5047-5062},
  doi={10.1109/TVCG.2023.3284402}}

@ARTICLE{Chai2024,
  author={Chai, Zhi and Qin, Hong},
  journal={IEEE Transactions on Visualization and Computer Graphics}, 
  title={Dynamic Motion Transition: A Hybrid Data-driven and Model-driven Method for Human Pose Transitions}, 
  year={2024},
  volume={},
  number={},
  pages={1-14},
  doi={10.1109/TVCG.2024.3372421}}

@ARTICLE{Zhou2019,
  author={Zhou, Dongsheng and Feng, Xinzhu and Yi, Pengfei and Yang, Xin and Zhang, Qiang and Wei, Xiaopeng and Yang, Deyun},
  journal={IEEE Access}, 
  title={3D Human Motion Synthesis Based on Convolutional Neural Network}, 
  year={2019},
  volume={7},
  number={},
  pages={66325-66335},
  doi={10.1109/ACCESS.2019.2917609}}