@article{Alexanderson2023,
author = {Alexanderson, Simon and Nagy, Rajmund and Beskow, Jonas and Henter, Gustav Eje},
title = {Listen, Denoise, Action! Audio-Driven Motion Synthesis with Diffusion Models},
year = {2023},
volume = {42},
number = {4},
doi = {10.1145/3592458},
journal = {ACM Trans. Graph.}
}

@Article{Aristidou2021,
	author = "Aristidou, Andreas and Yiannakides, Anastasios and Aberman, Kfir and Cohen-Or, Daniel and Shamir, Ariel and Chrysanthou, Yiorgos",
	title = "Rhythm is a Dancer: Music-Driven Motion Synthesis with Global Structure",
	volume = "",
	number = "",
	pages = "1-1",
	year = "2021",
	doi = "10.1109/TVCG.2022.3163676",
	journal = "IEEE Transactions on Visualization and Computer Graphics"
}

@InProceedings{Cai2021,
  title = 	 {A Unified 3D Human Motion Synthesis Model via Conditional Variational Auto-Encoder},
  author =       {Cai, Yujun and Wang, Yiwei and Zhu, Yiheng and Cham, Tat-Jen and Cai, Jianfei and Yuan, Junsong and Liu, Jun and Zheng, Chuanxia and Yan, Sijie and Ding, Henghui and Shen, Xiaohui and Liu, Ding and Thalmann, Nadia},
  booktitle = 	 {2021 IEEE/CVF International Conference on Computer Vision (ICCV)},
  pages = 	 {11625-11635},
  year = 	 {2021},
  doi = {10.1109/ICCV48922.2021.01144}
}

@ARTICLE{Chai2024,
  author={Chai, Zhi and Qin, Hong},
  journal={IEEE Transactions on Visualization and Computer Graphics}, 
  title={Dynamic Motion Transition: A Hybrid Data-driven and Model-driven Method for Human Pose Transitions}, 
  year={2024},
  volume={},
  number={},
  pages={1-14},
  doi={10.1109/TVCG.2024.3372421}}

@inproceedings{Cheema2020,
  title={Predicting mid-air interaction movements and fatigue using deep reinforcement learning},
  author={Cheema, Noshaba and Frey-Law, Laura A and Naderi, Kourosh and Lehtinen, Jaakko and Slusallek, Philipp and H{\"a}m{\"a}l{\"a}inen, Perttu},
  booktitle={Proceedings of the 2020 CHI Conference on Human Factors in Computing Systems},
  pages={1--13},
  year={2020}
}

@inproceedings{Cheema2023,
author = {Cheema, Noshaba and Xu, Rui and Kim, Nam Hee and H\"{a}m\"{a}l\"{a}inen, Perttu and Golyanik, Vladislav and Habermann, Marc and Theobalt, Christian and Slusallek, Philipp},
title = {Discovering Fatigued Movements for Virtual Character Animation},
year = {2023},
publisher = {Association for Computing Machinery},
address = {New York, NY, USA},
doi = {10.1145/3610548.3618176},
booktitle = {SIGGRAPH Asia 2023 Conference Papers},
articleno = {47},
numpages = {12}
}

@inproceedings{Cho2014,
author = {Cho, Kyunghyun and van Merriënboer, Bart and Gulcehre, Caglar and
      Bahdanau, Dzmitry and Bougares, Fethi and Schwenk, Holger and Bengio, Yoshua},
title = {Learning Phrase Representations using RNN Encoder-Decoder for Statistical Machine Translation},
year = {2014},
pages = {1724-1734},
booktitle = {Proceedings of the 2014 Conference on Empirical Methods in Natural Language Processing ({EMNLP})},
doi = {10.3115/v1/D14-1179}
}

@book{Chollet2017,
  title     = "Deep Learning with Python",
  author    = "Chollet, Francois",
  year      = 2017,
  publisher = "Manning Publications",
  address   = "New York"
}

@InProceedings{Dabral2023,
    author    = {Dabral, Rishabh and Mughal, Muhammad Hamza and Golyanik, Vladislav and Theobalt, Christian},
    title     = {Mofusion: A Framework for Denoising-Diffusion-Based Motion Synthesis},
    booktitle = {Proceedings of the IEEE/CVF Conference on Computer Vision and Pattern Recognition (CVPR)},
    month     = {June},
    year      = {2023},
    pages     = {9760-9770}}

@article{Eivazi2024,
  title={Physics-informed deep-learning applications to experimental fluid mechanics},
  author={Eivazi, Hamidreza and Wang, Yuning and Vinuesa, Ricardo},
  journal={Measurement science and technology},
  volume={35},
  number={7},
  pages={075303},
  year={2024},
  publisher={IOP Publishing}
}

@ARTICLE{Gao2024,
  author={Gao, Xuehao and Yang, Yang and Xie, Zhenyu and Du, Shaoyi and Sun, Zhongqian and Wu, Yang},
  journal={IEEE Transactions on Visualization and Computer Graphics}, 
  title={GUESS: GradUally Enriching SyntheSis for Text-Driven Human Motion Generation}, 
  year={2024},
  volume={30},
  number={12},
  pages={7518-7530},
  doi={10.1109/TVCG.2024.3352002}}

@ARTICLE{Hou2024,
  author={Hou, Shuaiying and Tao, Hongyu and Bao, Hujun and Xu, Weiwei},
  journal={IEEE Transactions on Visualization and Computer Graphics}, 
  title={A Two-Part Transformer Network for Controllable Motion Synthesis}, 
  year={2024},
  volume={30},
  number={8},
  pages={5047-5062},
  doi={10.1109/TVCG.2023.3284402}}

@misc{Kumar2023,
      title={Predicting Multi-Joint Kinematics of the Upper Limb from EMG Signals Across Varied Loads with a Physics-Informed Neural Network}, 
      author={Rajnish Kumar and Suriya Prakash Muthukrishnan and Lalan Kumar and Sitikantha Roy},
      year={2023},
      eprint={2312.09418},
      archivePrefix={arXiv},
      primaryClass={eess.SP},
      url={https://arxiv.org/abs/2312.09418}, 
}

@misc{Kumar2024,
      title={sEMG-Driven Physics-Informed Gated Recurrent Networks for Modeling Upper Limb Multi-Joint Movement Dynamics}, 
      author={Rajnish Kumar and Anand Gupta and Suriya Prakash Muthukrishnan and Lalan Kumar and Sitikantha Roy},
      year={2024},
      eprint={2408.16599},
      archivePrefix={arXiv},
      primaryClass={cs.LG},
      url={https://arxiv.org/abs/2408.16599}, 
}

@Article{Lee2021,
	author = "Lee, Seyoung and Lee, Sunmin and Lee, Yongwoo and Lee, Jehee",
	title = "Learning a family of motor skills from a single motion clip",
	volume = "40",
	number = "4",
	pages = "1-13",
	year = "2021",
	doi = "10.1145/3476576.3476652",
	journal = "ACM Transactions on Graphics"
}

@ARTICLE{Loi2023,
  author={Loi, Iliana and Zacharaki, Evangelia I. and Moustakas, Konstantinos},
  journal={IEEE Transactions on Neural Systems and Rehabilitation Engineering}, 
  title={Multi-Action Knee Contact Force Prediction by Domain Adaptation}, 
  year={2024},
  volume={32},
  number={},
  pages={122-132},
  doi={10.1109/TNSRE.2023.3345006}
}

@article{Loi2023_review,
author = {Loi, Iliana and Zacharaki, Evangelia I and Moustakas, Konstantinos},
year = {2023},
month = {08},
pages = {},
title = {Machine Learning Approaches for 3D Motion Synthesis and Musculoskeletal Dynamics Estimation: A Survey},
volume = {30},
number = {8},
journal = {IEEE transactions on visualization and computer graphics},
doi = {10.1109/TVCG.2023.3308753}
}

@misc{Luo2024,
      title={Universal Humanoid Motion Representations for Physics-Based Control}, 
      author={Zhengyi Luo and Jinkun Cao and Josh Merel and Alexander Winkler and Jing Huang and Kris Kitani and Weipeng Xu},
      year={2024},
      eprint={2310.04582},
      archivePrefix={arXiv},
      primaryClass={cs.CV},
      url={https://arxiv.org/abs/2310.04582}, 
}

@ARTICLE{Ma2024,
  author={Ma, Shuhao and Zhang, Jie and Shi, Chaoyang and Di, Pei and Robertson, Ian D. and Zhang, Zhi-Qiang},
  journal={IEEE Transactions on Neural Systems and Rehabilitation Engineering}, 
  title={Physics-Informed Deep Learning for Muscle Force Prediction With Unlabeled sEMG Signals}, 
  year={2024},
  volume={32},
  number={},
  pages={1246-1256}
  }

@article{Mahmoudabadbozchelou2022,
  title={nn-PINNs: Non-Newtonian physics-informed neural networks for complex fluid modeling},
  author={Mahmoudabadbozchelou, Mohammadamin and Karniadakis, George Em and Jamali, Safa},
  journal={Soft Matter},
  volume={18},
  number={1},
  pages={172--185},
  year={2022},
  publisher={Royal Society of Chemistry}
}

@article{Mansour2023,
author = {Mansour, Mohammed and Serbest, Kasım and Kutlu, Mustafa and çilli, Murat},
year = {2023},
month = {08},
pages = {},
title = {Estimation of lower limb joint moments based on the inverse dynamics approach: a comparison of machine learning algorithms for rapid estimation},
volume = {61},
number = {8},
journal = {Medical \& biological engineering \& computing},
doi = {10.1007/s11517-023-02890-3}
}

@misc{Men2021,
      title={GAN-based Reactive Motion Synthesis with Class-aware Discriminators for Human-human Interaction}, 
      author={Men, Qianhui and Shum, Hubert and Ho, Edmond and Leung, Howard},
      year={2021},
      eprint={2110.00380},
      archivePrefix={arXiv},
      primaryClass={cs.GR}
}

@misc{Mourot2022,
  doi = {10.48550/ARXIV.2208.04598},
  
  url = {https://arxiv.org/abs/2208.04598},
  
  author = {Mourot, Lucas and Hoyet, Ludovic and Clerc, François Le and Hellier, Pierre},
  
  keywords = {Graphics (cs.GR), FOS: Computer and information sciences, FOS: Computer and information sciences},
  
  title = {UnderPressure: Deep Learning for Foot Contact Detection, Ground Reaction Force Estimation and Footskate Cleanup},
  
  publisher = {arXiv},
  
  year = {2022},
  
  copyright = {arXiv.org perpetual, non-exclusive license}
}

@misc{Raab2023,
  doi = {10.48550/ARXIV.2302.05905},
  
  url = {https://arxiv.org/abs/2302.05905},
  
  author = {Raab, Sigal and Leibovitch, Inbal and Tevet, Guy and Arar, Moab and Bermano, Amit H. and Cohen-Or, Daniel},
  
  keywords = {Computer Vision and Pattern Recognition (cs.CV), Artificial Intelligence (cs.AI), Graphics (cs.GR), FOS: Computer and information sciences, FOS: Computer and information sciences},
  
  title = {Single Motion Diffusion},
  
  publisher = {arXiv},
  
  year = {2023},
  
  copyright = {arXiv.org perpetual, non-exclusive license}
}

@article{Raissi2017,
  author       = {Maziar Raissi and
                  Paris Perdikaris and
                  George E. Karniadakis},
  title        = {Physics Informed Deep Learning (Part {I):} Data-driven Solutions of
                  Nonlinear Partial Differential Equations},
  journal      = {CoRR},
  volume       = {abs/1711.10561},
  year         = {2017},
  url          = {http://arxiv.org/abs/1711.10561}
}

@article{Raissi2019,
title = {Physics-informed neural networks: A deep learning framework for solving forward and inverse problems involving nonlinear partial differential equations},
journal = {Journal of Computational Physics},
volume = {378},
pages = {686-707},
year = {2019},
doi = {https://doi.org/10.1016/j.jcp.2018.10.045},
author = {M. Raissi and P. Perdikaris and G.E. Karniadakis}
}

@article{Sedykh2024,
   title={Hybrid quantum physics-informed neural networks for simulating computational fluid dynamics in complex shapes},
   volume={5},
   ISSN={2632-2153},
   url={http://dx.doi.org/10.1088/2632-2153/ad43b2},
   DOI={10.1088/2632-2153/ad43b2},
   number={2},
   journal={Machine Learning: Science and Technology},
   publisher={IOP Publishing},
   author={Sedykh, Alexandr and Podapaka, Maninadh and Sagingalieva, Asel and Pinto, Karan and Pflitsch, Markus and Melnikov, Alexey},
   year={2024},
   month=may, pages={025045} }

@Article{Seth2018,
	author = "Seth, Ajay and Hicks, Jennifer and Uchida, Thomas and Habib, A. and Dembia, Christopher and Dunne, James and Ong, Carmichael and DeMers, Matthew and Rajagopal, Apoorva and Millard, Matthew and Hamner, Samuel and Arnold, Edith and Yong, Jennifer and Lakshmikanth, Shrinidhi and Sherman, Michael and Delp, Scott",
	title = "OpenSim: Simulating musculoskeletal dynamics and neuromuscular control to study human and animal movement",
	volume = "14",
	number = "7",
	pages = "e1006223",
	year = "2018",
	doi = "10.1371/journal.pcbi.1006223",
	journal = "PLoS Computational Biology"
}

@ARTICLE{Sharma2022,
  author={Sharma, Rahul and Dasgupta, Abhishek and Cheng, Runbei and Mishra, Challenger and Nagaraja, Vikranth H.},
  journal={IEEE Sensors Journal}, 
  title={Machine Learning for Musculoskeletal Modeling of Upper Extremity}, 
  year={2022},
  volume={22},
  number={19},
  pages={18684-18697}
}

@Article{Starke2019,
	author = "Starke, Sebastian and Zhang, He and Komura, Taku and Saito, Jun",
	title = "Neural state machine for character-scene interactions",
	volume = "38",
	number = "6",
	pages = "14",
	year = "2019",
	doi = "doi.org/10.1145/3355089.3356505",
	journal = "ACM Transactions on Graphics"
}

@Article{Starke2020,
	author = "Starke, Sebastian and Zhao, Yiwei and Komura, Taku and Zaman, Kazi",
	title = "Local motion phases for learning multi-contact character movements",
	volume = "39",
	number = "4",
	pages = "14",
	year = "2020",
	doi = "doi.org/10.1145/3386569.3392450",
	journal = "ACM Transactions on Graphics"
}

@Article{Starke2021,
	author = "Starke, Sebastian and Zhao, Yiwei and Zinno, Fabio and Komura, Taku",
	title = "Neural Animation Layering for Synthesizing Martial Arts Movements",
	volume = "40",
	number = "4",
	pages = "16",
	year = "2021",
	doi = "https://doi.org/10.1145/3450626.3459881",
	journal = "ACM Transactions on Graphics"
}

@article{Taneja2024,
  title={A multi-resolution physics-informed recurrent neural network: formulation and application to musculoskeletal systems},
  author={Taneja, Karan and He, Xiaolong and He, QiZhi and Chen, Jiun-Shyan},
  journal={Computational Mechanics},
  volume={73},
  number={5},
  pages={1125--1145},
  year={2024},
  publisher={Springer}
}

@article{Trahan2024,
  title={Quantum Physics-Informed Neural Networks},
  author={Trahan, Corey and Loveland, Mark and Dent, Samuel},
  journal={Entropy},
  volume={26},
  number={8},
  pages={649},
  year={2024},
  publisher={MDPI}
}

@Article{Wang2023,
AUTHOR = {Wang, Mengsi and Chen, Zhenlei and Zhan, Haoran and Zhang, Jiyu and Wu, Xinglong and Jiang, Dan and Guo, Qing},
TITLE = {Lower Limb Joint Torque Prediction Using Long Short-Term Memory Network and Gaussian Process Regression},
JOURNAL = {Sensors},
VOLUME = {23},
YEAR = {2023},
NUMBER = {23},
DOI = {10.3390/s23239576}
}

@article{Zhang2022_2,
author = {Zhang, Jie and Zhao, Yihui and Bao, Todd and Li, Zhenhong and Qian, Kun and Frangi, Alejandro and Xie, Sheng and Zhang, Ed},
year = {2022},
month = {11},
pages = {1-1},
title = {Boosting Personalized Musculoskeletal Modeling With Physics-Informed Knowledge Transfer},
volume = {PP},
journal = {IEEE Transactions on Instrumentation and Measurement},
doi = {10.1109/TIM.2022.3227604}
}

@ARTICLE{Zhang2023,
  author={Zhang, Jie and Zhao, Yihui and Shone, Fergus and Li, Zhenhong and Frangi, Alejandro F. and Xie, Sheng Quan and Zhang, Zhi-Qiang},
  journal={IEEE Transactions on Neural Systems and Rehabilitation Engineering}, 
  title={Physics-Informed Deep Learning for Musculoskeletal Modeling: Predicting Muscle Forces and Joint Kinematics From Surface EMG}, 
  year={2023},
  volume={31},
  number={},
  pages={484-493}}

@ARTICLE{Zhang2023_2,
  author={Zhang, Jie and Ruan, Ziling and Li, Qing and Zhang, Zhi-Qiang},
  journal={IEEE Transactions on Instrumentation and Measurement}, 
  title={Toward Robust and Efficient Musculoskeletal Modeling Using Distributed Physics-Informed Deep Learning}, 
  year={2023},
  volume={72},
  number={},
  pages={1-11},
  doi={10.1109/TIM.2023.3325522}}

@misc{Zhang2024,
      title={FORCE: Dataset and Method for Intuitive Physics Guided Human-object Interaction}, 
      author={Xiaohan Zhang and Bharat Lal Bhatnagar and Sebastian Starke and Ilya Petrov and Vladimir Guzov and Helisa Dhamo and Eduardo Pérez-Pellitero and Gerard Pons-Moll},
      year={2024},
      eprint={2403.11237},
      archivePrefix={arXiv},
      primaryClass={cs.CV},
      url={https://arxiv.org/abs/2403.11237}, 
}

@article{ZhiboZhang2022,
  author={Zhang, Zhibo and Zhu, Yanjun and Rai, Rahul and Doermann, David},
  journal={IEEE Robotics and Automation Letters}, 
  title={PIMNet: Physics-Infused Neural Network for Human Motion Prediction}, 
  year={2022},
  volume={7},
  number={4},
  pages={8949-8955},
  doi={10.1109/LRA.2022.3188892}
  }

@ARTICLE{Zhou2019,
  author={Zhou, Dongsheng and Feng, Xinzhu and Yi, Pengfei and Yang, Xin and Zhang, Qiang and Wei, Xiaopeng and Yang, Deyun},
  journal={IEEE Access}, 
  title={3D Human Motion Synthesis Based on Convolutional Neural Network}, 
  year={2019},
  volume={7},
  number={},
  pages={66325-66335},
  doi={10.1109/ACCESS.2019.2917609}}

@misc{Zhou2023,
      title={A Unified Framework for Multimodal, Multi-Part Human Motion Synthesis}, 
      author={Zixiang Zhou and Yu Wan and Baoyuan Wang},
      year={2023},
      eprint={2311.16471},
      archivePrefix={arXiv},
      primaryClass={cs.CV},
      url={https://arxiv.org/abs/2311.16471}, 
}

@article{Zou2024,
author = {Zou, Jianjun and Zhang, Xiaogang and Zhang, Yali and Jin, Zhongmin},
year = {2024},
month = {01},
pages = {},
title = {Prediction of medial knee contact force using multisource fusion recurrent neural network and transfer learning},
volume = {62},
number = {6},
journal = {Medical \& Biological Engineering \& Computing},
doi = {10.1007/s11517-023-03011-w}
}

