@article{AlphaTM,
  title={Mastering Terra Mystica: Applying Self-Play to Multi-agent Cooperative Board Games},
  author={Luis Perez},
  journal={ArXiv},
  year={2021},
  volume={abs/2102.10540}
}

@inproceedings{Alpha_wargames,
  title={The Application of AlphaZero to Wargaming},
  author={Glennn Moy and Slava Shekh},
  booktitle={Australasian Conference on Artificial Intelligence},
  year={2019}
}

@article{MADDPG_wargames,
  title={Research on Wargame Decision-Making Method Based on Multi-Agent Deep Deterministic Policy Gradient},
  author={Sheng Yu and Wei Zhu and Y. Wang},
  journal={Applied Sciences},
  year={2023},
  url={https://api.semanticscholar.org/CorpusID:257961484}
}

@article{MADM_wargames,
  title={Method for making multi-attribute decisions in wargames by combining intuitionistic fuzzy numbers with reinforcement learning},
  author={Yuxiang Sun and Bo Yuan and Yufan Xue and Jiawei Zhou and Xiaoyu Zhang and Xianzhong Zhou},
  journal={ArXiv},
  year={2021},
  volume={abs/2109.02354}
}

@article{PK_DQN_paper,
  title={Research and Implementation of Intelligent Decision Based on a Priori Knowledge and DQN Algorithms in Wargame Environment},
  author={Yuxiang Sun and Bo Yuan and Tao Zhang and Bojian Tang and Wanwen Zheng and Xianzhong Zhou},
  journal={Electronics},
  year={2020},
  url={https://api.semanticscholar.org/CorpusID:225162040}
}

@misc{Risk_info,
    title = {Risk},
    author = {Albert Lamorisse},
    year = {1957},
    howpublished = {Hasbro},
    url = {https://en.wikipedia.org/wiki/Risk_(game)},
}

@article{adaptive_behavior_modeling_air_combat,
  title={Adaptive Human Behavior Modeling for Air Combat Simulation},
  author={Jian Yao and Qiwang Huang and Weiping Wang},
  journal={2015 IEEE/ACM 19th International Symposium on Distributed Simulation and Real Time Applications (DS-RT)},
  year={2015},
  pages={100-103},
  url={https://api.semanticscholar.org/CorpusID:5745495}
}

@article{ai_and_wargaming,
  title={AI and Wargaming},
  author={James Goodman and Sebastian Risi and Simon M. M. Lucas},
  journal={ArXiv},
  year={2020},
  volume={abs/2009.08922}
}

@article{alphaZero,
  title={A general reinforcement learning algorithm that masters chess, shogi, and Go through self-play},
  author={David Silver and Thomas Hubert and Julian Schrittwieser and Ioannis Antonoglou and Matthew Lai and Arthur Guez and Marc Lanctot and L. Sifre and Dharshan Kumaran and Thore Graepel and Timothy P. Lillicrap and Karen Simonyan and Demis Hassabis},
  journal={Science},
  year={2018},
  volume={362},
  pages={1140 - 1144}
}

@article{alphago,
  title={Mastering the game of Go with deep neural networks and tree search},
  author={David Silver and Aja Huang and Chris J. Maddison and Arthur Guez and L. Sifre and George van den Driessche and Julian Schrittwieser and Ioannis Antonoglou and Vedavyas Panneershelvam and Marc Lanctot and Sander Dieleman and Dominik Grewe and John Nham and Nal Kalchbrenner and Ilya Sutskever and Timothy P. Lillicrap and Madeleine Leach and Koray Kavukcuoglu and Thore Graepel and Demis Hassabis},
  journal={Nature},
  year={2016},
  volume={529},
  pages={484-489}
}

@article{alphago_zero,
  title={Mastering the game of Go without human knowledge},
  author={David Silver and Julian Schrittwieser and Karen Simonyan and Ioannis Antonoglou and Aja Huang and Arthur Guez and Thomas Hubert and Lucas baker and Matthew Lai and Adrian Bolton and Yutian Chen and Timothy P. Lillicrap and Fan Hui and L. Sifre and George van den Driessche and Thore Graepel and Demis Hassabis},
  journal={Nature},
  year={2017},
  volume={550},
  pages={354-359}
}

@misc{cnn_combat_nps,
  url = {https://apps.dtic.mil/sti/citations/AD1150887},
  author = {Christopher T. Cannon and Stefan Goericke},
  title = {Using Convolution Neural Networks To Develop Robust Combat Behaviors Through Reinforcement Learning},
  month={June},
  year={2021}

}

@article{deepthinking_2,
  title={End-to-end Algorithm Synthesis with Recurrent Networks: Logical Extrapolation Without Overthinking}, 
  author={Bansal, Aprit and Schwarzschild, Avi and Borgnia, Eitan and Emam, Zeyad and Huang, Furong and Goldblum, Micah and Goldstein, Tom},
  journal={Advances in Neural Information Processing Systems},
  volume={35},
  year={2022}
}

@inproceedings{easy_to_hard,
  title={Can You Learn an Algorithm? Generalizing from Easy to Hard Problems with Recurrent Networks},
  author={Avi Schwarzschild and Eitan Borgnia and Arjun Gupta and Furong Huang and Uzi Vishkin and Micah Goldblum and Tom Goldstein},
  booktitle={Neural Information Processing Systems},
  year={2021}
}

@misc{feudal_rl_nps,
  url = {https://apps.dtic.mil/sti/citations/trecms/AD1201723},
  author = {Patrick R. Rood },
  title = {Scaling Reinforcement Learning through Feudal Multi-Agent Hierarchy
},
  month={September},
  year={2022}

}

@article{formalizing_wargames,
  title={Formalizing Game-play},
  author={Tomas By},
  journal={Simulation \& Gaming},
  year={2012},
  volume={43},
  pages={157 - 187},
  url={https://api.semanticscholar.org/CorpusID:62324226}
}

@article{free_civ_paper,
  title={Combining Model-Based Meta-Reasoning and Reinforcement Learning for Adapting Game-Playing Agents},
  author={Patrick Ulam and Joshua K. Jones and Ashok K. Goel},
  journal={Proceedings of the AAAI Conference on Artificial Intelligence and Interactive Digital Entertainment},
  year={2008},
  url={https://api.semanticscholar.org/CorpusID:14236438}
}

@article{multi_agent_rl_coordination_air_combat,
  title={Agent Coordination in Air Combat Simulation using Multi-Agent Deep Reinforcement Learning},
  author={Johan K{\"a}llstr{\"o}m and Fredrik Heintz},
  journal={2020 IEEE International Conference on Systems, Man, and Cybernetics (SMC)},
  year={2020},
  pages={2157-2164},
  url={https://api.semanticscholar.org/CorpusID:229309151}
}

@article{naval_movement_rl_nps,
  url = {https://apps.dtic.mil/sti/citations/trecms/AD1213156},
  author = {Joseph R. Coble},
  title = {Optimal Naval Movement Simulation With Reinforcement Learning AI Agents},
  month={June},
  year={2023}

}

@article{wargame_combat,
  title={Developing Combat Behavior through Reinforcement Learning in Wargames and Simulations},
  author={Jonathan Boron and Christian J. Darken},
  journal={2020 IEEE Conference on Games (CoG)},
  year={2020},
  pages={728-731},
  url={https://api.semanticscholar.org/CorpusID:225049663}
}

