@article{ai_and_wargaming,
  title={AI and Wargaming},
  author={James Goodman and Sebastian Risi and Simon M. M. Lucas},
  journal={ArXiv},
  year={2020},
  volume={abs/2009.08922}
}

@article{HexagDLy,
  title={HexagDLy - Processing hexagonally sampled data with CNNs in PyTorch},
  author={Constantin Steppa and Tim Lukas Holch},
  journal={ArXiv},
  year={2019},
  volume={abs/1903.01814}
}


@webpage{vassal_site,
  Author = {{Joel Uckelman, Brent Easton, Brian Reynolds, Tim McCarron, Rich Johnston}},
  Date-Added = {2023-10-23 15:34:00 +0000},
  Keywords = {Vassal},
  Lastchecked = {23rd October 2023},
  Note = {Accessed 23-October-2023},
  Title = {{About Vassal}},
  Url = {https://vassalengine.org/about.html},
}



@misc{gpt3,
  doi = {10.48550/ARXIV.2005.14165},
  url = {https://arxiv.org/abs/2005.14165},
  author = {Brown, Tom B. and Mann, Benjamin and Ryder, Nick and Subbiah, Melanie and Kaplan, Jared and Dhariwal, Prafulla and Neelakantan, Arvind and Shyam, Pranav and Sastry, Girish and Askell, Amanda and Agarwal, Sandhini and Herbert-Voss, Ariel and Krueger, Gretchen and Henighan, Tom and Child, Rewon and Ramesh, Aditya and Ziegler, Daniel M. and Wu, Jeffrey and Winter, Clemens and Hesse, Christopher and Chen, Mark and Sigler, Eric and Litwin, Mateusz and Gray, Scott and Chess, Benjamin and Clark, Jack and Berner, Christopher and McCandlish, Sam and Radford, Alec and Sutskever, Ilya and Amodei, Dario},
  keywords = {Computation and Language (cs.CL), FOS: Computer and information sciences, FOS: Computer and information sciences},
  title = {Language Models are Few-Shot Learners},
  publisher = {arXiv},
  year = {2020},
  copyright = {arXiv.org perpetual, non-exclusive license}
}

@article{alpha_fold,
  title={Highly accurate protein structure prediction with AlphaFold},
  author={John M. Jumper and Richard Evans and Alexander Pritzel and Tim Green and Michael Figurnov and Olaf Ronneberger and Kathryn Tunyasuvunakool and Russ Bates and Augustin Z{\'i}dek and Anna Potapenko and Alex Bridgland and Clemens Meyer and Simon A A Kohl and Andy Ballard and Andrew Cowie and Bernardino Romera-Paredes and Stanislav Nikolov and Rishub Jain and Jonas Adler and Trevor Back and Stig Petersen and David A. Reiman and Ellen Clancy and Michal Zielinski and Martin Steinegger and Michalina Pacholska and Tamas Berghammer and Sebastian Bodenstein and David Silver and Oriol Vinyals and Andrew W. Senior and Koray Kavukcuoglu and Pushmeet Kohli and Demis Hassabis},
  journal={Nature},
  year={2021},
  volume={596},
  pages={583 - 589}
}

@misc{gnu_backgammon,
  url = {https://www.gnu.org/software/gnubg/manual/allabout.pdf},
  author = {Albert Silver and Christian Anthon},
  title = {All about GNU Backgammon},
  month={November},
  year={2022}

}

@article{othello,
  title={A World-Championship-Level Othello Program},
  author={Paul S. Rosenbloom},
  journal={Artif. Intell.},
  year={1982},
  volume={19},
  pages={279-320}
}

@article{alphago,
  title={Mastering the game of Go with deep neural networks and tree search},
  author={David Silver and Aja Huang and Chris J. Maddison and Arthur Guez and L. Sifre and George van den Driessche and Julian Schrittwieser and Ioannis Antonoglou and Vedavyas Panneershelvam and Marc Lanctot and Sander Dieleman and Dominik Grewe and John Nham and Nal Kalchbrenner and Ilya Sutskever and Timothy P. Lillicrap and Madeleine Leach and Koray Kavukcuoglu and Thore Graepel and Demis Hassabis},
  journal={Nature},
  year={2016},
  volume={529},
  pages={484-489}
}


@article{alphago_zero,
  title={Mastering the game of Go without human knowledge},
  author={David Silver and Julian Schrittwieser and Karen Simonyan and Ioannis Antonoglou and Aja Huang and Arthur Guez and Thomas Hubert and Lucas baker and Matthew Lai and Adrian Bolton and Yutian Chen and Timothy P. Lillicrap and Fan Hui and L. Sifre and George van den Driessche and Thore Graepel and Demis Hassabis},
  journal={Nature},
  year={2017},
  volume={550},
  pages={354-359}
}

@article{alphaZero,
  title={A general reinforcement learning algorithm that masters chess, shogi, and Go through self-play},
  author={David Silver and Thomas Hubert and Julian Schrittwieser and Ioannis Antonoglou and Matthew Lai and Arthur Guez and Marc Lanctot and L. Sifre and Dharshan Kumaran and Thore Graepel and Timothy P. Lillicrap and Karen Simonyan and Demis Hassabis},
  journal={Science},
  year={2018},
  volume={362},
  pages={1140 - 1144}
}


@article{puct_paper,
  title={Multi-armed bandits with episode context},
  author={Christopher D. Rosin},
  journal={Annals of Mathematics and Artificial Intelligence},
  year={2011},
  volume={61},
  pages={203-230}
}



@article{DeepV3,
  title={Deep Voice 3: Scaling Text-to-Speech with Convolutional Sequence Learning},
  author={Wei Ping and Kainan Peng and Andrew Gibiansky and Sercan {\"O}. Arik and Ajay Kannan and Sharan Narang and Jonathan Raiman and John Miller},
  journal={arXiv: Sound},
  year={2017}
}


@article{diplomacy_paper,
  title={Human-level play in the game of Diplomacy by combining language models with strategic reasoning},
  author={Anton Bakhtin and Noam Brown and Emily Dinan and Gabriele Farina and Colin Flaherty and Daniel Fried and Andrew Goff and Jonathan Gray and Hengyuan Hu and Athul Paul Jacob and Mojtaba Komeili and Karthik Konath and Minae Kwon and Adam Lerer and Mike Lewis and Alexander H. Miller and Sandra Mitts and Adithya Renduchintala and Stephen Roller and Dirk Rowe and Weiyan Shi and Joe Spisak and Alexander Wei and David J. Wu and Hugh Zhang and Markus Zijlstra},
  journal={Science},
  year={2022},
  volume={378},
  pages={1067 - 1074},
  url={https://api.semanticscholar.org/CorpusID:253759631}
}


@misc{RNN_language,
  doi = {10.48550/ARXIV.1602.02410},
  url = {https://arxiv.org/abs/1602.02410},
  author = {Jozefowicz, Rafal and Vinyals, Oriol and Schuster, Mike and Shazeer, Noam and Wu, Yonghui},
  keywords = {Computation and Language (cs.CL), FOS: Computer and information sciences, FOS: Computer and information sciences},
  title = {Exploring the Limits of Language Modeling},
  publisher = {arXiv},
  year = {2016},
  copyright = {arXiv.org perpetual, non-exclusive license}
}



@article{stable-baselines3,
    author = {Raffin, Antonin and Hill, Ashley and Gleave, Adam and Kanervisto, Anssi and Ernestus, Maximilian and Dormann, Noah},
    title = {Stable-baselines3: reliable reinforcement learning implementations},
    year = {2021},
    issue_date = {January 2021},
    publisher = {JMLR.org},
    volume = {22},
    number = {1},
    issn = {1532-4435},
    abstract = {STABLE-BASELINES3 provides open-source implementations of deep reinforcement learning (RL) algorithms in Python. The implementations have been benchmarked against reference codebases, and automated unit tests cover 95\% of the code. The algorithms follow a consistent interface and are accompanied by extensive documentation, making it simple to train and compare different RL algorithms.},
    journal = {J. Mach. Learn. Res.},
    month = {jan},
    articleno = {268},
    numpages = {8},
    keywords = {reinforcement learning, baselines, software, open-source, Python, PyTorch}
}


@inproceedings{mcts,
  author = {James, Steven and Konidaris, George and Rosman, Benjamin},
  year = {2017},
  month = {02},
  pages = {},
  title = {An Analysis of Monte Carlo Tree Search}
}

@inproceedings{alpha_go_zero_diagram,
  author = {David Foster},
  year = {2017},
  month = {10},
  url = {https://medium.com/applied-data-science/alphago-zero-explained-in-one-diagram-365f5abf67e0},
  title = {AlphaGo Zero Explained In One Diagram}
}




@inproceedings{easy_to_hard,
  title={Can You Learn an Algorithm? Generalizing from Easy to Hard Problems with Recurrent Networks},
  author={Avi Schwarzschild and Eitan Borgnia and Arjun Gupta and Furong Huang and Uzi Vishkin and Micah Goldblum and Tom Goldstein},
  booktitle={Neural Information Processing Systems},
  year={2021}
}


@article{deepthinking_2,
  title={End-to-end Algorithm Synthesis with Recurrent Networks: Logical Extrapolation Without Overthinking}, 
  author={Bansal, Aprit and Schwarzschild, Avi and Borgnia, Eitan and Emam, Zeyad and Huang, Furong and Goldblum, Micah and Goldstein, Tom},
  journal={Advances in Neural Information Processing Systems},
  volume={35},
  year={2022}
}



@article{reinforce_rnn,
  title={Hierarchical Multiscale Recurrent Neural Networks},
  author={Junyoung Chung and Sungjin Ahn and Yoshua Bengio},
  journal={ArXiv},
  year={2016},
  volume={abs/1609.01704},
  url={https://api.semanticscholar.org/CorpusID:1463401}
}

@article{DDPG_paper,
  title={Continuous control with deep reinforcement learning},
  author={Timothy P. Lillicrap and Jonathan J. Hunt and Alexander Pritzel and Nicolas Manfred Otto Heess and Tom Erez and Yuval Tassa and David Silver and Daan Wierstra},
  journal={CoRR},
  year={2015},
  volume={abs/1509.02971},
  url={https://api.semanticscholar.org/CorpusID:16326763}
}

@article{MADDPG_original_algorithm,
  title={Multi-Agent Actor-Critic for Mixed Cooperative-Competitive Environments},
  author={Ryan Lowe and Yi Wu and Aviv Tamar and Jean Harb and P. Abbeel and Igor Mordatch},
  journal={ArXiv},
  year={2017},
  volume={abs/1706.02275},
  url={https://api.semanticscholar.org/CorpusID:26419660}
}



@inproceedings{BTs+RL,
  title={Mixed Deep Reinforcement Learning-behavior Tree for Intelligent Agents Design},
  author={Lei Li and Lei Wang and Yuanzhi Li and Jie Sheng},
  booktitle={International Conference on Agents and Artificial Intelligence},
  year={2021},
  url={https://api.semanticscholar.org/CorpusID:232106146}
}

@article{formalizing_wargames,
  title={Formalizing Game-play},
  author={Tomas By},
  journal={Simulation \& Gaming},
  year={2012},
  volume={43},
  pages={157 - 187},
  url={https://api.semanticscholar.org/CorpusID:62324226}
}


@article{adaptive_behavior_modeling_air_combat,
  title={Adaptive Human Behavior Modeling for Air Combat Simulation},
  author={Jian Yao and Qiwang Huang and Weiping Wang},
  journal={2015 IEEE/ACM 19th International Symposium on Distributed Simulation and Real Time Applications (DS-RT)},
  year={2015},
  pages={100-103},
  url={https://api.semanticscholar.org/CorpusID:5745495}
}

@article{multi_agent_rl_coordination_air_combat,
  title={Agent Coordination in Air Combat Simulation using Multi-Agent Deep Reinforcement Learning},
  author={Johan K{\"a}llstr{\"o}m and Fredrik Heintz},
  journal={2020 IEEE International Conference on Systems, Man, and Cybernetics (SMC)},
  year={2020},
  pages={2157-2164},
  url={https://api.semanticscholar.org/CorpusID:229309151}
}


@article{PK_DQN_paper,
  title={Research and Implementation of Intelligent Decision Based on a Priori Knowledge and DQN Algorithms in Wargame Environment},
  author={Yuxiang Sun and Bo Yuan and Tao Zhang and Bojian Tang and Wanwen Zheng and Xianzhong Zhou},
  journal={Electronics},
  year={2020},
  url={https://api.semanticscholar.org/CorpusID:225162040}
}



@webpage{chinese_wargame_system,
  Author = {Chinese Academy of Sciences, Innovation Academy for Artificial Intelligence, Center for Reasearch on Intelligence System and Engineering},
  Date-Added = {2024-04-09 15:21:00 +0000},
  Keywords = {Wargame},
  Lastchecked = {9th April 2024},
  Note = {Accessed 9th-April-2024},
  Title = {{Temple Calculation Wargame System}},
  Url = {http://wargame.ia.ac.cn/login},
}

@article{MADDPG_wargames,
  title={Research on Wargame Decision-Making Method Based on Multi-Agent Deep Deterministic Policy Gradient},
  author={Sheng Yu and Wei Zhu and Y. Wang},
  journal={Applied Sciences},
  year={2023},
  url={https://api.semanticscholar.org/CorpusID:257961484}
}


@article{MADM_wargames,
  title={Method for making multi-attribute decisions in wargames by combining intuitionistic fuzzy numbers with reinforcement learning},
  author={Yuxiang Sun and Bo Yuan and Yufan Xue and Jiawei Zhou and Xiaoyu Zhang and Xianzhong Zhou},
  journal={ArXiv},
  year={2021},
  volume={abs/2109.02354}
}

@article{wargame_combat,
  title={Developing Combat Behavior through Reinforcement Learning in Wargames and Simulations},
  author={Jonathan Boron and Christian J. Darken},
  journal={2020 IEEE Conference on Games (CoG)},
  year={2020},
  pages={728-731},
  url={https://api.semanticscholar.org/CorpusID:225049663}
}



@inproceedings{Alpha_wargames,
  title={The Application of AlphaZero to Wargaming},
  author={Glennn Moy and Slava Shekh},
  booktitle={Australasian Conference on Artificial Intelligence},
  year={2019}
}

@article{naval_movement_rl_nps,
  url = {https://apps.dtic.mil/sti/citations/trecms/AD1213156},
  author = {Joseph R. Coble},
  title = {Optimal Naval Movement Simulation With Reinforcement Learning AI Agents},
  month={June},
  year={2023}

}

@misc{cnn_combat_nps,
  url = {https://apps.dtic.mil/sti/citations/AD1150887},
  author = {Christopher T. Cannon and Stefan Goericke},
  title = {Using Convolution Neural Networks To Develop Robust Combat Behaviors Through Reinforcement Learning},
  month={June},
  year={2021}

}

@misc{feudal_rl_nps,
  url = {https://apps.dtic.mil/sti/citations/trecms/AD1201723},
  author = {Patrick R. Rood },
  title = {Scaling Reinforcement Learning through Feudal Multi-Agent Hierarchy
},
  month={September},
  year={2022}

}

@article{free_civ_paper,
  title={Combining Model-Based Meta-Reasoning and Reinforcement Learning for Adapting Game-Playing Agents},
  author={Patrick Ulam and Joshua K. Jones and Ashok K. Goel},
  journal={Proceedings of the AAAI Conference on Artificial Intelligence and Interactive Digital Entertainment},
  year={2008},
  url={https://api.semanticscholar.org/CorpusID:14236438}
}




@article{AlphaTM,
  title={Mastering Terra Mystica: Applying Self-Play to Multi-agent Cooperative Board Games},
  author={Luis Perez},
  journal={ArXiv},
  year={2021},
  volume={abs/2102.10540}
}




@article{DOP_paper,
  title={Off-Policy Multi-Agent Decomposed Policy Gradients},
  author={Yihan Wang and Beining Han and Tonghan Wang and Heng Dong and Chongjie Zhang},
  journal={ArXiv},
  year={2020},
  volume={abs/2007.12322},
  url={https://api.semanticscholar.org/CorpusID:235613640}
}

@inproceedings{COMA_paper,
  title={Counterfactual Multi-Agent Policy Gradients},
  author={Jakob N. Foerster and Gregory Farquhar and Triantafyllos Afouras and Nantas Nardelli and Shimon Whiteson},
  booktitle={AAAI Conference on Artificial Intelligence},
  year={2017},
  url={https://api.semanticscholar.org/CorpusID:19141434}
}

@article{MEMO,
  title={MEMO: A Deep Network for Flexible Combination of Episodic Memories},
  author={Andrea Banino and Adri{\`a} Puigdom{\`e}nech Badia and Raphael K{\"o}ster and Martin J. Chadwick and Vin{\'i}cius Flores Zambaldi and Demis Hassabis and Caswell Barry and Matthew M. Botvinick and Dharshan Kumaran and Charles Blundell},
  journal={ArXiv},
  year={2020},
  volume={abs/2001.10913},
  url={https://api.semanticscholar.org/CorpusID:210942708}
}


@article{ACT,
  title={Adaptive Computation Time for Recurrent Neural Networks},
  author={Alex Graves},
  journal={ArXiv},
  year={2016},
  volume={abs/1603.08983},
  url={https://api.semanticscholar.org/CorpusID:8224916}
}

@inproceedings{adaptive_early_exit,
  title={Adaptive Neural Networks for Efficient Inference},
  author={Tolga Bolukbasi and Joseph Wang and Ofer Dekel and Venkatesh Saligrama},
  booktitle={International Conference on Machine Learning},
  year={2017},
  url={https://api.semanticscholar.org/CorpusID:6750751}
}

@article{PonderNet,
  title={PonderNet: Learning to Ponder},
  author={Andrea Banino and Jan Balaguer and Charles Blundell},
  journal={ArXiv},
  year={2021},
  volume={abs/2107.05407},
  url={https://api.semanticscholar.org/CorpusID:235795251}
}

@inproceedings{complexity_thesis,
  title={Searching for solutions in games and artificial intelligence},
  author={L. Victor Allis},
  year={1994},
  url={https://api.semanticscholar.org/CorpusID:60886521}
}


@misc{Atlatl,
  url = {https://gitlab.nps.edu/cjdarken/atlatl},
  author = {C. Darken},
  title = {Atlatl.},
  location = {Monterey, CA, USA},
}

@misc{Risk_info,
    title = {Risk},
    author = {Albert Lamorisse},
    year = {1957},
    howpublished = {Hasbro},
    url = {https://en.wikipedia.org/wiki/Risk_(game)},
}

@booklet{SCS_rules1.8,
    author = {Dean Essig},
    title = {Standard Combat Series: Series Rules, ver 1.8},
    URL = {https://mmpgamers.com/support/gamersarchive/scs/SCS_Rules_v18_September_2015.pdf},
    year = {2015}
}

@booklet{OCS_rules4.2,
    author = {Dean Essig},
    title = {Operational Combat Series: Series Rules, ver 4.2},
    URL = {http://www.ocsdepot.com/images/contentfile/OCS-v4.2-rules-12-2016.pdf},
    year = {2016}
}

@booklet{Stalingrad42,
    author = {Mark Simonitch},
    title = {Stalingrad 42 rules},
    URL = {https://gmtwebsiteassets.s3.us-west-2.amazonaws.com/Stalingrad42/Stal42+RULES-FINAL_v2.pdf},
    year = {2022}
}

@booklet{TSWW,
    author = {John Bannerman and Cory Manka and Matthew Manka and Martyn Potts.},
    publisher = {The Knowledge Company},
    title = {The Second World War Global Rules
v1.6a},
    URL = {https://drive.google.com/file/d/1elOenHvNlL7-oah4Xxr-jsfcxUK8zB6r/view?usp=sharing},
    year = {2023}
}


