@inproceedings{BEVFormer,
  title={Bevformer: Learning birdâ€™s-eye-view representation from multi-camera images via spatiotemporal transformers},
  author={Li, Zhiqi and Wang, Wenhai and Li, Hongyang and Xie, Enze and Sima, Chonghao and Lu, Tong and Qiao, Yu and Dai, Jifeng},
  booktitle={European conference on computer vision},
  pages={1--18},
  year={2022},
  organization={Springer}
}
@inproceedings{BEVFusion,
  title={Bevfusion: Multi-task multi-sensor fusion with unified bird's-eye view representation},
  author={Liu, Zhijian and Tang, Haotian and Amini, Alexander and Yang, Xinyu and Mao, Huizi and Rus, Daniela L and Han, Song},
  booktitle={2023 IEEE international conference on robotics and automation (ICRA)},
  pages={2774--2781},
  year={2023},
  organization={IEEE}
}
@inproceedings{BEVFormer_v2,
  title={Bevformer v2: Adapting modern image backbones to bird's-eye-view recognition via perspective supervision},
  author={Yang, Chenyu and Chen, Yuntao and Tian, Hao and Tao, Chenxin and Zhu, Xizhou and Zhang, Zhaoxiang and Huang, Gao and Li, Hongyang and Qiao, Yu and Lu, Lewei and others},
  booktitle={Proceedings of the IEEE/CVF Conference on Computer Vision and Pattern Recognition},
  pages={17830--17839},
  year={2023}
}


@inproceedings{SuperPoint,
  title={Superpoint: Self-supervised interest point detection and description},
  author={DeTone, Daniel and Malisiewicz, Tomasz and Rabinovich, Andrew},
  booktitle={Proceedings of the IEEE conference on computer vision and pattern recognition workshops},
  pages={224--236},
  year={2018}
}
@inproceedings{LuShijie,
  title={A Deep Graph Matching-Based Method for Trajectory Association in Vessel Traffic Surveillance},
  author={Lu, Yuchen and Zhang, Xiangkai and Yang, Xu and Lv, Pin and Sun, Liguo and Liu, Ryan Wen and Lv, Yisheng},
  booktitle={International Conference on Neural Information Processing},
  pages={413--424},
  year={2023},
  organization={Springer}
}



@inproceedings{LightGlue,
  title={Lightglue: Local feature matching at light speed},
  author={Lindenberger, Philipp and Sarlin, Paul-Edouard and Pollefeys, Marc},
  booktitle={Proceedings of the IEEE/CVF International Conference on Computer Vision},
  pages={17627--17638},
  year={2023}
}

@article{fpvrcnn,
  title={Keypoints-based deep feature fusion for cooperative vehicle detection of autonomous driving},
  author={Yuan, Yunshuang and Cheng, Hao and Sester, Monika},
  journal={IEEE Robotics and Automation Letters},
  volume={7},
  number={2},
  pages={3054--3061},
  year={2022},
  publisher={IEEE}
}

@inproceedings{CoAlign,
  title={Robust collaborative 3d object detection in presence of pose errors},
  author={Lu, Yifan and Li, Quanhao and Liu, Baoan and Dianati, Mehrdad and Feng, Chen and Chen, Siheng and Wang, Yanfeng},
  booktitle={2023 IEEE International Conference on Robotics and Automation (ICRA)},
  pages={4812--4818},
  year={2023},
  organization={IEEE}
}

@inproceedings{v2xvit,
  title={V2x-vit: Vehicle-to-everything cooperative perception with vision transformer},
  author={Xu, Runsheng and Xiang, Hao and Tu, Zhengzhong and Xia, Xin and Yang, Ming-Hsuan and Ma, Jiaqi},
  booktitle={European conference on computer vision},
  pages={107--124},
  year={2022},
  organization={Springer}
}

@inproceedings{FeaCo,
  title={Feaco: Reaching robust feature-level consensus in noisy pose conditions},
  author={Gu, Jiaming and Zhang, Jingyu and Zhang, Muyang and Meng, Weiliang and Xu, Shibiao and Zhang, Jiguang and Zhang, Xiaopeng},
  booktitle={Proceedings of the 31st ACM International Conference on Multimedia},
  pages={3628--3636},
  year={2023}
}

@inproceedings{OPV2V,
  title={Opv2v: An open benchmark dataset and fusion pipeline for perception with vehicle-to-vehicle communication},
  author={Xu, Runsheng and Xiang, Hao and Xia, Xin and Han, Xu and Li, Jinlong and Ma, Jiaqi},
  booktitle={2022 International Conference on Robotics and Automation (ICRA)},
  pages={2583--2589},
  year={2022},
  organization={IEEE}
}
@article{V2X-Sim,
  title={V2X-Sim: Multi-agent collaborative perception dataset and benchmark for autonomous driving},
  author={Li, Yiming and Ma, Dekun and An, Ziyan and Wang, Zixun and Zhong, Yiqi and Chen, Siheng and Feng, Chen},
  journal={IEEE Robotics and Automation Letters},
  volume={7},
  number={4},
  pages={10914--10921},
  year={2022},
  publisher={IEEE}
}


@inproceedings{DAIR-V2X,
  title={Dair-v2x: A large-scale dataset for vehicle-infrastructure cooperative 3d object detection},
  author={Yu, Haibao and Luo, Yizhen and Shu, Mao and Huo, Yiyi and Yang, Zebang and Shi, Yifeng and Guo, Zhenglong and Li, Hanyu and Hu, Xing and Yuan, Jirui and others},
  booktitle={Proceedings of the IEEE/CVF Conference on Computer Vision and Pattern Recognition},
  pages={21361--21370},
  year={2022}
}


@article{Where2comm,
  title={Where2comm: Communication-efficient collaborative perception via spatial confidence maps},
  author={Hu, Yue and Fang, Shaoheng and Lei, Zixing and Zhong, Yiqi and Chen, Siheng},
  journal={Advances in neural information processing systems},
  volume={35},
  pages={4874--4886},
  year={2022}
}


@inproceedings{CORE,
  title={Core: Cooperative reconstruction for multi-agent perception},
  author={Wang, Binglu and Zhang, Lei and Wang, Zhaozhong and Zhao, Yongqiang and Zhou, Tianfei},
  booktitle={Proceedings of the IEEE/CVF International Conference on Computer Vision},
  pages={8710--8720},
  year={2023}
}

@inproceedings{MASH,
  title={Overcoming obstructions via bandwidth-limited multi-agent spatial handshaking},
  author={Glaser, Nathaniel and Liu, Yen-Cheng and Tian, Junjiao and Kira, Zsolt},
  booktitle={2021 IEEE/RSJ International Conference on Intelligent Robots and Systems (IROS)},
  pages={2406--2413},
  year={2021},
  organization={IEEE}
}

@inproceedings{F-Cooper,
  title={F-cooper: Feature based cooperative perception for autonomous vehicle edge computing system using 3D point clouds},
  author={Chen, Qi and Ma, Xu and Tang, Sihai and Guo, Jingda and Yang, Qing and Fu, Song},
  booktitle={Proceedings of the 4th ACM/IEEE Symposium on Edge Computing},
  pages={88--100},
  year={2019}
}








@inproceedings{CoCa3D,
  title={Collaboration helps camera overtake lidar in 3d detection},
  author={Hu, Yue and Lu, Yifan and Xu, Runsheng and Xie, Weidi and Chen, Siheng and Wang, Yanfeng},
  booktitle={Proceedings of the IEEE/CVF Conference on Computer Vision and Pattern Recognition},
  pages={9243--9252},
  year={2023}
}

@inproceedings{V2VNet,
  title={V2vnet: Vehicle-to-vehicle communication for joint perception and prediction},
  author={Wang, Tsun-Hsuan and Manivasagam, Sivabalan and Liang, Ming and Yang, Bin and Zeng, Wenyuan and Urtasun, Raquel},
  booktitle={Computer Vision--ECCV 2020: 16th European Conference, Glasgow, UK, August 23--28, 2020, Proceedings, Part II 16},
  pages={605--621},
  year={2020},
  organization={Springer}
}

@article{HEAL,
  title={An extensible framework for open heterogeneous collaborative perception},
  author={Lu, Yifan and Hu, Yue and Zhong, Yiqi and Wang, Dequan and Wang, Yanfeng and Chen, Siheng},
  journal={arXiv preprint arXiv:2401.13964},
  year={2024}
}

@article{positional_encoding,
  title={Roformer: Enhanced transformer with rotary position embedding},
  author={Su, Jianlin and Ahmed, Murtadha and Lu, Yu and Pan, Shengfeng and Bo, Wen and Liu, Yunfeng},
  journal={Neurocomputing},
  volume={568},
  pages={127063},
  year={2024},
  publisher={Elsevier}
}


@article{HYDRO-3D,
  title={HYDRO-3D: Hybrid object detection and tracking for cooperative perception using 3D LiDAR},
  author={Meng, Zonglin and Xia, Xin and Xu, Runsheng and Liu, Wei and Ma, Jiaqi},
  journal={IEEE Transactions on Intelligent Vehicles},
  volume={8},
  number={8},
  pages={4069--4080},
  year={2023},
  publisher={IEEE}
}
