@inproceedings{NIPS2015_11d0e628,
 author = {Feurer, Matthias and Klein, Aaron and Eggensperger, Katharina and Springenberg, Jost and Blum, Manuel and Hutter, Frank},
 booktitle = {Advances in Neural Information Processing Systems},
 editor = {C. Cortes and N. Lawrence and D. Lee and M. Sugiyama and R. Garnett},
 pages = {},
 publisher = {Curran Associates, Inc.},
 title = {{Efficient and Robust Automated Machine Learning}},
 volume = {28},
 year = {2015}
}

@inproceedings{OlsonGECCO2016,
    author = {Olson, Randal S. and Bartley, Nathan and Urbanowicz, Ryan J. and Moore, Jason H.},
    title = {{Evaluation of a Tree-based Pipeline Optimization Tool for Automating Data Science}},
    booktitle = {Proceedings of the Genetic and Evolutionary Computation Conference 2016},
    series = {GECCO '16},
    year = {2016},
    isbn = {978-1-4503-4206-3},
    location = {Denver, Colorado, USA},
    pages = {485--492},
    numpages = {8},
    doi = {10.1145/2908812.2908918},
    acmid = {2908918},
    publisher = {ACM},
    address = {New York, NY, USA},
}

@article{bergstra2012random,
  title={Random search for hyper-parameter optimization.},
  author={Bergstra, James and Bengio, Yoshua},
  journal={Journal of machine learning research},
  volume={13},
  number={2},
  year={2012}
}

@article{boyar2024latent,
    author = {Boyar, Onur and Takeuchi, Ichiro},
    title = {Latent Space Bayesian Optimization With Latent Data Augmentation for Enhanced Exploration},
    journal = {Neural Computation},
    volume = {36},
    number = {11},
    pages = {2446-2478},
    year = {2024}
}

@inproceedings{cohen2019autogrd,
  title={{Autogrd: Model recommendation through graphical dataset representation}},
  author={Cohen-Shapira, Noy and Rokach, Lior and Shapira, Bracha and Katz, Gilad and Vainshtein, Roman},
  booktitle={Proceedings of the 28th ACM International Conference on Information and Knowledge Management},
  pages={821--830},
  year={2019}
}

@article{dagan2024automated,
  title={Automated algorithm selection using meta-learning and pre-trained deep convolution neural networks},
  author={Dagan, Itai and Vainshtein, Roman and Katz, Gilad and Rokach, Lior},
  journal={Information Fusion},
  volume={105},
  pages={102210},
  year={2024},
  publisher={Elsevier}
}

@inproceedings{feurer2015initializing,
  title={Initializing bayesian hyperparameter optimization via meta-learning},
  author={Feurer, Matthias and Springenberg, Jost and Hutter, Frank},
  booktitle={Proceedings of the AAAI Conference on Artificial Intelligence},
  volume={29},
  number={1},
  year={2015}
}

@article{gomez2018automatic,
  title={Automatic chemical design using a data-driven continuous representation of molecules},
  author={G{\'o}mez-Bombarelli, Rafael and Wei, Jennifer N and Duvenaud, David and Hern{\'a}ndez-Lobato, Jos{\'e} Miguel and S{\'a}nchez-Lengeling, Benjam{\'\i}n and Sheberla, Dennis and Aguilera-Iparraguirre, Jorge and Hirzel, Timothy D and Adams, Ryan P and Aspuru-Guzik, Al{\'a}n},
  journal={ACS central science},
  volume={4},
  number={2},
  pages={268--276},
  year={2018},
  publisher={ACS Publications}
}

@inproceedings{hutter2011sequential,
  title={Sequential model-based optimization for general algorithm configuration},
  author={Hutter, Frank and Hoos, Holger H and Leyton-Brown, Kevin},
  booktitle={Learning and Intelligent Optimization: 5th International Conference, LION 5, Rome, Italy, January 17-21, 2011. Selected Papers 5},
  pages={507--523},
  year={2011},
  organization={Springer}
}

@inproceedings{jha2018disentangling,
author = {Jha, Ananya Harsh and Anand, Saket and Singh, Maneesh and Veeravasarapu, VSR},
title = {Disentangling Factors of Variation with Cycle-Consistent Variational Auto-encoders},
year = {2018},
isbn = {978-3-030-01218-2},
publisher = {Springer-Verlag},
address = {Berlin, Heidelberg},
booktitle = {Computer Vision – ECCV 2018: 15th European Conference, Munich, Germany, September 8–14, 2018, Proceedings, Part III},
pages = {829–845}
}

@article{laadan2019rankml,
  title={Rankml: a meta learning-based approach for pre-ranking machine learning pipelines},
  author={Laadan, Doron and Vainshtein, Roman and Curiel, Yarden and Katz, Gilad and Rokach, Lior},
  journal={arXiv preprint arXiv:1911.00108},
  year={2019}
}

@article{lemke2015metalearning,
  title={Metalearning: a survey of trends and technologies},
  author={Lemke, Christiane and Budka, Marcin and Gabrys, Bogdan},
  journal={Artificial intelligence review},
  volume={44},
  pages={117--130},
  year={2015},
  publisher={Springer}
}

@inproceedings{levesque2017bayesian,
  title={Bayesian optimization for conditional hyperparameter spaces},
  author={L{\'e}vesque, Julien-Charles and Durand, Audrey and Gagn{\'e}, Christian and Sabourin, Robert},
  booktitle={2017 International Joint Conference on Neural Networks (IJCNN)},
  pages={286--293},
  year={2017},
  organization={IEEE}
}

@inproceedings{li2020efficient,
  title={{Efficient automatic CASH via rising bandits}},
  author={Li, Yang and Jiang, Jiawei and Gao, Jinyang and Shao, Yingxia and Zhang, Ce and Cui, Bin},
  booktitle={Proceedings of the AAAI Conference on Artificial Intelligence},
  volume={34},
  number={04},
  pages={4763--4771},
  year={2020}
}

@article{li2023volcanoml,
  title={{VolcanoML}: speeding up end-to-end {AutoML} via scalable search space decomposition},
  author={Li, Yang and Shen, Yu and Zhang, Wentao and Zhang, Ce and Cui, Bin},
  journal={The VLDB Journal},
  volume={32},
  number={2},
  pages={389--413},
  year={2023},
  publisher={Springer}
}

@misc{li2024an,
title={An Attention-based Approach for Bayesian Optimization with Dependencies},
author={Jiaxing Li and Wei Liu and Chao Xue and Xiaoxing Wang and Weifeng Liu and Dacheng Tao},
year={2024},
url={https://openreview.net/forum?id=sv65gA2cLA}
}

@inproceedings{liu2020admm,
  title={{An ADMM based framework for automl pipeline configuration}},
  author={Liu, Sijia and Ram, Parikshit and Vijaykeerthy, Deepak and Bouneffouf, Djallel and Bramble, Gregory and Samulowitz, Horst and Wang, Dakuo and Conn, Andrew and Gray, Alexander},
  booktitle={Proceedings of the AAAI Conference on Artificial Intelligence},
  volume={34},
  number={04},
  pages={4892--4899},
  year={2020}
}

@misc{lyu2023efficient, 
author = {W. Lyu and S. Hu and J. Chuai and Z. Chen}, 
title = {Efficient Bayesian Optimization with Deep Kernel Learning and Transformer Pre-trained on Multiple Heterogeneous Datasets},
journal={arXiv:2308.04660},
year = {2023}
}

@article{mu2022auto,
  title={{Auto-CASH}: A meta-learning embedding approach for autonomous classification algorithm selection},
  author={Mu, Tianyu and Wang, Hongzhi and Wang, Chunnan and Liang, Zheng and Shao, Xinyue},
  journal={Information Sciences},
  volume={591},
  pages={344--364},
  year={2022},
  publisher={Elsevier}
}

@inproceedings{nguyen2020bayesian,
  title={Bayesian optimization for categorical and category-specific continuous inputs},
  author={Nguyen, Dang and Gupta, Sunil and Rana, Santu and Shilton, Alistair and Venkatesh, Svetha},
  booktitle={Proceedings of the AAAI Conference on Artificial Intelligence},
  volume={34},
  number={04},
  pages={5256--5263},
  year={2020}
}

@article{snoek2012practical,
  title={Practical bayesian optimization of machine learning algorithms},
  author={Snoek, Jasper and Larochelle, Hugo and Adams, Ryan P},
  journal={Advances in neural information processing systems},
  volume={25},
  year={2012}
}

@inproceedings{swersky2013raiders,
  AUTHOR =       {Kevin Swersky and David Duvenaud and Jasper Snoek and Frank Hutter and Michael Osborne},
  TITLE =        {Raiders of the Lost Architecture: Kernels for Bayesian Optimization in Conditional Parameter Spaces},
  BOOKTITLE =    {NIPS workshop on Bayesian Optimization in Theory and Practice},
  YEAR =         {2013}
}

@inproceedings{thornton2013auto,
  title={{Auto-WEKA}: Combined selection and hyperparameter optimization of classification algorithms},
  author={Thornton, Chris and Hutter, Frank and Hoos, Holger H and Leyton-Brown, Kevin},
  booktitle={Proceedings of the 19th ACM SIGKDD international conference on Knowledge discovery and data mining},
  pages={847--855},
  year={2013}
}

@inproceedings{wang2020auto,
  title={{Auto-model: utilizing research papers and HPO techniques to deal with the CASH problem}},
  author={Wang, Chunnan and Wang, Hongzhi and Mu, Tianyu and Li, Jianzhong and Gao, Hong},
  booktitle={2020 IEEE 36th International Conference on Data Engineering (ICDE)},
  pages={1906--1909},
  year={2020},
  organization={IEEE}
}

@article{whitley1994genetic,
  title={A genetic algorithm tutorial},
  author={Whitley, Darrell},
  journal={Statistics and computing},
  volume={4},
  pages={65--85},
  year={1994},
  publisher={Springer}
}

