
@inproceedings{nguyen_plug_2017,
	title = {Plug \& {Play} {Generative} {Networks}: {Conditional} {Iterative} {Generation} of {Images} in {Latent} {Space}},
	author = {Nguyen, Anh and Clune, Jeff and Bengio, Yoshua and Dosovitskiy, Alexey and Yosinski, Jason},
	booktitle={{Proceedings of the IEEE Conference on Computer Vision and Pattern Recognition}},
	year = {2017},
}

@inproceedings{arjovsky_towards_2017,
  title={{Towards Principled Methods for Training Generative Adversarial Networks}},
  author={Arjovsky, Martin and Bottou, L{\'e}on},
  booktitle={International Conference on Learning Representations},
  year={2017}
}

@InProceedings{arjovsky_wasserstein_2017,
  title = 	 {{W}asserstein Generative Adversarial Networks},
  author =       {Martin Arjovsky and Soumith Chintala and L{\'e}on Bottou},
  booktitle = 	 {Proceedings of the 34th International Conference on Machine Learning},
  year = 	 {2017}
}

@article{srivastava2017veegan,
  title={Veegan: Reducing mode collapse in gans using implicit variational learning},
  author={Srivastava, Akash and Valkov, Lazar and Russell, Chris and Gutmann, Michael U and Sutton, Charles},
  journal={Advances in neural information processing systems},
  volume={30},
  year={2017}
}

@inproceedings{lin_pacgan_2018,
  title={Pac{GAN}: The power of two samples in generative adversarial networks},
  author={Lin, Zinan and Khetan, Ashish and Fanti, Giulia and Oh, Sewoong},
  booktitle={Advances in Neural Information Processing Systems},
  year={2018}
}

@article{grandini2020metrics,
  title={Metrics for multi-class classification: an overview},
  author={Grandini, Margherita and Bagli, Enrico and Visani, Giorgio},
  journal={arXiv preprint arXiv:2008.05756},
  year={2020}
}

@article{engelmann_conditional_2021,
	title = {Conditional {Wasserstein} {GAN}-based oversampling of tabular data for imbalanced learning},
	volume = {174},
	journal = {Expert Systems with Applications},
	author = {Engelmann, Justin and Lessmann, Stefan},
	year = {2021},
	pages = {114582},
}

@inproceedings{xu_modeling_2019,
	title = {Modeling {Tabular} data using {Conditional} {GAN}},
	author = {Xu, Lei and Skoularidou, Maria and Cuesta-Infante, Alfredo and Veeramachaneni, Kalyan},
	booktitle = {Advances in {Neural} {Information} {Processing} {Systems}},
	year = {2019},
}

@article{mirza_conditional_2014,
	title = {Conditional {Generative} {Adversarial} {Nets}},
	author = {Mirza, Mehdi and Osindero, Simon},
	year = {2014},
	journal = {arXiv preprint: 1411.1784},
}

@inproceedings{zhao_ctab-gan_2021,
	title = {{CTAB}-{GAN}: {Effective} {Table} {Data} {Synthesizing}},
	booktitle = {Proceedings of {The} 13th {Asian} {Conference} on {Machine} {Learning}},
	author = {Zhao, Zilong and Kunar, Aditya and Birke, Robert and Chen, Lydia Y.},
	year = {2021},
}

@inproceedings{nguyen_deep_2015,
	title = {Deep neural networks are easily fooled: {High} confidence predictions for unrecognizable images},
	booktitle = {{Proceedings of the IEEE Conference on Computer Vision and Pattern Recognition}},
	author = {Nguyen, Anh and Yosinski, Jason and Clune, Jeff},
	year = {2015},
}

@inproceedings{nguyen_synthesizing_2016,
	title = {Synthesizing the preferred inputs for neurons in neural networks via deep generator networks},
	booktitle = {Advances in {Neural} {Information} {Processing} {Systems}},
	author = {Nguyen, Anh and Dosovitskiy, Alexey and Yosinski, Jason and Brox, Thomas and Clune, Jeff},
	year = {2016},
}

@article{gahlmann_deep_2022,
	title = {Deep neural networks for the prediction of the optical properties and the free-form inverse design of metamaterials},
	journal = {arXiv preprint: 2201.10387},
	author = {Gahlmann, Timo and Tassin, Philippe},
	year = {2022},
}

@inproceedings{selvaraju_grad-cam_2017,
	title = {Grad-{CAM}: {Visual} {Explanations} {From} {Deep} {Networks} via {Gradient}-{Based} {Localization}},
	author = {Selvaraju, Ramprasaath R. and Cogswell, Michael and Das, Abhishek and Vedantam, Ramakrishna and Parikh, Devi and Batra, Dhruv},
	booktitle ={{Proceedings of the IEEE International Conference on Computer Vision}},
	year = {2017},
}

@inproceedings{simonyan_deep_2014,
  title={Deep inside convolutional networks: Visualising image classification models and saliency maps},
  author={Simonyan, Karen and Vedaldi, Andrea and Zisserman, Andrew},
  booktitle={Workshop at International Conference on Learning Representations},
  year={2014},
}

@inproceedings{sundararajan_axiomatic_2017,
	title = {Axiomatic attribution for deep networks},
	booktitle = {Proceedings of the 34th {International} {Conference} on {Machine} {Learning}},
	author = {Sundararajan, Mukund and Taly, Ankur and Yan, Qiqi},
	year = {2017},
}

@article{rajabi_tabfairgan_2021,
	title = {{TabFairGAN}: {Fair} {Tabular} {Data} {Generation} with {Generative} {Adversarial} {Networks}},
	journal = {arXiv preprint: 2109.00666},
	author = {Rajabi, Amirarsalan and Garibay, Ozlem Ozmen},
	year = {2021},
}

@inproceedings{covert_understanding_2020,
	title = {Understanding {Global} {Feature} {Contributions} {With} {Additive} {Importance} {Measures}},
	booktitle = {Advances in {Neural} {Information} {Processing} {Systems}},
	author = {Covert, Ian and Lundberg, Scott M and Lee, Su-In},
	year = {2020},
}

@inproceedings{lundberg_unified_2017,
	title = {A {Unified} {Approach} to {Interpreting} {Model} {Predictions}},
	booktitle = {Advances in {Neural} {Information} {Processing} {Systems}},
	author = {Lundberg, Scott M and Lee, Su-In},
	year = {2017},
}

@inproceedings{agarwal_towards_2021,
	title = {Towards the {Unification} and {Robustness} of {Perturbation} and {Gradient} {Based} {Explanations}},
	booktitle = {Proceedings of the 38th {International} {Conference} on {Machine} {Learning}},
	author = {Agarwal, Sushant and Jabbari, Shahin and Agarwal, Chirag and Upadhyay, Sohini and Wu, Steven and Lakkaraju, Himabindu},
	year = {2021},
}

@inproceedings{kumar_problems_2020,
	title = {Problems with {Shapley}-value-based explanations as feature importance measures},
	booktitle = {Proceedings of the 37th {International} {Conference} on {Machine} {Learning}},
	author = {Kumar, I. Elizabeth and Venkatasubramanian, Suresh and Scheidegger, Carlos and Friedler, Sorelle},
	year = {2020},
}

@article{tsirtsis2020decisions,
  title={Decisions, counterfactual explanations and strategic behavior},
  author={Tsirtsis, Stratis and Gomez Rodriguez, Manuel},
  journal={Advances in Neural Information Processing Systems},
  volume={33},
  pages={16749--16760},
  year={2020}
}

@article{grath2018interpretable,
  title={Interpretable credit application predictions with counterfactual explanations},
  author={Grath, Rory Mc and Costabello, Luca and Van, Chan Le and Sweeney, Paul and Kamiab, Farbod and Shen, Zhao and Lecue, Freddy},
  journal={arXiv preprint arXiv:1811.05245},
  year={2018}
}

@article{verma2020counterfactual,
  title={Counterfactual explanations for machine learning: A review},
  author={Verma, Sahil and Dickerson, John and Hines, Keegan},
  journal={arXiv preprint arXiv:2010.10596},
  volume={2},
  pages={1},
  year={2020}
}

@article{verma2024counterfactual,
  title={Counterfactual explanations and algorithmic recourses for machine learning: A review},
  author={Verma, Sahil and Boonsanong, Varich and Hoang, Minh and Hines, Keegan and Dickerson, John and Shah, Chirag},
  journal={ACM Computing Surveys},
  volume={56},
  number={12},
  pages={1--42},
  year={2024},
  publisher={ACM New York, NY}
}

@inproceedings{slack_fooling_2020,
	title = {Fooling {LIME} and {SHAP}: {Adversarial} {Attacks} on {Post} hoc {Explanation} {Methods}},
	booktitle = {Proceedings of the {AAAI}/{ACM} {Conference} on {AI}, {Ethics}, and {Society}},
	author = {Slack, Dylan and Hilgard, Sophie and Jia, Emily and Singh, Sameer and Lakkaraju, Himabindu},
	year = {2020},
}

@inproceedings{datta_qii_2016,
    author={Datta, Anupam and Sen, Shayak and Zick, Yair},
    booktitle={{IEEE Symposium on Security and Privacy}}, 
    title={{Algorithmic Transparency via Quantitative Input Influence: Theory and Experiments with Learning Systems}}, 
    year={2016},
}

@inproceedings{kleinberg_simple_2019,
author = {Kleinberg, Jon and Mullainathan, Sendhil},
title = {{Simplicity Creates Inequity: Implications for Fairness, Stereotypes, and Interpretability}},
year = {2019},
booktitle = {{Proceedings of the ACM Conference on Economics and Computation}},
}

@article{meng_mimic_2022,
  title={Interpretability and fairness evaluation of deep learning models on {MIMIC-IV} dataset},
  author={Meng, Chuizheng and Trinh, Loc and Xu, Nan and Enouen, James and Liu, Yan},
  journal={Scientific Reports},
  volume={12},
  number={7166},
  year={2022}
}

@article{ledford_millions_2019,
  title={Millions of black people affected by racial bias in health-care algorithms},
  author={Ledford, Heidi},
  journal={Nature},
  volume={574},
  number={7780},
  pages={608-610},
  year={2019}
}

@article{amrit_identifying_2017,
  title={Identifying child abuse through text mining and machine learning},
  author={Amrit, Chintan and Paauw, Tim and Aly, Robin and Lavric, Miha},
  journal={Expert systems with applications},
  volume={88},
  pages={402-418},
  year={2017}
}

@misc{dua_adult_2017,
author = "Dua, Dheeru and Graff, Casey",
year = "2017",
title = "{UCI} Machine Learning Repository",
institution = "University of California, Irvine, School of Information and Computer Sciences"}

@inproceedings{ding_retire_2021,
 author = {Ding, Frances and Hardt, Moritz and Miller, John and Schmidt, Ludwig},
 booktitle = {Advances in Neural Information Processing Systems},
 title = {{Retiring Adult: New Datasets for Fair Machine Learning}},
 year = {2021}
}

@inproceedings{lang_explaining_2021,
  title={{Explaining in Style: Training a GAN to explain a classifier in StyleSpace}},
  author={Lang, Oran and Gandelsman, Yossi and Yarom, Michal and Wald, Yoav and Elidan, Gal and Hassidim, Avinatan and Freeman, William T and Isola, Phillip and Globerson, Amir and Irani, Michal and others},
  booktitle={{Proceedings of the IEEE/CVF International Conference on Computer Vision}},
  year={2021}
}

@inproceedings{mazijn_sets_2022,
  title={{Exposing Algorithmic Bias through Inverse Design}},
  author={Mazijn, Carmen and Prunkl, Carina and Algaba, Andres and Danckaert, Jan and Ginis, Vincent},
  booktitle={Workshop at International Conference on Machine Learning},
  year={2022},
}

@inproceedings{jethani_fastshap_2022,
  title={{FastSHAP: Real-Time Shapley Value Estimation}},
  author={Jethani, Neil and Sudarshan, Mukund and Covert, Ian Connick and Lee, Su-In and Ranganath, Rajesh},
  booktitle={International Conference on Learning Representations},
  year={2022}
}

@inproceedings{goodfellow_gan_2014,
 author = {Goodfellow, Ian and Pouget-Abadie, Jean and Mirza, Mehdi and Xu, Bing and Warde-Farley, David and Ozair, Sherjil and Courville, Aaron and Bengio, Yoshua},
 booktitle = {Advances in Neural Information Processing Systems},
 title = {Generative Adversarial Nets},
 year = {2014}
}

@article{lindholm_discrimination_2022,
 title={DISCRIMINATION-FREE INSURANCE PRICING},
 volume={52},
 number={1},
 journal={{ASTIN Bulletin}},
 author={Lindholm, M. and Richman, R. and Tsanakas, A. and Wüthrich, M.V.}, year={2022},
 pages={55-89}
}

@book{ec_indirect_2009,
 author = {Tobler, C},
 title = {Limits and potential of the concept of indirect discrimination},
 publisher = {Directorate-General for Employment, Social Affairs and Inclusion (European Commission)},
 year = {2009}
}

@inproceedings{jang_gumbel_2017,
  title={{Categorical Reparameterization with Gumbel-Softmax}},
  author={Jang, Eric and Gu, Shixiang and Poole, Ben},
  booktitle={International Conference on Learning Representations},
  year={2017}
}

@article{makhlouf_fairness_2021,
  title={On the applicability of machine learning fairness notions},
  author={Makhlouf, Karima and Zhioua, Sami and Palamidessi, Catuscia},
  journal={ACM SIGKDD Explorations Newsletter},
  volume={23},
  number={1},
  pages={14-23},
  year={2021},
  publisher={ACM New York, NY, USA}
}

@book{barocas_fairml_2019,
  title = {Fairness and Machine Learning},
  author = {Solon Barocas and Moritz Hardt and Arvind Narayanan},
  publisher = {fairmlbook.org},
  year = {2019}
}

@inproceedings{binns_fairness_2018,
  title={Fairness in machine learning: {L}essons from political philosophy},
  author={Binns, Reuben},
  booktitle={{Proceedings of the Conference on Fairness, Accountability, and Transparency}},
  year={2018}
}

@inproceedings{binns_apparent_2020,
  title={On the apparent conflict between individual and group fairness},
  author={Binns, Reuben},
  booktitle={{Proceedings of the Conference on Fairness, Accountability, and Transparency}},
  year={2020}
}

@inproceedings{northcutt_pervasive_2021,
	title = {Pervasive label errors in test sets destabilize machine learning benchmarks},
	author = {Northcutt, Curtis G and Athalye, Anish and Mueller, Jonas},
	booktitle = {Advances in {Neural} {Information} {Processing} {Systems} {Track on Datasets and Benchmark}},
	year = {2021},
}

@article{kleinberg_inherent_2016,
  title={Inherent trade-offs in the fair determination of risk scores},
  author={Kleinberg, Jon and Mullainathan, Sendhil and Raghavan, Manish},
  journal={arXiv preprint: 1609.05807},
  year={2016}
}

@article{corbett_measure_2018,
  title={The measure and mismeasure of fairness: A critical review of fair machine learning},
  author={Corbett-Davies, Sam and Goel, Sharad},
  journal={arXiv preprint: 1808.00023},
  year={2018}
}

@article{friedler_possibility_2016,
  title={On the (im) possibility of fairness},
  author={Friedler, Sorelle A and Scheidegger, Carlos and Venkatasubramanian, Suresh},
  journal={arXiv preprint: 1609.07236},
  year={2016}
}

@inproceedings{mazijn_score_2021,
author = {Mazijn, Carmen and Danckaert, Jan and Ginis, Vincent},
title = {{How Do the Score Distributions of Subpopulations Influence Fairness Notions?}},
year = {2021},
booktitle = {Proceedings of the 2021 AAAI/ACM Conference on AI, Ethics, and Society},
}

@inproceedings{buolamwini_gender_2018,
  title={Gender shades: {I}ntersectional accuracy disparities in commercial gender classification},
  author={Buolamwini, Joy and Gebru, Timnit},
  booktitle={{Proceedings of the Conference on Fairness, Accountability, and Transparency}},
  year={2018},
}

@misc{eu_gdpr_2018,
  author={{European Commission}},
  title={{EU General Data Protection Regulation (GDPR)}},
  year={2018}
}

@article{obermeyer_racialbias_2019,
author = {Ziad Obermeyer  and Brian Powers  and Christine Vogeli  and Sendhil Mullainathan },
title = {Dissecting racial bias in an algorithm used to manage the health of populations},
journal = {Science},
volume = {366},
number = {6464},
pages = {447-453},
year = {2019}
}

@inproceedings{raghavan_hiring_2020,
author = {Raghavan, Manish and Barocas, Solon and Kleinberg, Jon and Levy, Karen},
title = {Mitigating Bias in Algorithmic Hiring: Evaluating Claims and Practices},
year = {2020},
booktitle = {{Proceedings of the Conference on Fairness, Accountability, and Transparency}}
}

@inproceedings{kong_intersectionally_2022,
  title={{Are “Intersectionally Fair” AI Algorithms Really Fair to Women of Color? A Philosophical Analysis}},
  author={Kong, Youjin},
  booktitle={{Proceedings of the Conference on Fairness, Accountability, and Transparency}},
  year={2022}
}

@inproceedings{chen_gender_2018,
author = {Chen, Le and Ma, Ruijun and Hann\'{a}k, Anik\'{o} and Wilson, Christo},
title = {Investigating the Impact of Gender on Rank in Resume Search Engines},
year = {2018},
booktitle = {Proceedings of the CHI Conference on Human Factors in Computing Systems}
}

@inproceedings{gulrajani_improvedwgan_2017,
 author = {Gulrajani, Ishaan and Ahmed, Faruk and Arjovsky, Martin and Dumoulin, Vincent and Courville, Aaron C},
 booktitle = {Advances in Neural Information Processing Systems},
 title = {{Improved Training of Wasserstein GANs}},
 year = {2017}
}

@article{chen_true_2020,
  title={{True to the Model or True to the Data?}},
  author={Chen, Hugh and Janizek, Joseph D and Lundberg, Scott and Lee, Su-In},
  journal={arXiv preprint: 2006.16234},
  year={2020}
}

@article{shwartz_deep_2022,
title = {{Tabular data: Deep learning is not all you need}},
journal = {Information Fusion},
volume = {81},
pages = {84-90},
year = {2022},
author = {Ravid Shwartz-Ziv and Amitai Armon}
}

@inproceedings{zhou_activation_2018,
title={Activation Maximization Generative Adversarial Nets},
author={Zhiming Zhou and Han Cai and Shu Rong and Yuxuan Song and Kan Ren and Weinan Zhang and Jun Wang and Yong Yu},
booktitle={Proceedings of the 35th International Conference on Learning Representations},
year={2018}
}

@inproceedings{odena_conditional_2017,
  title={{Conditional Image Synthesis with Auxiliary Classifier GANs}},
  author={Odena, Augustus and Olah, Christopher and Shlens, Jonathon},
  booktitle={Proceedings of the 34th International Conference on Machine Learning},
  year={2017}
}

@inproceedings{ding_ccgan_2022,
  title={{CcGAN: Continuous Conditional Generative Adversarial Networks for Image Generation}},
  author={Xin Ding and Yongwei Wang and Zuheng Xu and William J Welch and Z. Jane Wang},
  booktitle={International Conference on Learning Representations},
  year={2021}
}

@article{barocas_law_2016,
 author = {Solon Barocas and Andrew D. Selbst},
 journal = {California Law Review},
 number = {3},
 pages = {671-732},
 title = {{Big Data's Disparate Impact}},
 volume = {104},
 year = {2016}
}

@article{prince_proxy_2019,
  title={{Proxy Discrimination in the Age of Artificial Intelligence and Big Data}},
  author={Prince, Anya ER and Schwarcz, Daniel},
  journal={Iowa Law Review},
  volume={105},
  pages={1257-1318},
  year={2019}
}

@article{borisov_deep_2021,
  title={{Deep Neural Networks and Tabular Data: A Survey}},
  author={Borisov, Vadim and Leemann, Tobias and Se{\ss}ler, Kathrin and Haug, Johannes and Pawelczyk, Martin and Kasneci, Gjergji},
  journal={arXiv preprint: 2110.01889},
  year={2021}
}

@inproceedings{balagopalan_fairness_2022,
author = {Balagopalan, Aparna and Zhang, Haoran and Hamidieh, Kimia and Hartvigsen, Thomas and Rudzicz, Frank and Ghassemi, Marzyeh},
title = {{The Road to Explainability is Paved with Bias: Measuring the Fairness of Explanations}},
year = {2022},
booktitle = {{Proceedings of the Conference on Fairness, Accountability, and Transparency}}
}

@inproceedings{dombrowski_adverserial_2019,
 author = {Dombrowski, Ann-Kathrin and Alber, Maximillian and Anders, Christopher and Ackermann, Marcel and M\"{u}ller, Klaus-Robert and Kessel, Pan},
 booktitle = {Advances in Neural Information Processing Systems},
 title = {Explanations can be manipulated and geometry is to blame},
 year = {2019}
}

@article{goethals_2022_precof,
  title={{PreCoF: Counterfactual Explanations for Fairness}},
  author={Goethals, Sofie and Martens, David and Calders, Toon},
  year={2022},
  journal={Working paper}
}

@article{crenshaw_1991_intersection,
 author = {Kimberle Crenshaw},
 journal = {Stanford Law Review},
 number = {6},
 pages = {1241--1299},
 publisher = {Stanford Law Review},
 title = {{Mapping the Margins: Intersectionality, Identity Politics, and Violence against Women of Color}},
 volume = {43},
 year = {1991}
}

@InProceedings{kearns_2018_gerrymandering,
  title = 	 {{Preventing Fairness Gerrymandering: Auditing and Learning for Subgroup Fairness}},
  author =       {Kearns, Michael and Neel, Seth and Roth, Aaron and Wu, Zhiwei Steven},
  booktitle = 	 {Proceedings of the 35th International Conference on Machine Learning},
  year = 	 {2018},
}

@inproceedings{kusner_2017_counterfactual,
 author = {Kusner, Matt J and Loftus, Joshua and Russell, Chris and Silva, Ricardo},
 booktitle = {Advances in Neural Information Processing Systems},
 title = {Counterfactual Fairness},
 year = {2017}
}

@inproceedings{dwork_2012_fairness,
  title={Fairness through awareness},
  author={Dwork, Cynthia and Hardt, Moritz and Pitassi, Toniann and Reingold, Omer and Zemel, Richard},
  booktitle={Proceedings of the 3rd innovations in theoretical computer science conference},
  year={2012}
}

@inproceedings{angwin_2016_compas,
  title={{Machine Bias. There's software used across the country to predict future criminals. And it's biased against blacks}},
  author={Angwin, Julia and Kirchner, Lauren and Surya, Mattu and Larson, Jeff},
  booktitle={ProPublica},
  year={2016}
}

@inproceedings{lum_2022_debias,
author = {Lum, Kristian and Zhang, Yunfeng and Bower, Amanda},
title = {De-Biasing “Bias” Measurement},
year = {2022},
booktitle = {{Proceedings of the Conference on Fairness, Accountability, and Transparency}}
}

@article{vanlooveren_2021_conditional,
  title={Conditional generative models for counterfactual explanations},
  author={Van Looveren, Arnaud and Klaise, Janis and Vacanti, Giovanni and Cobb, Oliver},
  journal={arXiv preprint: 2101.10123},
  year={2021}
}

@article{degrave_2021_ai,
  title={{AI for radiographic COVID-19 detection selects shortcuts over signal}},
  author={DeGrave, Alex J and Janizek, Joseph D and Lee, Su-In},
  journal={Nature Machine Intelligence},
  volume={3},
  number={7},
  pages={610--619},
  year={2021}
}

@article{mertes_2022_ganterfactual,
  title={{GANterfactual—Counterfactual Explanations for Medical Non-experts Using Generative Adversarial Learning}},
  author={Mertes, Silvan and Huber, Tobias and Weitz, Katharina and Heimerl, Alexander and Andr{\'e}, Elisabeth},
  journal={Frontiers in artificial intelligence},
  volume={5},
  year={2022}
}


@InProceedings{nemirovsky_2022_countergan,
  title = 	 {{CounteRGAN: Generating counterfactuals for real-time recourse and interpretability using residual GANs}},
  author =       {Nemirovsky, Daniel and Thiebaut, Nicolas and Xu, Ye and Gupta, Abhishek},
  booktitle = 	 {{Proceedings of the Thirty-Eighth Conference on Uncertainty in Artificial Intelligence}},
  year = 	 {2022},
}

@article{freiesleben_2022_intriguing,
  title={The intriguing relation between counterfactual explanations and adversarial examples},
  author={Freiesleben, Timo},
  journal={Minds and Machines},
  volume={32},
  number={1},
  pages={77--109},
  year={2022}
}

@article{singla_2021_explaining,
  title={Explaining the black-box smoothly-a counterfactual approach},
  author={Singla, Sumedha and Pollack, Brian and Wallace, Stephen and Batmanghelich, Kayhan},
  journal={arXiv preprint: 2101.04230},
  year={2021}
}

@inproceedings{xu_2019_achieving,
  title={Achieving causal fairness through generative adversarial networks},
  author={Xu, Depeng and Wu, Yongkai and Yuan, Shuhan and Zhang, Lu and Wu, Xintao},
  booktitle={{Proceedings of the Twenty-Eighth International Joint Conference on Artificial Intelligence}},
  year={2019}
}

@article{grari_2022_adversarial,
  title={Adversarial learning for counterfactual fairness},
  author={Grari, Vincent and Lamprier, Sylvain and Detyniecki, Marcin},
  journal={{Machine Learning}},
  year={2022}
}

@inproceedings{wu_2019_counterfactual,
  title={{Counterfactual fairness: Unidentification, bound and algorithm}},
  author={Wu, Yongkai and Zhang, Lu and Wu, Xintao},
  booktitle={{Proceedings of the Twenty-Eighth International Joint Conference on Artificial Intelligence}},
  year={2019}
}

@article{wachter_2017_counterfactual,
  title={Counterfactual explanations without opening the black box: Automated decisions and the GDPR},
  author={Wachter, Sandra and Mittelstadt, Brent and Russell, Chris},
  journal={{Harv. JL \& Tech.}},
  volume={31},
  pages={841},
  year={2017}
}

@inproceedings{jeanneret2022diffusion,
  title={Diffusion models for counterfactual explanations},
  author={Jeanneret, Guillaume and Simon, Lo{\"\i}c and Jurie, Fr{\'e}d{\'e}ric},
  booktitle={Proceedings of the Asian Conference on Computer Vision},
  pages={858--876},
  year={2022}
}

@inproceedings{jeanneret2023adversarial,
  title={Adversarial counterfactual visual explanations},
  author={Jeanneret, Guillaume and Simon, Lo{\"\i}c and Jurie, Fr{\'e}d{\'e}ric},
  booktitle={Proceedings of the IEEE/CVF Conference on Computer Vision and Pattern Recognition},
  pages={16425--16435},
  year={2023}
}

@inproceedings{mothilal2020explaining,
  title={Explaining machine learning classifiers through diverse counterfactual explanations},
  author={Mothilal, Ramaravind K and Sharma, Amit and Tan, Chenhao},
  booktitle={Proceedings of the 2020 conference on fairness, accountability, and transparency},
  pages={607--617},
  year={2020}
}

@inproceedings{van2021interpretable,
  title={Interpretable counterfactual explanations guided by prototypes},
  author={Van Looveren, Arnaud and Klaise, Janis},
  booktitle={Joint European Conference on Machine Learning and Knowledge Discovery in Databases},
  pages={650--665},
  year={2021},
  organization={Springer}
}

@article{yang2022mace,
  title={MACE: an efficient model-agnostic framework for counterfactual explanation},
  author={Yang, Wenzhuo and Li, Jia and Xiong, Caiming and Hoi, Steven CH},
  journal={arXiv preprint arXiv:2205.15540},
  year={2022}
}

@inproceedings{ustun2019actionable,
  title={Actionable recourse in linear classification},
  author={Ustun, Berk and Spangher, Alexander and Liu, Yang},
  booktitle={Proceedings of the conference on fairness, accountability, and transparency},
  pages={10--19},
  year={2019}
}

@inproceedings{poyiadzi2020face,
  title={FACE: feasible and actionable counterfactual explanations},
  author={Poyiadzi, Rafael and Sokol, Kacper and Santos-Rodriguez, Raul and De Bie, Tijl and Flach, Peter},
  booktitle={Proceedings of the AAAI/ACM Conference on AI, Ethics, and Society},
  pages={344--350},
  year={2020}
}

@inproceedings{karimi2020model,
  title={Model-agnostic counterfactual explanations for consequential decisions},
  author={Karimi, Amir-Hossein and Barthe, Gilles and Balle, Borja and Valera, Isabel},
  booktitle={International conference on artificial intelligence and statistics},
  pages={895--905},
  year={2020},
  organization={PMLR}
}

@article{joshi2019towards,
  title={Towards realistic individual recourse and actionable explanations in black-box decision making systems},
  author={Joshi, Shalmali and Koyejo, Oluwasanmi and Vijitbenjaronk, Warut and Kim, Been and Ghosh, Joydeep},
  journal={arXiv preprint arXiv:1907.09615},
  year={2019}
}

@inproceedings{pawelczyk2020learning,
  title={Learning model-agnostic counterfactual explanations for tabular data},
  author={Pawelczyk, Martin and Broelemann, Klaus and Kasneci, Gjergji},
  booktitle={Proceedings of The Web Conference 2020},
  pages={3126--3132},
  year={2020}
}

@inproceedings{algaba2023lucid,
  title={LUCID--GAN: Conditional Generative Models to Locate Unfairness},
  author={Algaba, Andres and Mazijn, Carmen and Prunkl, Carina and Danckaert, Jan and Ginis, Vincent},
  booktitle={World Conference on Explainable Artificial Intelligence},
  pages={346--367},
  year={2023},
  organization={Springer}
}

@article{goethals2024precof,
  title={Precof: counterfactual explanations for fairness},
  author={Goethals, Sofie and Martens, David and Calders, Toon},
  journal={Machine Learning},
  volume={113},
  number={5},
  pages={3111--3142},
  year={2024},
  publisher={Springer}
}

@article{adler2018banach,
  title={Banach wasserstein gan},
  author={Adler, Jonas and Lunz, Sebastian},
  journal={Advances in neural information processing systems},
  volume={31},
  year={2018}
}

@article{gulrajani2017improved,
  title={Improved training of wasserstein gans},
  author={Gulrajani, Ishaan and Ahmed, Faruk and Arjovsky, Martin and Dumoulin, Vincent and Courville, Aaron C},
  journal={Advances in neural information processing systems},
  volume={30},
  year={2017}
}

@article{prosperi2020causal,
  title={Causal inference and counterfactual prediction in machine learning for actionable healthcare},
  author={Prosperi, Mattia and Guo, Yi and Sperrin, Matt and Koopman, James S and Min, Jae S and He, Xing and Rich, Shannan and Wang, Mo and Buchan, Iain E and Bian, Jiang},
  journal={Nature Machine Intelligence},
  volume={2},
  number={7},
  pages={369--375},
  year={2020},
  publisher={Nature Publishing Group UK London}
}

@inproceedings{karimi2021algorithmic,
  title={Algorithmic recourse: from counterfactual explanations to interventions},
  author={Karimi, Amir-Hossein and Sch{\"o}lkopf, Bernhard and Valera, Isabel},
  booktitle={Proceedings of the 2021 ACM conference on fairness, accountability, and transparency},
  pages={353--362},
  year={2021}
}

@article{lupague2023integrated,
  title={Integrated Machine Learning Model for Comprehensive Heart Disease Risk Assessment Based on Multi-Dimensional Health Factors},
  author={Lupague, Ryan Marcus Jeremy M and Mabborang,  Romie C and Bansil, Alvin G and Lupague, Melinda M and others},
  journal={European Journal of Computer Science and Information Technology},
  volume={11},
  number={3},
  pages={44--58},
  year={2023},
  publisher={EA Journals}
}

@article{cdc2015brfss,
  title={Behavioral Risk Factor Surveillance System (BRFSS) 2015 Dataset},
  author={Centers for Disease Control and Prevention (CDC)},
  journal={U.S. Department of Health and Human Services, Centers for Disease Control and Prevention},
  year={2015},
  note={Retrieved from \url{https://www.cdc.gov/brfss/}},
}

@incollection{salimi2023towards,
  title={Towards Feasible Counterfactual Explanations: A Taxonomy Guided Template-Based NLG Method},
  author={Salimi, Pedram and Wiratunga, Nirmalie and Corsar, David and Wijekoon, Anjana},
  booktitle={ECAI 2023},
  pages={2057--2064},
  year={2023},
  publisher={IOS Press}
}

@article{barzekar2023achievable,
  title={Achievable Minimally-Contrastive Counterfactual Explanations},
  author={Barzekar, Hosein and McRoy, Susan},
  journal={Machine Learning and Knowledge Extraction},
  volume={5},
  number={3},
  pages={922--936},
  year={2023},
  publisher={MDPI}
}

@article{rasouli2024care,
  title={CARE: Coherent actionable recourse based on sound counterfactual explanations},
  author={Rasouli, Peyman and Chieh Yu, Ingrid},
  journal={International Journal of Data Science and Analytics},
  volume={17},
  number={1},
  pages={13--38},
  year={2024},
  publisher={Springer}
}
