@inproceedings{arjovsky_towards_2017,
  title={{Towards Principled Methods for Training Generative Adversarial Networks}},
  author={Arjovsky, Martin and Bottou, L{\'e}on},
  booktitle={International Conference on Learning Representations},
  year={2017}
}

@InProceedings{arjovsky_wasserstein_2017,
  title = 	 {{W}asserstein Generative Adversarial Networks},
  author =       {Martin Arjovsky and Soumith Chintala and L{\'e}on Bottou},
  booktitle = 	 {Proceedings of the 34th International Conference on Machine Learning},
  year = 	 {2017}
}

@article{barzekar2023achievable,
  title={Achievable Minimally-Contrastive Counterfactual Explanations},
  author={Barzekar, Hosein and McRoy, Susan},
  journal={Machine Learning and Knowledge Extraction},
  volume={5},
  number={3},
  pages={922--936},
  year={2023},
  publisher={MDPI}
}

@article{engelmann_conditional_2021,
	title = {Conditional {Wasserstein} {GAN}-based oversampling of tabular data for imbalanced learning},
	volume = {174},
	journal = {Expert Systems with Applications},
	author = {Engelmann, Justin and Lessmann, Stefan},
	year = {2021},
	pages = {114582},
}

@inproceedings{gulrajani_improvedwgan_2017,
 author = {Gulrajani, Ishaan and Ahmed, Faruk and Arjovsky, Martin and Dumoulin, Vincent and Courville, Aaron C},
 booktitle = {Advances in Neural Information Processing Systems},
 title = {{Improved Training of Wasserstein GANs}},
 year = {2017}
}

@article{joshi2019towards,
  title={Towards realistic individual recourse and actionable explanations in black-box decision making systems},
  author={Joshi, Shalmali and Koyejo, Oluwasanmi and Vijitbenjaronk, Warut and Kim, Been and Ghosh, Joydeep},
  journal={arXiv preprint arXiv:1907.09615},
  year={2019}
}

@inproceedings{karimi2020model,
  title={Model-agnostic counterfactual explanations for consequential decisions},
  author={Karimi, Amir-Hossein and Barthe, Gilles and Balle, Borja and Valera, Isabel},
  booktitle={International conference on artificial intelligence and statistics},
  pages={895--905},
  year={2020},
  organization={PMLR}
}

@inproceedings{mothilal2020explaining,
  title={Explaining machine learning classifiers through diverse counterfactual explanations},
  author={Mothilal, Ramaravind K and Sharma, Amit and Tan, Chenhao},
  booktitle={Proceedings of the 2020 conference on fairness, accountability, and transparency},
  pages={607--617},
  year={2020}
}

@InProceedings{nemirovsky_2022_countergan,
  title = 	 {{CounteRGAN: Generating counterfactuals for real-time recourse and interpretability using residual GANs}},
  author =       {Nemirovsky, Daniel and Thiebaut, Nicolas and Xu, Ye and Gupta, Abhishek},
  booktitle = 	 {{Proceedings of the Thirty-Eighth Conference on Uncertainty in Artificial Intelligence}},
  year = 	 {2022},
}

@inproceedings{poyiadzi2020face,
  title={FACE: feasible and actionable counterfactual explanations},
  author={Poyiadzi, Rafael and Sokol, Kacper and Santos-Rodriguez, Raul and De Bie, Tijl and Flach, Peter},
  booktitle={Proceedings of the AAAI/ACM Conference on AI, Ethics, and Society},
  pages={344--350},
  year={2020}
}

@article{rasouli2024care,
  title={CARE: Coherent actionable recourse based on sound counterfactual explanations},
  author={Rasouli, Peyman and Chieh Yu, Ingrid},
  journal={International Journal of Data Science and Analytics},
  volume={17},
  number={1},
  pages={13--38},
  year={2024},
  publisher={Springer}
}

@incollection{salimi2023towards,
  title={Towards Feasible Counterfactual Explanations: A Taxonomy Guided Template-Based NLG Method},
  author={Salimi, Pedram and Wiratunga, Nirmalie and Corsar, David and Wijekoon, Anjana},
  booktitle={ECAI 2023},
  pages={2057--2064},
  year={2023},
  publisher={IOS Press}
}

@article{singla_2021_explaining,
  title={Explaining the black-box smoothly-a counterfactual approach},
  author={Singla, Sumedha and Pollack, Brian and Wallace, Stephen and Batmanghelich, Kayhan},
  journal={arXiv preprint: 2101.04230},
  year={2021}
}

@article{srivastava2017veegan,
  title={Veegan: Reducing mode collapse in gans using implicit variational learning},
  author={Srivastava, Akash and Valkov, Lazar and Russell, Chris and Gutmann, Michael U and Sutton, Charles},
  journal={Advances in neural information processing systems},
  volume={30},
  year={2017}
}

@inproceedings{ustun2019actionable,
  title={Actionable recourse in linear classification},
  author={Ustun, Berk and Spangher, Alexander and Liu, Yang},
  booktitle={Proceedings of the conference on fairness, accountability, and transparency},
  pages={10--19},
  year={2019}
}

@inproceedings{van2021interpretable,
  title={Interpretable counterfactual explanations guided by prototypes},
  author={Van Looveren, Arnaud and Klaise, Janis},
  booktitle={Joint European Conference on Machine Learning and Knowledge Discovery in Databases},
  pages={650--665},
  year={2021},
  organization={Springer}
}

@article{vanlooveren_2021_conditional,
  title={Conditional generative models for counterfactual explanations},
  author={Van Looveren, Arnaud and Klaise, Janis and Vacanti, Giovanni and Cobb, Oliver},
  journal={arXiv preprint: 2101.10123},
  year={2021}
}

@inproceedings{xu_modeling_2019,
	title = {Modeling {Tabular} data using {Conditional} {GAN}},
	author = {Xu, Lei and Skoularidou, Maria and Cuesta-Infante, Alfredo and Veeramachaneni, Kalyan},
	booktitle = {Advances in {Neural} {Information} {Processing} {Systems}},
	year = {2019},
}

@article{yang2022mace,
  title={MACE: an efficient model-agnostic framework for counterfactual explanation},
  author={Yang, Wenzhuo and Li, Jia and Xiong, Caiming and Hoi, Steven CH},
  journal={arXiv preprint arXiv:2205.15540},
  year={2022}
}

@inproceedings{zhao_ctab-gan_2021,
	title = {{CTAB}-{GAN}: {Effective} {Table} {Data} {Synthesizing}},
	booktitle = {Proceedings of {The} 13th {Asian} {Conference} on {Machine} {Learning}},
	author = {Zhao, Zilong and Kunar, Aditya and Birke, Robert and Chen, Lydia Y.},
	year = {2021},
}

