@article{DBLP:journals/corr/abs-0906-4044,
  author       = {Don Conry and
                  Yehuda Koren and
                  Naren Ramakrishnan},
  title        = {Recommender Systems for the Conference Paper Assignment Problem},
  journal      = {CoRR},
  volume       = {abs/0906.4044},
  year         = {2009},
  url          = {http://arxiv.org/abs/0906.4044},
  eprinttype    = {arXiv},
  eprint       = {0906.4044},
  timestamp    = {Mon, 13 Aug 2018 16:47:14 +0200},
  biburl       = {https://dblp.org/rec/journals/corr/abs-0906-4044.bib},
  bibsource    = {dblp computer science bibliography, https://dblp.org}
}

@inproceedings{Mimno2007ExpertiseMF,
  title={Expertise modeling for matching papers with reviewers},
  author={David Mimno and Andrew McCallum},
  booktitle={Knowledge Discovery and Data Mining},
}

@article{Nguyen2018ADS,
  title={A decision support tool using Order Weighted Averaging for conference review assignment},
  author={Jennifer Nguyen and Germ{\'a}n S{\'a}nchez and N{\'u}ria Agell and Xari Rovira and Cecilio Angulo},
  journal={Pattern Recognit. Lett.},
  year={2018},
  volume={105},
  pages={114-120},
  url={https://api.semanticscholar.org/CorpusID:13678527}
}

@inproceedings{Susan1992automatedrap,
author = {Dumais, Susan T. and Nielsen, Jakob},
title = {Automating the assignment of submitted manuscripts to reviewers},
year = {1992},
publisher = {ACM},
address = {New York, NY, USA},
url = {https://doi.org/10.1145/133160.133205},
doi = {10.1145/133160.133205},
booktitle = {Proceedings of the 15th Annual International ACM SIGIR Conference on Research and Development in Information Retrieval},
pages = {233–244},
numpages = {12},
location = {Copenhagen, Denmark},
series = {SIGIR '92}
}

@inproceedings{Xu2020Strategyproof,
author = {Xu, Yichong and Zhao, Han and Shi, Xiaofei and Shah, Nihar B.},
title = {On strategyproof conference peer review},
year = {2019},
isbn = {9780999241141},
publisher = {AAAI Press},
booktitle = {Proceedings of the 28th International Joint Conference on Artificial Intelligence},
pages = {616–622},
numpages = {7},
location = {Macao, China},
series = {IJCAI'19}
}

@article{Zhang2020multilabel,
author = {Zhang, Dong and Zhao, Shu and Duan, Zhen and Chen, Jie and Zhang, Yanping and Tang, Jie},
title = {A Multi-Label Classification Method Using a Hierarchical and Transparent Representation for Paper-Reviewer Recommendation},
year = {2020},
publisher = {ACM},
journal = {TOIS},
}

@article{Zhao2018paperreviewerrecommnedation,
author = {Zhao, Shu and Zhang, Dong and Duan, Zhen and Chen, Jie and Zhang, Yan-ping and Tang, Jie},
title = {A novel classification method for paper-reviewer recommendation},
year = {2018}
}

@article{devlin2018bert,
  title={Bert: Pre-training of deep bidirectional transformers for language understanding},
  author={Devlin, Jacob and Chang, Ming-Wei and Lee, Kenton and Toutanova, Kristina},
  journal={arXiv preprint arXiv:1810.04805},
  year={2018}
}

@inproceedings{karimzadehgan2008multi,
  title={Multi-aspect expertise matching for review assignment},
  author={Karimzadehgan, Maryam and Zhai, ChengXiang and Belford, Geneva},
  booktitle={Proceedings of the 17th ACM conference on Information and knowledge management},
  pages={1113--1122},
  year={2008}
}

@inproceedings{karimzadehgan2009constrained,
  title={Constrained multi-aspect expertise matching for committee review assignment},
  author={Karimzadehgan, Maryam and Zhai, ChengXiang},
  booktitle={Proceedings of the 18th ACM conference on Information and knowledge management},
  pages={1697--1700},
  year={2009}
}

@article{kou2015topicbased,
author = {Kou, Ngai Meng and U, Leong Hou and Mamoulis, Nikos and Li, Yuhong and Li, Ye and Gong, Zhiguo},
title = {A topic-based reviewer assignment system},
year = {2015},
issue_date = {August 2015},
publisher = {VLDB Endowment},
volume = {8},
number = {12},
issn = {2150-8097},
url = {https://doi.org/10.14778/2824032.2824084},
doi = {10.14778/2824032.2824084},
journal = {Proc. VLDB Endow.},
month = {aug},
pages = {1852–1855},
numpages = {4}
}

@inproceedings{kou2015weighted,
author = {Kou, Ngai Meng and U., Leong Hou and Mamoulis, Nikos and Gong, Zhiguo},
title = {Weighted Coverage based Reviewer Assignment},
year = {2015},
isbn = {9781450327589},
publisher = {Association for Computing Machinery},
address = {New York, NY, USA},
url = {https://doi.org/10.1145/2723372.2723727},
doi = {10.1145/2723372.2723727},
booktitle = {Proceedings of the 2015 ACM SIGMOD International Conference on Management of Data},
pages = {2031–2046},
numpages = {16},
keywords = {stage deepening greedy, paper reviewer assignment, group coverage},
location = {Melbourne, Victoria, Australia},
series = {SIGMOD '15}
}

@article{mikolov2013efficient,
  title={Efficient estimation of word representations in vector space},
  author={Mikolov, Tomas and Chen, Kai and Corrado, Greg and Dean, Jeffrey},
  journal={arXiv preprint arXiv:1301.3781},
  year={2013}
}

@article{mirzaei2019multiaspect,
author = {Mirzaei, Maryam and Sander, J\"{o}rg and Stroulia, Eleni},
title = {Multi-Aspect Review-Team Assignment using Latent Research Areas},
year = {2019},
issue_date = {May 2019},
publisher = {Pergamon Press, Inc.},
address = {USA},
volume = {56},
number = {3},
issn = {0306-4573},
url = {https://doi.org/10.1016/j.ipm.2019.01.007},
doi = {10.1016/j.ipm.2019.01.007},
journal = {Inf. Process. Manage.},
month = {may},
pages = {858–878},
numpages = {21},
keywords = {Reviewer assignment, Expertise retrieval, Clustering, Topic models, Information retrieval}
}

@inproceedings{ogunleye2017proposed,
  title={Proposed framework for a paper-reviewer assignment system using word2vec},
  author={Ogunleye, O and Ifebanjo, T and Abiodun, T and Adebiyi, AA},
  booktitle={CUCEN},
}

@inproceedings{tang2010expmatching,
  author={Tang, Wenbin and Tang, Jie and Tan, Chenhao},
  booktitle={2010 IEEE/WIC/ACM International Conference on Web Intelligence and Intelligent Agent Technology}, 
  title={Expertise Matching via Constraint-Based Optimization}, 
  year={2010},
  volume={1},
  number={},
  pages={34-41},
  keywords={Expertise matching;Constrained optimization;Paper-reviewer assignment},
  doi={10.1109/WI-IAT.2010.133}
}

