@article{cohan2020specter,
  title={Specter: Document-level representation learning using citation-informed transformers},
  author={Cohan, Arman and Feldman, Sergey and Beltagy, Iz and Downey, Doug and Weld, Daniel S},
  journal={arXiv preprint arXiv:2004.07180},
  year={2020}
}

@inproceedings{karimzadehgan2008multi,
  title={Multi-aspect expertise matching for review assignment},
  author={Karimzadehgan, Maryam and Zhai, ChengXiang and Belford, Geneva},
  booktitle={Proceedings of the 17th ACM conference on Information and knowledge management},
  pages={1113--1122},
  year={2008}
}
@article{douze2024faiss,
      title={The Faiss library},
      author={Matthijs Douze and Alexandr Guzhva and Chengqi Deng and Jeff Johnson and Gergely Szilvasy and Pierre-Emmanuel Mazaré and Maria Lomeli and Lucas Hosseini and Hervé Jégou},
      year={2024},
      eprint={2401.08281},
      archivePrefix={arXiv},
      primaryClass={cs.LG}
}
@article{wang2020minilm,
  title={Minilm: Deep self-attention distillation for task-agnostic compression of pre-trained transformers},
  author={Wang, Wenhui and Wei, Furu and Dong, Li and Bao, Hangbo and Yang, Nan and Zhou, Ming},
  journal={Advances in Neural Information Processing Systems},
  volume={33},
  pages={5776--5788},
  year={2020}
}

@inproceedings{karimzadehgan2009constrained,
  title={Constrained multi-aspect expertise matching for committee review assignment},
  author={Karimzadehgan, Maryam and Zhai, ChengXiang},
  booktitle={Proceedings of the 18th ACM conference on Information and knowledge management},
  pages={1697--1700},
  year={2009}
}

@incollection{alaofi2024generative,
  title={Generative information retrieval evaluation},
  author={Alaofi, Marwah and Arabzadeh, Negar and Clarke, Charles LA and Sanderson, Mark},
  booktitle={Information Access in the Era of Generative AI},
  pages={135--159},
  year={2024},
  publisher={Springer}
}

@inproceedings{arabzadeh-clarke-2024-frechet,
    title = "Fr{\'e}chet Distance for Offline Evaluation of Information Retrieval Systems with Sparse Labels",
    author = "Arabzadeh, Negar  and
      Clarke, Charles",
    editor = "Graham, Yvette  and
      Purver, Matthew",
    booktitle = "Proceedings of the 18th Conference of the European Chapter of the Association for Computational Linguistics (Volume 1: Long Papers)",
    month = mar,
    year = "2024",
    address = "St. Julian{'}s, Malta",
    publisher = "Association for Computational Linguistics",
    url = "https://aclanthology.org/2024.eacl-long.26/",
    pages = "420--431",
    abstract = "The rapid advancement of natural language processing, information retrieval (IR), computer vision, and other technologies has presented significant challenges in evaluating the performance of these systems. One of the main challenges is the scarcity of human-labeled data, which hinders the fair and accurate assessment of these systems. In this work, we specifically focus on evaluating IR systems with sparse labels, borrowing from recent research on evaluating computer vision tasks.taking inspiration from the success of using Fr{\'e}chet Inception Distance (FID) in assessing text-to-image generation systems. We propose leveraging the Fr{\'e}chet Distance to measure the distance between the distributions of relevant judged items and retrieved results. Our experimental results on MS MARCO V1 dataset and TREC Deep Learning Tracks query sets demonstrate the effectiveness of the Fr{\'e}chet Distance as a metric for evaluating IR systems, particularly in settings where a few labels are available.This approach contributes to the advancement of evaluation methodologies in real-world scenarios such as the assessment of generative IR systems."
}

@inproceedings{arabzadeh2023adele,
  title={A is for adele: An offline evaluation metric for instant search},
  author={Arabzadeh, Negar and Kmet, Oleksandra and Carterette, Ben and Clarke, Charles LA and Hauff, Claudia and Chandar, Praveen},
  booktitle={Proceedings of the 2023 ACM SIGIR international conference on theory of information retrieval},
  pages={3--12},
  year={2023}
}

@inproceedings{bigdeli2024evaluating,
  title={Evaluating Relative Retrieval Effectiveness with Normalized Residual Gain},
  author={Bigdeli, Amin and Arabzadeh, Negar and Bagheri, Ebrahim and Clarke, Charles LA},
  booktitle={Proceedings of the 2024 Annual International ACM SIGIR Conference on Research and Development in Information Retrieval in the Asia Pacific Region},
  pages={64--71},
  year={2024}
}

@inproceedings{arabzadeh2023quantifying,
  title={Quantifying ranker coverage of different query subspaces},
  author={Arabzadeh, Negar and Bigdeli, Amin and Hamidi Rad, Radin and Bagheri, Ebrahim},
  booktitle={Proceedings of the 46th International ACM SIGIR Conference on Research and Development in Information Retrieval},
  pages={2298--2302},
  year={2023}
}

@misc{peng2017time,
  title={Time-aware and topic-based reviewer assignment book chapter@ DASFAA 2017 International Workshops: BDMS},
  author={Peng, Hongwei and Hu, Haojie and Wang, Keqiang and Wang, Xiaoling},
  year={2017},
  publisher={Springer International Publishing}
}
@inproceedings{arabzadeh2024reviewerly,
  title={Reviewerly: Modeling the Reviewer Assignment Task as an Information Retrieval Problem},
  author={Arabzadeh, Negar and Ebrahimi, Sajad and Salamat, Sara and Bashari, Mahdi and Bagheri, Ebrahim},
  booktitle={Proceedings of the 33rd ACM International Conference on Information and Knowledge Management},
  pages={5554--5555},
  year={2024}
}

@article{DBLP:journals/corr/abs-0906-4044,
  author       = {Don Conry and
                  Yehuda Koren and
                  Naren Ramakrishnan},
  title        = {Recommender Systems for the Conference Paper Assignment Problem},
  journal      = {CoRR},
  volume       = {abs/0906.4044},
  year         = {2009},
  url          = {http://arxiv.org/abs/0906.4044},
  eprinttype    = {arXiv},
  eprint       = {0906.4044},
  timestamp    = {Mon, 13 Aug 2018 16:47:14 +0200},
  biburl       = {https://dblp.org/rec/journals/corr/abs-0906-4044.bib},
  bibsource    = {dblp computer science bibliography, https://dblp.org}
}

@inproceedings{tang2010expmatching,
  author={Tang, Wenbin and Tang, Jie and Tan, Chenhao},
  booktitle={2010 IEEE/WIC/ACM International Conference on Web Intelligence and Intelligent Agent Technology}, 
  title={Expertise Matching via Constraint-Based Optimization}, 
  year={2010},
  volume={1},
  number={},
  pages={34-41},
  keywords={Expertise matching;Constrained optimization;Paper-reviewer assignment},
  doi={10.1109/WI-IAT.2010.133}
}

@inproceedings{kou2015weighted,
author = {Kou, Ngai Meng and U., Leong Hou and Mamoulis, Nikos and Gong, Zhiguo},
title = {Weighted Coverage based Reviewer Assignment},
year = {2015},
isbn = {9781450327589},
publisher = {Association for Computing Machinery},
address = {New York, NY, USA},
url = {https://doi.org/10.1145/2723372.2723727},
doi = {10.1145/2723372.2723727},
booktitle = {Proceedings of the 2015 ACM SIGMOD International Conference on Management of Data},
pages = {2031–2046},
numpages = {16},
keywords = {stage deepening greedy, paper reviewer assignment, group coverage},
location = {Melbourne, Victoria, Australia},
series = {SIGMOD '15}
}

@article{kou2015topicbased,
author = {Kou, Ngai Meng and U, Leong Hou and Mamoulis, Nikos and Li, Yuhong and Li, Ye and Gong, Zhiguo},
title = {A topic-based reviewer assignment system},
year = {2015},
issue_date = {August 2015},
publisher = {VLDB Endowment},
volume = {8},
number = {12},
issn = {2150-8097},
url = {https://doi.org/10.14778/2824032.2824084},
doi = {10.14778/2824032.2824084},
journal = {Proc. VLDB Endow.},
month = {aug},
pages = {1852–1855},
numpages = {4}
}

@inproceedings{Xu2020Strategyproof,
author = {Xu, Yichong and Zhao, Han and Shi, Xiaofei and Shah, Nihar B.},
title = {On strategyproof conference peer review},
year = {2019},
isbn = {9780999241141},
publisher = {AAAI Press},
booktitle = {Proceedings of the 28th International Joint Conference on Artificial Intelligence},
pages = {616–622},
numpages = {7},
location = {Macao, China},
series = {IJCAI'19}
}

@article{mirzaei2019multiaspect,
author = {Mirzaei, Maryam and Sander, J\"{o}rg and Stroulia, Eleni},
title = {Multi-Aspect Review-Team Assignment using Latent Research Areas},
year = {2019},
issue_date = {May 2019},
publisher = {Pergamon Press, Inc.},
address = {USA},
volume = {56},
number = {3},
issn = {0306-4573},
url = {https://doi.org/10.1016/j.ipm.2019.01.007},
doi = {10.1016/j.ipm.2019.01.007},
journal = {Inf. Process. Manage.},
month = {may},
pages = {858–878},
numpages = {21},
keywords = {Reviewer assignment, Expertise retrieval, Clustering, Topic models, Information retrieval}
}

@article{Nguyen2018ADS,
  title={A decision support tool using Order Weighted Averaging for conference review assignment},
  author={Jennifer Nguyen and Germ{\'a}n S{\'a}nchez and N{\'u}ria Agell and Xari Rovira and Cecilio Angulo},
  journal={Pattern Recognit. Lett.},
  year={2018},
  volume={105},
  pages={114-120},
  url={https://api.semanticscholar.org/CorpusID:13678527}
}


@inproceedings{le2014distributed,
  title={Distributed representations of sentences and documents},
  author={Le, Quoc and Mikolov, Tomas},
  booktitle={International conference on machine learning},
  pages={1188--1196},
  year={2014},
  organization={PMLR}
}


@inproceedings{kusner2015word,
  title={From word embeddings to document distances},
  author={Kusner, Matt and Sun, Yu and Kolkin, Nicholas and Weinberger, Kilian},
  booktitle={International conference on machine learning},
  pages={957--966},
  year={2015},
  organization={PMLR}
}

@inproceedings{song1999general,
  title={A general language model for information retrieval},
  author={Song, Fei and Croft, W Bruce},
  booktitle={Proceedings of the eighth international conference on Information and knowledge management},
  pages={316--321},
  year={1999}
}

@article{robertson1995okapi,
  title={Okapi at TREC-3},
  author={Robertson, Stephen E and Walker, Steve and Jones, Susan and Hancock-Beaulieu, Micheline M and Gatford, Mike and others},
  journal={Nist Special Publication Sp},
  volume={109},
  pages={109},
  year={1995},
  publisher={National Instiute of Standards \& Technology}
}



@article{arabzadeh2022shallow,
  title={Shallow pooling for sparse labels},
  author={Arabzadeh, Negar and Vtyurina, Alexandra and Yan, Xinyi and Clarke, Charles LA},
  journal={Information Retrieval Journal},
  volume={25},
  number={4},
  pages={365--385},
  year={2022},
  publisher={Springer}
}

@inproceedings{buckley2004retrieval,
  title={Retrieval evaluation with incomplete information},
  author={Buckley, Chris and Voorhees, Ellen M},
  booktitle={Proceedings of the 27th annual international ACM SIGIR conference on Research and development in information retrieval},
  pages={25--32},
  year={2004}
}

@article{sakai2008information,
  title={On information retrieval metrics designed for evaluation with incomplete relevance assessments},
  author={Sakai, Tetsuya and Kando, Noriko},
  journal={Information Retrieval},
  volume={11},
  pages={447--470},
  year={2008},
  publisher={Springer}
}

@inproceedings{buttcher2007reliable,
  title={Reliable information retrieval evaluation with incomplete and biased judgements},
  author={B{\"u}ttcher, Stefan and Clarke, Charles LA and Yeung, Peter CK and Soboroff, Ian},
  booktitle={Proceedings of the 30th annual international ACM SIGIR conference on Research and development in information retrieval},
  pages={63--70},
  year={2007}
}

@article{Patil2021farpp,
author = {Patil, Parikshit},
year = {2021},
month = {04},
pages = {7-15},
title = {Fair and Accurate Review in Publication Process: A learning-based Proactive Approach for Assigning Reviewers to Manuscripts},
volume = {12},
journal = {Turkish Journal of Computer and Mathematics Education (TURCOMAT)},
}

@article{Zhang2020multilabel,
author = {Zhang, Dong and Zhao, Shu and Duan, Zhen and Chen, Jie and Zhang, Yanping and Tang, Jie},
title = {A Multi-Label Classification Method Using a Hierarchical and Transparent Representation for Paper-Reviewer Recommendation},
year = {2020},
publisher = {ACM},
journal = {TOIS},
}

@article{Zhao2018paperreviewerrecommnedation,
author = {Zhao, Shu and Zhang, Dong and Duan, Zhen and Chen, Jie and Zhang, Yan-ping and Tang, Jie},
title = {A novel classification method for paper-reviewer recommendation},
year = {2018}
}

@inproceedings{ogunleye2017proposed,
  title={Proposed framework for a paper-reviewer assignment system using word2vec},
  author={Ogunleye, O and Ifebanjo, T and Abiodun, T and Adebiyi, AA},
  booktitle={CUCEN},
}


@inproceedings{Mimno2007ExpertiseMF,
  title={Expertise modeling for matching papers with reviewers},
  author={David Mimno and Andrew McCallum},
  booktitle={Knowledge Discovery and Data Mining},
}



@inproceedings{Susan1992automatedrap,
author = {Dumais, Susan T. and Nielsen, Jakob},
title = {Automating the assignment of submitted manuscripts to reviewers},
year = {1992},
publisher = {ACM},
address = {New York, NY, USA},
url = {https://doi.org/10.1145/133160.133205},
doi = {10.1145/133160.133205},
booktitle = {Proceedings of the 15th Annual International ACM SIGIR Conference on Research and Development in Information Retrieval},
pages = {233–244},
numpages = {12},
location = {Copenhagen, Denmark},
series = {SIGIR '92}
}

@article{wang2023query2doc,
  title={Query2doc: Query Expansion with Large Language Models},
  author={Wang, Liang and Yang, Nan and Wei, Furu},
  journal={arXiv preprint arXiv:2303.07678},
  year={2023}
}

@article{pradeep2023rankvicuna,
  title={RankVicuna: Zero-Shot Listwise Document Reranking with Open-Source Large Language Models},
  author={Pradeep, Ronak and Sharifymoghaddam, Sahel and Lin, Jimmy},
  journal={arXiv preprint arXiv:2309.15088},
  year={2023}
}

@article{faggioli2022smare,
  title={sMARE: A New Paradigm to Evaluate and Understand Query Performance Prediction Methods},
  author={Faggioli, Guglielmo and Zendel, Oleg and Culpepper, J Shane and Ferro, Nicola and Scholer, Falk},
  journal={Information Retrieval Journal},
}

@article{gao2022neural,
  title={Neural Approaches to Conversational Information Retrieval},
  author={Gao, Jianfeng and Xiong, Chenyan and Bennett, Paul and Craswell, Nick},
  journal={arXiv preprint arXiv:2201.05176},
}

	
@article{zamani2022conversational,
  title={Conversational Information Seeking},
  author={Zamani, Hamed and Trippas, Johanne R and Dalton, Jeff and Radlinski, Filip},
  journal={arXiv preprint arXiv:2201.08808},
}

@inproceedings{devlin2019bert,
	author = {Devlin, Jacob and Chang, Ming-Wei and Lee, Kenton and Toutanova, Kristina},
	booktitle = {NAACL},
	title = {BERT: Pre-training of Deep Bidirectional Transformers for Language Understanding},
	year = {2019}}

@article{touvron2023llama2,
  title={Llama 2: Open Foundation and Fine-Tuned Chat Models},
  author={Touvron, Hugo and Martin, Louis and Stone, Kevin and Albert, Peter and Almahairi, Amjad and Babaei, Yasmine and Bashlykov, Nikolay and Batra, Soumya and Bhargava, Prajjwal and Bhosale, Shruti and others},
  journal={arXiv preprint arXiv:2307.09288},
}

@inproceedings{culpepper2016dynamic,
  title={Dynamic cutoff prediction in multi-stage retrieval systems},
  author={Culpepper, J Shane and Clarke, Charles LA and Lin, Jimmy},
  booktitle={ADCS},
  year={2016}
}

@inproceedings{ganguly2023query,
  title={Query-specific Variable Depth Pooling via Query Performance Prediction},
  author={Ganguly, Debasis and Yilmaz, Emine},
  booktitle={SIGIR},
  year={2023}
}

@inproceedings{meng2023system,
  title={System Initiative Prediction for Multi-turn Conversational Information Seeking},
  author={Meng, Chuan and Aliannejadi, Mohammad and de Rijke, Maarten},
  booktitle={CIKM},
  year={2023}
}

@inproceedings{cronen2002predicting,
  title={Predicting Query Performance},
  author={Cronen-Townsend, Steve and Zhou, Yun and Croft, W Bruce},
  booktitle={SIGIR},
  year={2002}
}

@article{khodabakhsh2023learning,
  title={Learning to Rank and Predict: Multi-task Learning for Ad Hoc Retrieval and Query Performance Prediction},
  author={Khodabakhsh, Maryam and Bagheri, Ebrahim},
  journal={Information Sciences},
  year={2023},
  publisher={Elsevier}
}


@inproceedings{chen2022groupwise,
  title={Groupwise Query Performance Prediction with Bert},
  author={Chen, Xiaoyang and He, Ben and Sun, Le},
  booktitle={ECIR},
  pages={64--74},
  year={2022},
  organization={Springer}
}

@inproceedings{bajaj2016ms,
  title={MS MARCO: A Human Generated Machine Reading Comprehension Dataset},
  author={Payal Bajaj and  Daniel Campos and Nick Craswell and Li Deng and Jianfeng Gao,
Xiaodong Liu and Rangan Majumder and Andrew McNamara and Bhaskar Mitra and Tri Nguyen and
Mir Rosenberg and Xia Song and Alina Stoica and Saurabh Tiwary and Tong Wang},
  booktitle={NIPS},
  year={2016}
}

@inproceedings{arabzadeh2022unsupervised,
  title={Unsupervised question clarity prediction through retrieved item coherency},
  author={Arabzadeh, Negar and Seifikar, Mahsa and Clarke, Charles LA},
  booktitle={CIKM},
  pages={3811--3816},
  year={2022}
}

@inproceedings{arabzadeh2021ms,
  title={Ms marco chameleons: challenging the ms marco leaderboard with extremely obstinate queries},
  author={Arabzadeh, Negar and Mitra, Bhaskar and Bagheri, Ebrahim},
  booktitle={Proceedings of the 30th ACM International Conference on Information \& Knowledge Management},
  year={2021}
}

@inproceedings{arabzadeh2021predicting,
  title={Predicting efficiency/effectiveness trade-offs for Dense vs. Sparse retrieval strategy selection},
  author={Arabzadeh, Negar and Yan, Xinyi and Clarke, Charles LA},
  booktitle={CIKM},
  pages={2862--2866},
  year={2021}
}

@inproceedings{arabzadeh2021query,
  title={Query Performance Prediction Through Retrieval Coherency},
  author={Arabzadeh, Negar and Bigdeli, Amin and Zihayat, Morteza and Bagheri, Ebrahim},
  booktitle={ECIR},
  year={2021},
  organization={Springer}
}

@inproceedings{he2021deberta,
title={DEBERTA: DECODING-ENHANCED BERT WITH DISENTANGLED ATTENTION},
author={Pengcheng He and Xiaodong Liu and Jianfeng Gao and Weizhu Chen},
booktitle={ICLR},
year={2021},
}

@inproceedings{bigdeli2022gender,
  title={Gender fairness in information retrieval systems},
  author={Bigdeli, Amin and Arabzadeh, Negar and SeyedSalehi, Shirin and Zihayat, Morteza and Bagheri, Ebrahim},
  booktitle={SIGIR},
  year={2022}
}

@inproceedings{kiseleva2022interactive,
  title={Interactive Grounded Language Understanding in a Collaborative Environment: Retrospective on Iglu 2022 Competition},
  author={Kiseleva, Julia and Skrynnik, Alexey and Zholus, Artem and Mohanty, Shrestha and Arabzadeh, Negar and C{\^o}t{\'e}, Marc-Alexandre and Aliannejadi, Mohammad and Teruel, Milagro and Li, Ziming and Burtsev, Mikhail and others},
  booktitle={NeurIPS 2022 Competition Track},
  year={2022},
  organization={PMLR}
}

@inproceedings{clarke2023preference,
  title={Preference-Based Offline Evaluation},
  author={Clarke, Charles LA and Diaz, Fernando and Arabzadeh, Negar},
  booktitle={WSDM},
  pages={1248--1251},
  year={2023}
}

@inproceedings{bigdeli2023understanding,
  title={Understanding and Mitigating Gender Bias in Information Retrieval Systems},
  author={Bigdeli, Amin and Arabzadeh, Negar and Seyedsalehi, Shirin and Zihayat, Morteza and Bagheri, Ebrahim},
  booktitle={ECIR},
  pages={315--323},
  year={2023},
  organization={Springer}
}


@article{he2021debertav3,
  title={Debertav3: Improving deberta using electra-style pre-training with gradient-disentangled embedding sharing},
  author={He, Pengcheng and Gao, Jianfeng and Chen, Weizhu},
  journal={arXiv preprint arXiv:2111.09543},
  year={2021}
}

@article{hofmann2020dynamic,
  title={Dynamic contextualized word embeddings},
  author={Hofmann, Valentin and Pierrehumbert, Janet B and Sch{\"u}tze, Hinrich},
  journal={arXiv preprint arXiv:2010.12684},
  year={2020}
}

@misc{pradeep2021expandomonoduo,
      title={The Expando-Mono-Duo Design Pattern for Text Ranking with Pretrained Sequence-to-Sequence Models}, 
      author={Ronak Pradeep and Rodrigo Nogueira and Jimmy Lin},
      year={2021},
      eprint={2101.05667},
      archivePrefix={arXiv},
      primaryClass={cs.IR}
}

@inproceedings{lin2021pyserini,
  title={Pyserini: A Python toolkit for reproducible information retrieval research with sparse and dense representations},
  author={Lin, Jimmy and Ma, Xueguang and Lin, Sheng-Chieh and Yang, Jheng-Hong and Pradeep, Ronak and Nogueira, Rodrigo},
  booktitle={SIGIR},
  pages={2356--2362},
  year={2021}
}

@inproceedings{shtok2010using,
  title={Using statistical decision theory and relevance models for query-performance prediction},
  author={Shtok, Anna and Kurland, Oren and Carmel, David},
  booktitle={SIGIR},
  pages={259--266},
  year={2010}
}



@inproceedings{carmel2012query,
  title={Query performance prediction for ir},
  author={Carmel, David and Kurland, Oren},
  booktitle={SIGIR},
  pages={1196--1197},
  year={2012}
}

@inproceedings{balasubramanian2010predicting,
  title={Predicting query performance on the web},
  author={Balasubramanian, Niranjan and Kumaran, Giridhar and Carvalho, Vitor R},
  booktitle={SIGIR},
  year={2010}
}


@inproceedings{penha2022evaluating,
  title={Evaluating the robustness of retrieval pipelines with query variation generators},
  author={Penha, Gustavo and C{\^a}mara, Arthur and Hauff, Claudia},
  booktitle={ECIR},
  pages={397--412},
  year={2022},
  organization={Springer}
}
@inproceedings{hauff2008survey,
  title={A survey of pre-retrieval query performance predictors},
  author={Hauff, Claudia and Hiemstra, Djoerd and de Jong, Franciska},
  booktitle={CIKM},
  year={2008}
}

@inproceedings{craswell2021ms,
  title={Ms marco: Benchmarking ranking models in the large-data regime},
  author={Craswell, Nick and Mitra, Bhaskar and Yilmaz, Emine and Campos, Daniel and Lin, Jimmy},
  booktitle={SIGIR},
  year={2021}
}

@inproceedings{ooi2015survey,
  title={A survey of query expansion, query suggestion and query refinement techniques},
  author={Ooi, Jessie and Ma, Xiuqin and Qin, Hongwu and Liew, Siau Chuin},
  booktitle={ICSECS},
  year={2015},
  organization={IEEE}
}

@inproceedings{arabzadeh2021matches,
  title={Matches Made in Heaven: Toolkit and Large-Scale Datasets for Supervised Query Reformulation},
  author={Arabzadeh, Negar and Bigdeli, Amin and Seyedsalehi, Shirin and Zihayat, Morteza and Bagheri, Ebrahim},
  booktitle={CIKM},
  year={2021}
}


@inproceedings{tamannaee2020reque,
  title={Reque: a configurable workflow and dataset collection for query refinement},
  author={Tamannaee, Mahtab and Fani, Hossein and Zarrinkalam, Fattane and Samouh, Jamil and Paydar, Samad and Bagheri, Ebrahim},
  booktitle={CIKM},
  year={2020}
}

@article{mikolov2013efficient,
  title={Efficient estimation of word representations in vector space},
  author={Mikolov, Tomas and Chen, Kai and Corrado, Greg and Dean, Jeffrey},
  journal={arXiv preprint arXiv:1301.3781},
  year={2013}
}

@article{dl20,
  author       = {Nick Craswell and
                  Bhaskar Mitra and
                  Emine Yilmaz and
                  Daniel Campos},
  title        = {Overview of the {TREC} 2020 deep learning track},
  journal      = {CoRR},
  year         = {2021},
  eprinttype    = {arXiv},
}

@inproceedings{mackie2021dlhard,
 title={How Deep is your Learning: the DL-HARD Annotated Deep Learning Dataset},
 author={Mackie, Iain and Dalton, Jeffrey and Yates, Andrew},
 booktitle={SIGIR},
 year={2021}
}

@inproceedings{aliannejadi2021building,
    title={Building and Evaluating Open-Domain Dialogue Corpora with Clarifying Questions},
    author={Mohammad Aliannejadi and Julia Kiseleva and Aleksandr Chuklin and Jeff Dalton and Mikhail Burtsev},
    year={2021},
    booktitle={EMNLP}	 
}


@inproceedings{DBLP:conf/naacl/DevlinCLT19,
  author    = {Jacob Devlin and
               Ming{-}Wei Chang and
               Kenton Lee and
               Kristina Toutanova},
  title     = {{BERT:} Pre-training of Deep Bidirectional Transformers for Language
               Understanding},
  booktitle = {Proceedings of the 2019 Conference of the North American Chapter of
               the Association for Computational Linguistics: Human Language Technologies,
               {NAACL-HLT} 2019, Minneapolis, MN, USA, June 2-7, 2019, Volume 1 (Long
               and Short Papers)},
  pages     = {4171--4186},
  publisher = {Association for Computational Linguistics},
  year      = {2019},
  url       = {https://doi.org/10.18653/v1/n19-1423},
  doi       = {10.18653/v1/n19-1423},
  timestamp = {Wed, 16 Mar 2022 23:55:36 +0100},
  biburl    = {https://dblp.org/rec/conf/naacl/DevlinCLT19.bib},
  bibsource = {dblp computer science bibliography, https://dblp.org}
}
@inproceedings{arabzadeh2021bert,
  title={BERT-QPP: Contextualized Pre-trained transformers for Query Performance Prediction},
  author={Arabzadeh, Negar and Khodabakhsh, Maryam and Bagheri, Ebrahim},
  booktitle={CIKM},
  year={2021}
}
@inproceedings{mackie2021deep,
  title={How deep is your learning: the DL-HARD annotated deep learning dataset},
  author={Mackie, Iain and Dalton, Jeffrey and Yates, Andrew},
  booktitle={SIGIR},
  year={2021}
}
@article{DBLP:journals/corr/abs-2102-07662,
  author    = {Nick Craswell and
               Bhaskar Mitra and
               Emine Yilmaz and
               Daniel Campos},
  title     = {Overview of the {TREC} 2020 deep learning track},
  journal   = {CoRR},
  year      = {2021},
  eprinttype = {arXiv},
}

@inproceedings{zhou2007query,
  title={Query performance prediction in web search environments},
  author={Zhou, Yun and Croft, W Bruce},
  booktitle={SIGIR},
  pages={543--550},
  year={2007}
}
@inproceedings{tao2014query,
  title={Query performance prediction by considering score magnitude and variance together},
  author={Tao, Yongquan and Wu, Shengli},
  booktitle={CIKM},
  year={2014}
}
@article{shtok2012predicting,
  title={Predicting query performance by query-drift estimation},
  author={Shtok, Anna and Kurland, Oren and Carmel, David and Raiber, Fiana and Markovits, Gad},
  journal={TOIS},
  year={2012},
}
@inproceedings{cummins2011improved,
  title={Improved query performance prediction using standard deviation},
  author={Cummins, Ronan and Jose, Joemon and O'Riordan, Colm},
  booktitle={SIGIR},
  year={2011}
}

@inproceedings{hashemi2019performance,
  title={Performance Prediction for Non-Factoid Question Answering},
  author={Hashemi, Helia and Zamani, Hamed and Croft, W Bruce},
  booktitle={SIGIR},
  pages={55--58},
  year={2019}
}
@inproceedings{zamani2018neural,
  title={Neural query performance prediction using weak supervision from multiple signals},
  author={Zamani, Hamed and Croft, W Bruce and Culpepper, J Shane},
  booktitle={SIGIR},
  year={2018}
}


@article{lin2021pretrained,
  title={Pretrained transformers for text ranking: Bert and beyond},
  author={Lin, Jimmy and Nogueira, Rodrigo and Yates, Andrew},
  journal={Synthesis Lectures on Human Language Technologies},
  year={2021},
  publisher={Morgan \& Claypool Publishers}
}

@article{arabzadeh2020neural,
  title={Neural embedding-based specificity metrics for pre-retrieval query performance prediction},
  author={Arabzadeh, Negar and Zarrinkalam, Fattane and Jovanovic, Jelena and Al-Obeidat, Feras and Bagheri, Ebrahim},
  journal={IP\&M},
  volume={57},
  number={4},
  pages={102248},
  year={2020},
  publisher={Elsevier}
}

@inproceedings{arabzadeh2020neural2,
  title={Neural embedding-based metrics for pre-retrieval query performance prediction},
  author={Arabzadeh, Negar and Zarrinkalam, Fattane and Jovanovic, Jelena and Bagheri, Ebrahim},
  booktitle={ECIR},
  year={2020},
  organization={Springer}
}

@article{shtok2016query,
  title={Query performance prediction using reference lists},
  author={Shtok, Anna and Kurland, Oren and Carmel, David},
  journal={ACM Transactions on Information Systems},
  year={2016},
}

@inproceedings{roitman2017enhanced,
  author       = {Haggai Roitman},
  editor       = {Noriko Kando and
                  Tetsuya Sakai and
                  Hideo Joho and
                  Hang Li and
                  Arjen P. de Vries and
                  Ryen W. White},
  title        = {An Enhanced Approach to Query Performance Prediction Using Reference
                  Lists},
  booktitle    = {SIGIR},
  publisher    = {{ACM}},
  year         = {2017},
}

@misc{roitman2020systems,
  title={Systems and methods for query performance prediction using reference lists},
  author={Roitman, Haggai},
  year={2020},
  publisher={Google Patents},
  note={US Patent 10,740,338}
}

@book{zhou2008retrieval,
  title={Retrieval performance prediction and document quality},
  author={Zhou, Yun},
  year={2008},
  publisher={University of Massachusetts Amherst}
}

@article{zhou2008measuring,
  title={Measuring ranked list robustness for query performance prediction},
  author={Zhou, Yun and Croft, W Bruce},
  journal={Knowledge and Information Systems},
  volume={16},
  year={2008},
  publisher={Springer}
}

@inproceedings{zhou2006ranking,
  title={Ranking robustness: a novel framework to predict query performance},
  author={Zhou, Yun and Croft, W Bruce},
  booktitle={CIKM},
  pages={567--574},
  year={2006}
}

@inproceedings{datta2022deep,
  title={Deep-qpp: A pairwise interaction-based deep learning model for supervised query performance prediction},
  author={Datta, Suchana and Ganguly, Debasis and Greene, Derek and Mitra, Mandar},
  booktitle={WSDM},
  year={2022}
}

@article{roy2019estimating,
  title={Estimating gaussian mixture models in the local neighbourhood of embedded word vectors for query performance prediction},
  author={Roy, Dwaipayan and Ganguly, Debasis and Mitra, Mandar and Jones, Gareth JF},
  journal={IP\&M},
  year={2019},
  publisher={Elsevier}
}

@inproceedings{meng2023query,
 author = {Meng, Chuan and Arabzadeh, Negar and Aliannejadi, Mohammad and de Rijke, Maarten},
 title = {Query Performance Prediction: From Ad-hoc to Conversational Search},
 booktitle = {SIGIR},
 year = {2023},
}

@inproceedings{faggioli2023towards,
  title={Towards Query Performance Prediction for Neural Information Retrieval: Challenges and Opportunities},
  author={Faggioli, Guglielmo and Formal, Thibault and Lupart, Simon and Marchesin, Stefano and Clinchant, Stephane and Ferro, Nicola and Piwowarski, Benjamin},
  booktitle={ICTIR},
  year={2023}
}



@inproceedings{meng2023Performance,
title = {Performance Prediction for Conversational Search Using Perplexities of Query Rewrites},
author = {Meng, Chuan and Aliannejadi, Mohammad and de Rijke, Maarten},
pages = {25--28},
 booktitle = {QPP++2023},
 year = {2023},
}


@article{khodabakhsh2021semantics,
  title={Semantics-enabled query performance prediction for ad hoc table retrieval},
  author={Khodabakhsh, Maryam and Bagheri, Ebrahim},
  journal={IPM},
  year={2021},
  publisher={Elsevier}
}

@article{DBLP:journals/corr/abs-2109-10739,
  author    = {Negar Arabzadeh and
               Xinyi Yan and
               Charles L. A. Clarke},
  title     = {Predicting Efficiency/Effectiveness Trade-offs for Dense vs. Sparse
               Retrieval Strategy Selection},
  journal   = {CoRR},
  volume    = {abs/2109.10739},
  year      = {2021},
  url       = {https://arxiv.org/abs/2109.10739},
  eprinttype = {arXiv},
}

@article{khodabakhsh2021semantics,
  title={Semantics-enabled query performance prediction for ad hoc table retrieval},
  author={Khodabakhsh, Maryam and Bagheri, Ebrahim},
  journal={IPM},
  year={2021},
  publisher={Elsevier}
}


@inproceedings{roitman2019study,
  title={A Study of Query Performance Prediction for Answer Quality Determination},
  author={Roitman, Haggai and Erera, Shai and Feigenblat, Guy},
  booktitle={SIGIR},
  year={2019}
}

@article{reimers2019sentence,
  title={Sentence-bert: Sentence embeddings using siamese bert-networks},
  author={Reimers, Nils and Gurevych, Iryna},
  journal={arXiv preprint arXiv:1908.10084},
  year={2019}
}




@inproceedings{faggioli2023query,
  title={Query Performance Prediction for Neural IR: Are We There Yet?},
  author={Faggioli, Guglielmo and Formal, Thibault and Marchesin, Stefano and Clinchant, St{\'e}phane and Ferro, Nicola and Piwowarski, Benjamin},
  booktitle={ECIR},
  year={2023},
  organization={Springer}
}

@article{jovanovic2023reviewer,
  title={Reviewer assignment problem: A scoping review},
  author={Jovanovic, Jelena and Bagheri, Ebrahim},
  journal={arXiv preprint arXiv:2305.07887},
  year={2023}
}

@inproceedings{arabzadeh2019geometric,
  title={Geometric estimation of specificity within embedding spaces},
  author={Arabzadeh, Negar and Zarrinkalam, Fattaneh and Jovanovic, Jelena and Bagheri, Ebrahim},
  booktitle={Proceedings of the 28th ACM International Conference on Information and Knowledge Management},
  pages={2109--2112},
  year={2019}
}

@inproceedings{faggioli2023geometric,
author = {Faggioli, Guglielmo and Ferro, Nicola and Muntean, Cristina Ioana and Perego, Raffaele and Tonellotto, Nicola},
title = {A Geometric Framework for Query Performance Prediction in Conversational Search},
year = {2023},
booktitle = {SIGIR},
}


@inproceedings{faggioli2023qpp++,
  title={QPP++ 2023: Query-Performance Prediction and Its Evaluation in New Tasks},
  author={Faggioli, Guglielmo and Ferro, Nicola and Mothe, Josiane and Raiber, Fiana},
  booktitle={ECIR},
  pages={388--391},
  year={2023},
  organization={Springer}
}

@inproceedings{roitman2020ictir,
  title={ICTIR tutorial: Modern query performance prediction: Theory and practice},
  author={Roitman, Haggai},
  booktitle={ICTIR},
  year={2020}
}





@inproceedings{singh2023unsupervised,
  title={Unsupervised Query Performance Prediction for Neural Models with Pairwise Rank Preferences},
  author={Singh, Ashutosh and Ganguly, Debasis and Datta, Suchana and McDonald, Craig},
  booktitle={SIGIR},
  year={2023}
}


@article{shtok2016query,
  title={Query performance prediction using reference lists},
  author={Shtok, Anna and Kurland, Oren and Carmel, David},
  journal={TOIS},
  year={2016},
  publisher={ACM}
}

@inproceedings{raiber2014query,
  title={Query-performance prediction: setting the expectations straight},
  author={Raiber, Fiana and Kurland, Oren},
  booktitle={SIGIR},
  year={2014}
}

@inproceedings{datta2022pointwise,
  title={A'Pointwise-Query, Listwise-Document'based Query Performance Prediction Approach},
  author={Datta, Suchana and MacAvaney, Sean and Ganguly, Debasis and Greene, Derek},
  booktitle={SIGIR},
  year={2022}
}

@article{khodabakhsh2021semantics,
  title={Semantics-enabled query performance prediction for ad hoc table retrieval},
  author={Khodabakhsh, Maryam and Bagheri, Ebrahim},
  journal={IPM},
  year={2021},
  publisher={Elsevier}
}

@inproceedings{zhao2008effective,
  title={Effective pre-retrieval query performance prediction using similarity and variability evidence},
  author={Zhao, Ying and Scholer, Falk and Tsegay, Yohannes},
  booktitle={ECIR},
  year={2008},
  organization={Springer}
}

@inproceedings{he2004inferring,
  title={Inferring query performance using pre-retrieval predictors},
  author={He, Ben and Ounis, Iadh},
  booktitle={SPIRE},
  year={2004},
}

@article{zamani2023multivariate,
  title={Multivariate Representation Learning for Information Retrieval},
  author={Zamani, Hamed and Bendersky, Michael},
  journal={arXiv preprint arXiv:2304.14522},
  year={2023}
}

@inproceedings{salamat2023neural,
  title={Neural Disentanglement of Query Difficulty and Semantics},
  author={Salamat, Sara and Arabzadeh, Negar and Seyedsalehi, Shirin and Bigdeli, Amin and Zihayat, Morteza and Bagheri, Ebrahim},
  year={2023}
}


@inproceedings{arabzadeh2023noisy,
  title={Noisy Perturbations for Estimating Query Difficulty in Dense Retrievers},
  author={Arabzadeh, Negar and Hamidi Rad, Radin and Khodabakhsh, Maryam and Bagheri, Ebrahim},
  booktitle={CIKM},
  year={2023}
}

@article{datta2022relative,
  title={A Relative Information Gain-based Query Performance Prediction Framework with Generated Query Variants},
  author={Datta, Suchana and Ganguly, Debasis and Mitra, Mandar and Greene, Derek},
  journal={TOIS},
  year={2022},
  publisher={ACM}
}


@article{cronen2006precision,
  title={Precision prediction based on ranked list coherence},
  author={Cronen-Townsend, Steve and Zhou, Yun and Croft, W Bruce},
  journal={Information Retrieval},
  year={2006},
  publisher={Springer}
}

@inproceedings{hauff2010predicting,
  title={Predicting the effectiveness of queries and retrieval systems},
  author={Hauff, Claudia},
  booktitle={SIGIR Forum},
  year={2010}
}




@article{he2006query,
  title={Query performance prediction},
  author={He, Ben and Ounis, Iadh},
  journal={Information Systems},
  year={2006},
  publisher={Elsevier}
}

@inproceedings{yu2021few,
  title={Few-shot conversational dense retrieval},
  author={Yu, Shi and Liu, Zhenghao and Xiong, Chenyan and Feng, Tao and Liu, Zhiyuan},
  booktitle={SIGIR},
  pages={829--838},
  year={2021}
}

@article{webber2010similarity,
  title={A similarity measure for indefinite rankings},
  author={Webber, William and Moffat, Alistair and Zobel, Justin},
  journal={TOIS},
  year={2010},
}

@article{johnson2019billion,
  title={Billion-scale similarity search with {GPUs}},
  author={Johnson, Jeff and Douze, Matthijs and J{\'e}gou, Herv{\'e}},
  journal={IEEE Transactions on Big Data},
  year={2019},
  publisher={IEEE}
}


@inproceedings{perez2010standard,
  title={Standard Deviation as a Query Hardness Estimator},
  author={P{\'e}rez-Iglesias, Joaqu{\'\i}n and Araujo, Lourdes},
  booktitle={SPIRE},
  year={2010},
  organization={Springer}
}


@article{DBLP:journals/corr/abs-1903-10972,
  author    = {Wei Yang and
               Haotian Zhang and
               Jimmy Lin},
  title     = {Simple Applications of {BERT} for Ad Hoc Document Retrieval},
  journal   = {CoRR},
  volume    = {abs/1903.10972},
  year      = {2019},

}


@article{xiong2020approximate,
  author    = {Lee Xiong and
               Chenyan Xiong and
               Ye Li and
               Kwok{-}Fung Tang and
               Jialin Liu and
               Paul N. Bennett and
               Junaid Ahmed and
               Arnold Overwijk},
  title     = {Approximate Nearest Neighbor Negative Contrastive Learning for Dense
               Text Retrieval},
  journal   = {CoRR},
  volume    = {abs/2007.00808},
  year      = {2020},
}

@article{yang2019end,
  title={End-to-end open-domain question answering with bertserini},
  author={Yang, Wei and Xie, Yuqing and Lin, Aileen and Li, Xingyu and Tan, Luchen and Xiong, Kun and Li, Ming and Lin, Jimmy},
  journal={arXiv preprint arXiv:1902.01718},
  year={2019}
}

@article{karpukhin2020dense,
  title={Dense passage retrieval for open-domain question answering},
  author={Karpukhin, Vladimir and O{\u{g}}uz, Barlas and Min, Sewon and Lewis, Patrick and Wu, Ledell and Edunov, Sergey and Chen, Danqi and Yih, Wen-tau},
  journal={arXiv preprint arXiv:2004.04906},
  year={2020}
}

@article{DBLP:journals/corr/abs-2109-10739,
  author    = {Negar Arabzadeh and
               Xinyi Yan and
               Charles L. A. Clarke},
  title     = {Predicting Efficiency/Effectiveness Trade-offs for Dense vs. Sparse
               Retrieval Strategy Selection},
  journal   = {CoRR},
  volume    = {abs/2109.10739},
  year      = {2021},
}


@article{devlin2018bert,
  title={Bert: Pre-training of deep bidirectional transformers for language understanding},
  author={Devlin, Jacob and Chang, Ming-Wei and Lee, Kenton and Toutanova, Kristina},
  journal={arXiv preprint arXiv:1810.04805},
  year={2018}
}

@article{vaswani2017attention,
  title={Attention is all you need},
  author={Vaswani, Ashish and Shazeer, Noam and Parmar, Niki and Uszkoreit, Jakob and Jones, Llion and Gomez, Aidan N and Kaiser, {\L}ukasz and Polosukhin, Illia},
  journal={Advances in neural information processing systems},
  volume={30},
  year={2017}
}
@inproceedings{ponte2017language,
  title={A language modeling approach to information retrieval},
  author={Ponte, Jay M and Croft, W Bruce},
  booktitle={ACM SIGIR Forum},
  year={2017},
  organization={ACM New York, NY, USA}
}


@article{jones2000probabilistic,
  title={A probabilistic model of information retrieval: development and comparative experiments: Part 2},
  author={Jones, K Sparck and Walker, Steve and Robertson, Stephen E.},
  journal={IPM},
  volume={36},
  number={6},
  pages={809--840},
  year={2000},
  publisher={Elsevier}
}



@inproceedings{yom2005metasearch,
  title={Metasearch and federation using query difficulty prediction},
  author={Yom-Tov, Elad and Fine, Shai and Carmel, David and Darlow, Adam},
  booktitle={SIGIR},
  year={2005},
  organization={Citeseer}
}



@article{DBLP:journals/corr/abs-2012-14210,
  author       = {Nils Reimers and
                  Iryna Gurevych},
  title        = {The Curse of Dense Low-Dimensional Information Retrieval for Large
                  Index Sizes},
  journal      = {CoRR},
  volume       = {abs/2012.14210},
  year         = {2020},
}

@inproceedings{hofstatter2021efficiently,
  title={Efficiently teaching an effective dense retriever with balanced topic aware sampling},
  author={Hofst{\"a}tter, Sebastian and Lin, Sheng-Chieh and Yang, Jheng-Hong and Lin, Jimmy and Hanbury, Allan},
  booktitle={SIGIR},
  year={2021}
}

@inproceedings{vinay2006ranking,
  title={On ranking the effectiveness of searches},
  author={Vinay, Vishwa and Cox, Ingemar J and Milic-Frayling, Natasa and Wood, Ken},
  booktitle={SIGIR},
  pages={398--404},
  year={2006}
}


@inproceedings{nguyen2016ms,
  title={MS MARCO: A human generated machine reading comprehension dataset},
  author={Nguyen, Tri and Rosenberg, Mir and Song, Xia and Gao, Jianfeng and Tiwary, Saurabh and Majumder, Rangan and Deng, Li},
  booktitle={NeurIPS},
  year={2016}
}

@article{craswell2020overview,
  title={Overview of the TREC 2019 deep learning track},
  author={Craswell, Nick and Mitra, Bhaskar and Yilmaz, Emine and Campos, Daniel and Voorhees, Ellen M},
  journal={arXiv preprint arXiv:2003.07820},
  year={2020}
}



@article{DBLP:journals/corr/abs-2105-07975,
  author    = {Iain Mackie and
               Jeff Dalton and
               Andrew Yates},
  title     = {How Deep is your Learning: the {DL-HARD} Annotated Deep Learning Dataset},
  journal   = {CoRR},
  volume    = {abs/2105.07975},
  year      = {2021},
}


@inproceedings{craswell2021trec,
  title={TREC deep learning track: Reusable test collections in the large data regime},
  author={Craswell, Nick and Mitra, Bhaskar and Yilmaz, Emine and Campos, Daniel and Voorhees, Ellen M and Soboroff, Ian},
  booktitle={Proceedings of the 44th International ACM SIGIR Conference on Research and Development in Information Retrieval},
  pages={2369--2375},
  year={2021}
}


@inproceedings{DBLP:conf/nips/MikolovSCCD13,
  author    = {Tom{\'{a}}s Mikolov and
               Ilya Sutskever and
               Kai Chen and
               Gregory S. Corrado and
               Jeffrey Dean},
  editor    = {Christopher J. C. Burges and
               L{\'{e}}on Bottou and
               Zoubin Ghahramani and
               Kilian Q. Weinberger},
  title     = {Distributed Representations of Words and Phrases and their Compositionality},
  booktitle = {NIPS},

  year      = {2013},
}

@article{DBLP:journals/scholarpedia/SNR,
  author    = {Don H. Johnson},
  title     = {Signal-to-noise ratio},
  journal   = {Scholarpedia},
  pages     = {2088},
  year      = {2006},
}

@article{hiemstra,
  title={A probabilistic justification for using tf$\times$ idf term weighting in information retrieval},
  author={Hiemstra, Djoerd},
  journal={International Journal on Digital Libraries},
  year={2000},
  publisher={Springer}
}

@inproceedings{miller,
  title={A hidden Markov model information retrieval system},
  author={Miller, David RH and Leek, Tim and Schwartz, Richard M},
  booktitle={SIGIR},
  year={1999}
}


@inproceedings{roitman2019query,
  title={Query performance prediction for pseudo-feedback-based retrieval},
  author={Roitman, Haggai and Kurland, Oren},
  booktitle={SIGIR},
  pages={1261--1264},
  year={2019}
}

@book{carlson2009communication,
  title={Communication Systems},
  author={Carlson, A.B. and Crilly, P.B.},
  url={https://books.google.ca/books?id=-hRGAQAAIAAJ},
  year={2009},
  publisher={McGraw-Hill Education}
}

@book{carlson2002communication,
  title={Communication Systems: An Introduction to Signals and Noise in Electrical Communication},
  author={Carlson, A.B. and Crilly, P.B. and Rutledge, J.C.},
  series={Communication Systems: An Introduction to Signals and Noise in Electrical Communication},
  url={https://books.google.ca/books?id=cSVGAQAAIAAJ},
  year={2002},
  publisher={McGraw-Hill}
}

@article{hall1984central,
  title={Central limit theorem for integrated square error of multivariate nonparametric density estimators},
  author={Hall, Peter},
  journal={Journal of multivariate analysis},
  year={1984},
  publisher={Elsevier}
}

@article{kwak2017central,
  title={Central limit theorem: the cornerstone of modern statistics},
  author={Kwak, Sang Gyu and Kim, Jong Hae},
  journal={Korean journal of anesthesiology},
  year={2017},
  publisher={The Korean Society of Anesthesiologists}
}

@article{bergstrom1944central,
  title={On the central limit theorem},
  author={Bergstr{\"o}m, Harald},
  journal={Scandinavian Actuarial Journal},
  year={1944},
  publisher={Taylor \& Francis}
}

@inproceedings{shtok2010using,
  title={Using statistical decision theory and relevance models for query-performance prediction},
  author={Shtok, Anna and Kurland, Oren and Carmel, David},
  booktitle={SIGIR},
  year={2010}
}

@article{barri2019simulation,
  title={A simulation showing the role of central limit theorem in handling non-normal distributions},
  author={Barri, Moatasim A},
  journal={American Journal of Educational Research},
  volume={7},
  number={8},
  pages={591--598},
  year={2019}
}

@article{lyon2014normal,
  title={Why are normal distributions normal?},
  author={Lyon, Aidan},
  journal={The British Journal for the Philosophy of Science},
  year={2014},
  publisher={The University of Chicago Press}
}

@article{aksoy2023reviewer,
  title={Reviewer Assignment Problem: A Systematic Review of the Literature},
  author={Aksoy, Meltem and Yanik, Seda and Amasyali, Mehmet Fatih},
  journal={JAIR},
  year={2023}
}


@article{beltagy2019scibert,
  title={SciBERT: A pretrained language model for scientific text},
  author={Beltagy, Iz and Lo, Kyle and Cohan, Arman},
  journal={arXiv preprint arXiv:1903.10676},
  year={2019}
}


@article{priem2022openalex,
  title={OpenAlex: A fully-open index of scholarly works, authors, venues, institutions, and concepts},
  author={Priem, Jason and Piwowar, Heather and Orr, Richard},
  year={2022}
}

@inproceedings{mittal2019understanding,
  title={Understanding reviewer assignment problem and its issues and challenges},
  author={Mittal, Kanika and Jain, Amita and Vaisla, Kunwar Singh},
  booktitle={IoT-SIU},
  year={2019},
  organization={IEEE}
}

@inproceedings{long2013good,
  title={On good and fair paper-reviewer assignment},
  author={Long, Cheng and Wong, Raymond Chi-Wing and Peng, Yu and Ye, Liangliang},
  booktitle={ICDM},
  year={2013},
  organization={IEEE}
}

@article{stelmakh2023gold,
  title={A gold standard dataset for the reviewer assignment problem},
  author={Stelmakh, Ivan and Wieting, John and Neubig, Graham and Shah, Nihar B},
  year={2023}
}


@article{wang2010comprehensive,
  title={A comprehensive survey of the reviewer assignment problem},
  author={Wang, Fan and Shi, Ning and Chen, Ben},
  journal={IJITDM},
  volume={9},
  number={04},
  pages={645--668},
  year={2010},
  publisher={World Scientific}
}

@article{kolasa2011survey,
  title={A survey of algorithms for paper-reviewer assignment problem},
  author={Kolasa, Tomasz and Krol, Dariusz},
  journal={IETE Technical Review},
  year={2011},
  publisher={Taylor \& Francis}
}

@inproceedings{wang2008survey,
  title={A survey on reviewer assignment problem},
  author={Wang, Fan and Chen, Ben and Miao, Zhaowei},
  booktitle={IEA/AIE},
  year={2008},
  organization={Springer}
}


@article{hartvigsen1999conference,
  title={The conference paper-reviewer assignment problem},
  author={Hartvigsen, David and Wei, Jerry C and Czuchlewski, Richard},
  journal={Decision Sciences},
  year={1999},
  publisher={Wiley Online Library}
}

@BOOK{Berger2001-ib,
  title     = "Statistical Inference",
  author    = "Berger, Roger and Casella, George",
  publisher = "Duxbury Press",
  year      =  2001,
  address   = "Florence, AL"
}



@article{DBLP:journals/isci/NguyenRZB23,
  author       = {Hoang Nguyen and
                  Radin Hamidi Rad and
                  Fattane Zarrinkalam and
                  Ebrahim Bagheri},
  title        = {DyHNet: Learning dynamic heterogeneous network representations},
  journal      = {Inf. Sci.},
  year         = {2023},
}


@inproceedings{yom2005learning,
  title={Learning to estimate query difficulty: including applications to missing content detection and distributed information retrieval},
  author={Yom-Tov, Elad and Fine, Shai and Carmel, David and Darlow, Adam},
  booktitle={SIGIR},
  year={2005}
}

@inproceedings{kumaran2007selective,
  title={Selective user interaction},
  author={Kumaran, Giridhar and Allan, James},
  booktitle={CIKM},
  year={2007}
}

@inproceedings{bellogin2009predicting,
  title={Predicting neighbor goodness in collaborative filtering},
  author={Bellog{\'\i}n, Alejandro and Castells, Pablo},
  booktitle={FQAS},
  year={2009},
  organization={Springer}
}

@inproceedings{carmel2008enhancing,
  title={Enhancing digital libraries using missing content analysis},
  author={Carmel, David and Yom-Tov, Elad and Roitman, Haggai},
  booktitle={Proceedings of the 8th ACM/IEEE-CS joint conference on Digital libraries},
  year={2008}
}


@inproceedings{craswell2020overview,
  title={Overview of the TREC 2019 deep learning track},
  author={Craswell, Nick and Mitra, Bhaskar and Yilmaz, Emine and Campos, Daniel and Voorhees, Ellen M},
  booktitle={TREC},
  year={2020}
}
@inproceedings{soboroff2021overview,
  title={Overview of TREC 2021},
  author={Soboroff, Ian},
  booktitle={30th Text REtrieval Conference. Gaithersburg, Maryland},
  year={2021}
}

@article{sarnikar2014query,
  title={Query-performance prediction for effective query routing in domain-specific repositories},
  author={Sarnikar, Surendra and Zhang, Zhu and Zhao, J Leon},
  journal={Journal of the Association for Information Science and Technology},
  volume={65},
  number={8},
  pages={1597--1614},
  year={2014},
  publisher={Wiley Online Library}
}
@article{carmel2010estimating,
  title={Estimating the query difficulty for information retrieval},
  author={Carmel, David and Yom-Tov, Elad},
  journal={Synthesis Lectures on Information Concepts, Retrieval, and Services},
  year={2010},
  publisher={Morgan \& Claypool Publishers}
}
@article{johnson2019billion,
  title={Billion-scale similarity search with {GPUs}},
  author={Johnson, Jeff and Douze, Matthijs and J{\'e}gou, Herv{\'e}},
  journal={IEEE Transactions on Big Data},
  year={2019},
  publisher={IEEE}
}
