@article{BIGGIO2018317,
title = {Wild patterns: Ten years after the rise of adversarial machine learning},
journal = {Pattern Recognit.},
volume = {84},
pages = {317-331},
year = {2018},
issn = {0031-3203},
doi = {https://doi.org/10.1016/j.patcog.2018.07.023},
url = {https://www.sciencedirect.com/science/article/pii/S0031320318302565},
author = {Battista Biggio and Fabio Roli},
}

@inproceedings{FLOutlook,
  title={Federated Learning Challenges and Opportunities: An Outlook},
  author={Ding, Jie and Tramel, Eric and Sahu, Anit Kumar and Wu, Shuang and Avestimehr, Salman and Zhang, Tao},
  booktitle={Proc. ICASSP},
  year={2022}
}

@inproceedings{HeteroFL,
  title={Hetero{FL}: Computation and communication efficient federated learning for heterogeneous clients},
  author={Diao, Enmao and Ding, Jie and Tarokh, Vahid},
  booktitle={Proc. ICLR},
  year={2021}
}

@article{biggio2012poisoning,
  title={Poisoning attacks against support vector machines},
  author={Biggio, Battista and Nelson, Blaine and Laskov, Pavel},
  journal={Proc. ICML},
  year={2012}
}

@article{blanchard2017machine,
  title={Machine learning with adversaries: Byzantine tolerant gradient descent},
  author={Blanchard, Peva and El Mhamdi, El Mahdi and Guerraoui, Rachid and Stainer, Julien},
  journal={Proc. NeurIPS},
  volume={30},
  year={2017}
}

@inproceedings{carlini2016hidden,
  title={Hidden voice commands},
  author={Carlini, Nicholas and Mishra, Pratyush and Vaidya, Tavish and Zhang, Yuankai and Sherr, Micah and Shields, Clay and Wagner, David and Zhou, Wenchao},
  booktitle={Proc. USENIX},
  pages={513--530},
  year={2016}
}

@article{chakraborty2018adversarial,
  title={Adversarial attacks and defences: A survey},
  author={Chakraborty, Anirban and Alam, Manaar and Dey, Vishal and Chattopadhyay, Anupam and Mukhopadhyay, Debdeep},
  journal={arXiv preprint arXiv:1810.00069},
  year={2018}
}

@article{chen2017targeted,
  title={Targeted backdoor attacks on deep learning systems using data poisoning},
  author={Chen, Xinyun and Liu, Chang and Li, Bo and Lu, Kimberly and Song, Dawn},
  journal={arXiv preprint arXiv:1712.05526},
  year={2017}
}

@inproceedings{correia2018copycat,
  title={Copycat cnn: Stealing knowledge by persuading confession with random non-labeled data},
  author={Correia-Silva, Jacson Rodrigues and Berriel, Rodrigo F and Badue, Claudine and de Souza, Alberto F and Oliveira-Santos, Thiago},
  booktitle={Proc. IJCNN},
  pages={1--8},
  year={2018},
  organization={IEEE}
}

@article{duddu2018stealing,
  title={Stealing neural networks via timing side channels},
  author={Duddu, Vasisht and Samanta, Debasis and Rao, D Vijay and Balas, Valentina E},
  journal={arXiv preprint arXiv:1812.11720},
  year={2018}
}

@article{dziedzic2022increasing,
  title={Increasing the cost of model extraction with calibrated proof of work},
  author={Dziedzic, Adam and Kaleem, Muhammad Ahmad and Lu, Yu Shen and Papernot, Nicolas},
  journal={Proc. ICLR},
  year={2022}
}

@inproceedings{fang2020local,
  title={Local Model Poisoning Attacks to Byzantine-Robust Federated Learning},
  author={Fang, Minghong and Cao, Xiaoyu and Jia, Jinyuan and Gong, Neil},
  booktitle={Proc. USENIX},
  pages={1605--1622},
  year={2020}
}

@inproceedings{fredrikson2015model,
author = {Fredrikson, Matt and Jha, Somesh and Ristenpart, Thomas},
title = {Model Inversion Attacks that Exploit Confidence Information and Basic Countermeasures},
year = {2015},
publisher = {Association for Computing Machinery},
booktitle = {Proceedings of the 22nd ACM SIGSAC Conference on Computer and Communications Security},
pages = {1322–1333},
numpages = {12},
}

@article{geiping2020inverting,
  title={Inverting gradients-how easy is it to break privacy in federated learning?},
  author={Geiping, Jonas and Bauermeister, Hartmut and Dr{\"o}ge, Hannah and Moeller, Michael},
  journal={Proc. NeurIPS},
  volume={33},
  pages={16937--16947},
  year={2020}
}

@article{geng2023improved,
  title={Improved Gradient Inversion Attacks and Defenses in Federated Learning},
  author={Geng, Jiahui and Mou, Yongli and Li, Qing and Li, Feifei and Beyan, Oya and Decker, Stefan and Rong, Chunming},
  journal={IEEE Trans. Big Data},
  year={2023},
  publisher={IEEE}
}

@article{goodfellow2014explaining,
  title={Explaining and harnessing adversarial examples},
  author={Goodfellow, Ian J and Shlens, Jonathon and Szegedy, Christian},
  journal={arXiv preprint arXiv:1412.6572},
  year={2014}
}

@article{goodfellow2020generative,
  title={Generative adversarial networks},
  author={Goodfellow, Ian and Pouget-Abadie, Jean and Mirza, Mehdi and Xu, Bing and Warde-Farley, David and Ozair, Sherjil and Courville, Aaron and Bengio, Yoshua},
  journal={Commun. ACM},
  volume={63},
  number={11},
  pages={139--144},
  year={2020},
  publisher={ACM New York, NY, USA}
}

@article{gu2017badnets,
  title={Badnets: Identifying vulnerabilities in the machine learning model supply chain},
  author={Gu, Tianyu and Dolan-Gavitt, Brendan and Garg, Siddharth},
  journal={arXiv preprint arXiv:1708.06733},
  year={2017}
}

@inproceedings{jagielski2018manipulating,
  title={Manipulating machine learning: Poisoning attacks and countermeasures for regression learning},
  author={Jagielski, Matthew and Oprea, Alina and Biggio, Battista and Liu, Chang and Nita-Rotaru, Cristina and Li, Bo},
  booktitle={Proc. IEEE SP},
  pages={19--35},
  year={2018},
  organization={IEEE}
}

@inproceedings{jagielski2020high,
  title={High accuracy and high fidelity extraction of neural networks},
  author={Jagielski, Matthew and Carlini, Nicholas and Berthelot, David and Kurakin, Alex and Papernot, Nicolas},
  booktitle={Proc. USENIX},
  pages={1345--1362},
  year={2020}
}

@INPROCEEDINGS{juuti2019prada,
  author={Juuti, Mika and Szyller, Sebastian and Marchal, Samuel and Asokan, N.},
  booktitle={Proceedings of the 2019 IEEE European Symposium on Security and Privacy}, 
  title={PRADA: Protecting Against DNN Model Stealing Attacks}, 
  year={2019},
  volume={},
  number={},
  pages={512-527},
  }

@InProceedings{kariyappa2020defending,
author = {Kariyappa, Sanjay and Qureshi, Moinuddin K.},
title = {Defending Against Model Stealing Attacks With Adaptive Misinformation},
booktitle = {Proceedings of the IEEE/CVF Conference on Computer Vision and Pattern Recognition},
month = {June},
year = {2020}
}

@inproceedings{kariyappa2020protecting,
  title={Protecting {DNNs} from theft using an ensemble of diverse models},
  author={Kariyappa, Sanjay and Prakash, Atul and Qureshi, Moinuddin K},
  booktitle={Proc. ICLR},
  year={2020}
}

@inproceedings{kariyappa2021maze,
  title={Maze: Data-free model stealing attack using zeroth-order gradient estimation},
  author={Kariyappa, Sanjay and Prakash, Atul and Qureshi, Moinuddin K},
  booktitle={Proc. CVPR},
  pages={13814--13823},
  year={2021}
}

@article{konevcny2016federated,
  title={Federated learning: Strategies for improving communication efficiency},
  author={Kone$\check{\textrm{c}}$n{\`y}, Jakub and McMahan, H Brendan and Yu, Felix X and Richtàrik, Peter and Suresh, Ananda Theertha and Bacon, Dave},
  journal={arXiv preprint arXiv:1610.05492},
  year={2016}
}

@article{kurakin2016adversarial,
  title={Adversarial machine learning at scale},
  author={Kurakin, Alexey and Goodfellow, Ian and Bengio, Samy},
  journal={arXiv preprint arXiv:1611.01236},
  year={2016}
}

@INPROCEEDINGS{lee2019defending,
  author={Lee, Taesung and Edwards, Benjamin and Molloy, Ian and Su, Dong},
  booktitle={2019 IEEE Security and Privacy Workshops}, 
  title={Defending Against Neural Network Model Stealing Attacks Using Deceptive Perturbations}, 
  year={2019},
  volume={},
  number={},
  pages={43-49},

}

@inproceedings{li2019rsa,
  title={RSA: Byzantine-robust stochastic aggregation methods for distributed learning from heterogeneous datasets},
  author={Li, Liping and Xu, Wei and Chen, Tianyi and Giannakis, Georgios B and Ling, Qing},
  booktitle={Proc. AAAI},
  volume={33},
  number={01},
  pages={1544--1551},
  year={2019}
}

@inproceedings{liu2022seinspect,
  title={SeInspect: Defending Model Stealing via Heterogeneous Semantic Inspection},
  author={Liu, Xinjing and Ma, Zhuo and Liu, Yang and Qin, Zhan and Zhang, Junwei and Wang, Zhuzhu},
  booktitle={Proc. ESORICS},
  pages={610--630},
  year={2022},
  organization={Springer}
}

@inproceedings{lowd2005adversarial,
  title={Adversarial learning},
  author={Lowd, Daniel and Meek, Christopher},
  booktitle={Proc. ACM SIGKDD},
  pages={641--647},
  year={2005}
}

@inproceedings{mcmahan2017communication,
  title={Communication-efficient learning of deep networks from decentralized data},
  author={McMahan, Brendan and Moore, Eider and Ramage, Daniel and Hampson, Seth and y Arcas, Blaise Aguera},
  booktitle={Proc. AISTATS},
  pages={1273--1282},
  year={2017},
  organization={PMLR}
}

@inproceedings{milli2019model,
author = {Milli, Smitha and Schmidt, Ludwig and Dragan, Anca D. and Hardt, Moritz},
title = {Model Reconstruction from Model Explanations},
year = {2019},
publisher = {Association for Computing Machinery},
booktitle = {Proceedings of the Conference on Fairness, Accountability, and Transparency},
pages = {1–9},
numpages = {9},
}

@article{oliynyk2023know,
author = {Oliynyk, Daryna and Mayer, Rudolf and Rauber, Andreas},
title = {I Know What You Trained Last Summer: A Survey on Stealing Machine Learning Models and Defences},
year = {2023},
issue_date = {December 2023},
publisher = {Association for Computing Machinery},
volume = {55},
number = {14s},
journal = {ACM Computing Surveys},
articleno = {324},
numpages = {41},
}

@InProceedings{orekondy2019knockoff,
author = {Orekondy, Tribhuvanesh and Schiele, Bernt and Fritz, Mario},
title = {Knockoff Nets: Stealing Functionality of Black-Box Models},
booktitle = {Proceedings of the IEEE/CVF Conference on Computer Vision and Pattern Recognition (CVPR)},
year = {2019}
}

@inproceedings{papernot2017practical,
  title={Practical black-box attacks against machine learning},
  author={Papernot, Nicolas and McDaniel, Patrick and Goodfellow, Ian and Jha, Somesh and Celik, Z Berkay and Swami, Ananthram},
  booktitle={Proc. ACM ASIACCS},
  pages={506--519},
  year={2017}
}

@inproceedings{papernot2018sok,
  title={Sok: Security and privacy in machine learning},
  author={Papernot, Nicolas and McDaniel, Patrick and Sinha, Arunesh and Wellman, Michael P},
  booktitle={IEEE European Symposium on Security and Privacy},
  pages={399--414},
  year={2018},
  organization={IEEE}
}

@article{park2019attack,
  title={An attack-based evaluation method for differentially private learning against model inversion attack},
  author={Park, Cheolhee and Hong, Dowon and Seo, Changho},
  journal={IEEE Access},
  volume={7},
  pages={124988--124999},
  year={2019},
  publisher={IEEE}
}

@inproceedings{rolnick2020reverse,
  title={Reverse-engineering deep relu networks},
  author={Rolnick, David and Kording, Konrad},
  booktitle={Proc. ICML},
  pages={8178--8187},
  year={2020},
  organization={PMLR}
}

@inproceedings{sanyal2022towards,
  title={Towards data-free model stealing in a hard label setting},
  author={Sanyal, Sunandini and Addepalli, Sravanti and Babu, R Venkatesh},
  booktitle={Proc. CVPR},
  pages={15284--15293},
  year={2022}
}

@inproceedings{shokri2017membership,
  title={Membership inference attacks against machine learning models},
  author={Shokri, Reza and Stronati, Marco and Song, Congzheng and Shmatikov, Vitaly},
  booktitle={Proc. IEEE SP},
  pages={3--18},
  year={2017},
  organization={IEEE}
}

@article{stock2022defending,
  title={Defending against Reconstruction Attacks with Renyi Differential Privacy},
  author={Stock, Pierre and Shilov, Igor and Mironov, Ilya and Sablayrolles, Alexandre},
  journal={arXiv preprint arXiv:2202.07623},
  year={2022}
}

@article{sun2022adversarial,
  title={Adversarial attack and defense on graph data: A survey},
  author={Sun, Lichao and Dou, Yingtong and Yang, Carl and Zhang, Kai and Wang, Ji and Philip, S Yu and He, Lifang and Li, Bo},
  journal={IEEE Trans. Knowl. Data Eng.},
  year={2022},
  publisher={IEEE}
}

@article{szegedy2013intriguing,
  title={Intriguing properties of neural networks},
  author={Szegedy, Christian and Zaremba, Wojciech and Sutskever, Ilya and Bruna, Joan and Erhan, Dumitru and Goodfellow, Ian and Fergus, Rob},
  journal={arXiv preprint arXiv:1312.6199},
  year={2013}
}

@article{tian2022comprehensive,
  title={A comprehensive survey on poisoning attacks and countermeasures in machine learning},
  author={Tian, Zhiyi and Cui, Lei and Liang, Jie and Yu, Shui},
  journal={ACM Comput. Surv.},
  volume={55},
  number={8},
  pages={1--35},
  year={2022},
  publisher={ACM New York, NY}
}

@inproceedings{tolpegin2020data,
  title={Data poisoning attacks against federated learning systems},
  author={Tolpegin, Vale and Truex, Stacey and Gursoy, Mehmet Emre and Liu, Ling},
  booktitle={Proc. ESORICS},
  pages={480--501},
  year={2020},
  organization={Springer}
}

@inproceedings{tramer2016stealing,
  title={Stealing machine learning models via prediction APIs},
  author={Tram{\`e}r, Florian and Zhang, Fan and Juels, Ari and Reiter, Michael K and Ristenpart, Thomas},
  booktitle={Proceedings of the 25th USENIX Conference on Security Symposium},
  pages={601--618},
numpages = {18},
  year={2016},
publisher = {USENIX Association},
}

@inproceedings{truong2021data,
  title={Data-free model extraction},
  author={Truong, Jean-Baptiste and Maini, Pratyush and Walls, Robert J and Papernot, Nicolas},
  booktitle={Proc. CVPR},
  pages={4771--4780},
  year={2021}
}

@inproceedings{wang2018stealing,
  title={Stealing hyperparameters in machine learning},
  author={Wang, Binghui and Gong, Neil Zhenqiang},
  booktitle={Proceedings of the IEEE symposium on security and privacy},
  pages={36--52},
  year={2018},
  organization={IEEE}
}

@inproceedings{wang2022black,
  title={Black-box dissector: Towards erasing-based hard-label model stealing attack},
  author={Wang, Yixu and Li, Jie and Liu, Hong and Wang, Yan and Wu, Yongjian and Huang, Feiyue and Ji, Rongrong},
  booktitle={Proc. ECCV},
  pages={192--208},
  year={2022},
  organization={Springer}
}

@article{wang2023back,
  title={Demystifying Poisoning Backdoor Attacks from a Statistical Perspective },
  author={Wang, Ganghua and Xian, Xun and Srinivasa, Jayanth and Kundu, Ashish and Bi, Xuan and Hong, Mingyi and Ding, Jie },
  journal={ArXiv Preprint},
  year={2023},
}

@article{xian2023under,
  title={Understanding backdoor attacks through the adaptability hypothesis},
  author={Xian, Xun and Wang, Ganghua and Srinivasa, Jayanth and Kundu, Ashish and Bi, Xuan and Hong, Mingyi and Ding, Jie },
  journal={Proc. ICML},
  year={2023}
}

@article{xu2020adversarial,
  title={Adversarial attacks and defenses in images, graphs and text: A review},
  author={Xu, Han and Ma, Yao and Liu, Hao-Chen and Deb, Debayan and Liu, Hui and Tang, Ji-Liang and Jain, Anil K},
  journal={Int. J. Autom. Comput.},
  volume={17},
  pages={151--178},
  year={2020},
  publisher={Springer}
}

@inproceedings{yu2020cloudleak,
  title={CloudLeak: Large-Scale Deep Learning Models Stealing Through Adversarial Examples.},
  author={Yu, Honggang and Yang, Kaichen and Zhang, Teng and Tsai, Yun-Yun and Ho, Tsung-Yi and Jin, Yier},
  booktitle={NDSS},
  year={2020}
}

@article{yuan2022attack,
  title={Es attack: Model stealing against deep neural networks without data hurdles},
  author={Yuan, Xiaoyong and Ding, Leah and Zhang, Lan and Li, Xiaolin and Wu, Dapeng Oliver},
  journal={IEEE Trans. Emerg. Top. Comput. Intell.},
  volume={6},
  number={5},
  pages={1258--1270},
  year={2022},
  publisher={IEEE}
}

@inproceedings{zhang2021seat,
  title={{SEAT}: similarity encoder by adversarial training for detecting model extraction attack queries},
  author={Zhang, Zhanyuan and Chen, Yizheng and Wagner, David},
  booktitle={Proc. ACM Workshop AISec},
  pages={37--48},
  year={2021}
}

@article{zhang2023apmsa,
  title={APMSA: adversarial perturbation against model stealing attacks},
  author={Zhang, Jiliang and Peng, Shuang and Gao, Yansong and Zhang, Zhi and Hong, Qinghui},
  journal={IEEE Trans. Inf. Forensics Secur.},
  volume={18},
  pages={1667--1679},
  year={2023},
  publisher={IEEE}
}

@article{zhu2019deep,
  title={Deep leakage from gradients},
  author={Zhu, Ligeng and Liu, Zhijian and Han, Song},
  journal={Proc. NeurIPS},
  volume={32},
  year={2019}
}

