@inproceedings{yao1982protocols,
  title={Protocols for secure computations},
  author={Yao, Andrew C},
  booktitle={Proc. SFCS},
  pages={160--164},
  year={1982},
  organization={IEEE}
}

@article{cybenko1989approximation,
  title={Approximation by superpositions of a sigmoidal function},
  author={Cybenko, George},
  journal={Mathematics of control, signals and systems},
  volume={2},
  number={4},
  pages={303--314},
  year={1989},
  publisher={Springer}
}

@inproceedings{chaum1988multiparty,
  title={Multiparty unconditionally secure protocols},
  author={Chaum, David and Cr{\'e}peau, Claude and Damgard, Ivan},
  booktitle={Proc. STOC},
  pages={11--19},
  year={1988}
}

@inproceedings{yang2007powerful,
  title={How powerful can any regression learning procedure be?},
  author={Yang, Yuhong},
  booktitle={Proc. AISTATS},
  pages={636--643},
  year={2007}
}

@article{armknecht2015guide,
  title={A guide to fully homomorphic encryption},
  author={Armknecht, Frederik and Boyd, Colin and Carr, Christopher and Gj{\o}steen, Kristian and J{\'a}schke, Angela and Reuter, Christian A and Strand, Martin},
  journal={Cryptology ePrint Archive},
  pages={1192},
  year={2015}
}

@inproceedings{gentry2009fully,
  title={Fully homomorphic encryption using ideal lattices},
  author={Gentry, Craig},
  booktitle={Proc. STOC},
  pages={169--178},
  year={2009}
}


@article{radford2018improving,
  title={Improving language understanding by generative pre-training},
  author={Radford, Alec and Narasimhan, Karthik and Salimans, Tim and Sutskever, Ilya},
  year={2018},
  publisher={OpenAI}
}



@inproceedings{devlin2018bert,
  title={BERT: Pre-training of Deep Bidirectional Transformers for Language Understanding},
  author={Jacob Devlin and Ming-Wei Chang and Kenton Lee and Kristina Toutanova},
  booktitle={North American Chapter of the Association for Computational Linguistics},
  year={2019},
}



@inproceedings{yang2019xlnet,
 author = {Yang, Zhilin and Dai, Zihang and Yang, Yiming and Carbonell, Jaime and Salakhutdinov, Russ R and Le, Quoc V},
 booktitle = {Advances in Neural Information Processing Systems},
 editor = {H. Wallach and H. Larochelle and A. Beygelzimer and F. d\textquotesingle Alch\'{e}-Buc and E. Fox and R. Garnett},
 pages = {},
 publisher = {Curran Associates, Inc.},
 title = {XLNet: Generalized Autoregressive Pretraining for Language Understanding},
 volume = {32},
 year = {2019}
}


@article{yang2020textbrewer,
  title={TextBrewer: an open-source knowledge distillation toolkit for natural language processing},
  author={Yang, Ziqing and Cui, Yiming and Chen, Zhipeng and Che, Wanxiang and Liu, Ting and Wang, Shijin and Hu, Guoping},
  journal={arXiv preprint arXiv:2002.12620},
  year={2020}
}

@inproceedings{longpre2007interval,
  title={Interval Approach to Preserving Privacy in Statistical Databases: Related Challenges and Algorithms of Computational Statistics},
  author={Longpr{\'e}, Luc and Xiang, Gang and Kreinovich, Vladik and Freudenthal, Eric},
  booktitle={Proc. MMM-ACNS},
  pages={346--361},
  year={2007},
  organization={Springer}
}

@article{dwork2011differential,
  title={Differential privacy},
  author={Dwork, Cynthia},
  journal={Encyclopedia of Cryptography and Security},
  pages={338--340},
  year={2011},
  publisher={Springer}
}

@inproceedings{wang2020information,
title={Information Laundering for Model Privacy},
author={Xinran Wang and Yu Xiang and Jun Gao and Jie Ding},
booktitle={International Conference on Learning Representations},
year={2021},
}

@inproceedings{tramer2016stealing,
  title={Stealing machine learning models via prediction APIs},
  author={Tram{\`e}r, Florian and Zhang, Fan and Juels, Ari and Reiter, Michael K and Ristenpart, Thomas},
  booktitle={Proceedings of the 25th USENIX Conference on Security Symposium},
  pages={601--618},
numpages = {18},
  year={2016},
publisher = {USENIX Association},
}


@inproceedings{chandrasekaran2018model,
title = "Exploring connections between active learning and model extraction",
author = "Varun Chandrasekaran and Kamalika Chaudhuri and Irene Giacomelli and Somesh Jha and Songbai Yan",
year = "2020",
publisher = "USENIX Association",
pages = "1309--1326",
booktitle = "Proceedings of the 29th USENIX Security Symposium",
}



@inproceedings{narodytska2017simple,
  title={Simple black-box adversarial attacks on deep neural networks},
  author={Narodytska, Nina and Kasiviswanathan, Shiva},
  booktitle={Proc. CVPRW},
  pages={1310--1318},
  year={2017},
  organization={IEEE}
}

@article{papernot2016transferability,
  title={Transferability in machine learning: from phenomena to black-box attacks using adversarial samples},
  author={Papernot, Nicolas and McDaniel, Patrick and Goodfellow, Ian},
  journal={arXiv preprint arXiv:1605.07277},
  year={2016}
}

@inproceedings{papernot2016practical,
author = {Papernot, Nicolas and McDaniel, Patrick and Goodfellow, Ian and Jha, Somesh and Celik, Z. Berkay and Swami, Ananthram},
title = {Practical Black-Box Attacks against Machine Learning},
year = {2017},
publisher = {Association for Computing Machinery},
booktitle = {Proceedings of the 2017 ACM on Asia Conference on Computer and Communications Security},
pages = {506–519},
numpages = {14},
}

@article{chakraborty2018adversarial,
  title={Adversarial attacks and defences: A survey},
  author={Chakraborty, Anirban and Alam, Manaar and Dey, Vishal and Chattopadhyay, Anupam and Mukhopadhyay, Debdeep},
  journal={arXiv preprint arXiv:1810.00069},
  year={2018}
}

@inproceedings{kesarwani2018model,
author = {Kesarwani, Manish and Mukhoty, Bhaskar and Arya, Vijay and Mehta, Sameep},
title = {Model Extraction Warning in MLaaS Paradigm},
year = {2018},
publisher = {Association for Computing Machinery},
booktitle = {Proceedings of the 34th Annual Computer Security Applications Conference},
pages = {371–380},
numpages = {10},
}

@article{voigt2017eu,
  title={The {EU} general data protection regulation ({GDPR})},
  author={Voigt, Paul and Von dem Bussche, Axel},
  journal={A Practical Guide, 1st Ed., Cham: Springer International Publishing},
  year={2017},
  publisher={Springer}
}


@article{DingOverview,
  title={Model selection techniques: An overview},
  author={Ding, Jie and Tarokh, Vahid and Yang, Yuhong},
  journal={IEEE Signal Processing Magazine},
  volume={35},
  number={6},
  pages={16--34},
  year={2018},
  publisher={IEEE}
}

@incollection{akaike1998information,
  title={Information theory and an extension of the maximum likelihood principle},
  author={Akaike, Hirotogu},
  booktitle={Selected Papers of Hirotugu Akaike},
  pages={199--213},
  year={1998},
  publisher={Springer}
}

@article{ding2017bridging,
  title={Bridging {AIC} and {BIC}: a new criterion for autoregression},
  author={Ding, Jie and Tarokh, Vahid and Yang, Yuhong},
  journal={IEEE Transactions on Information Theory},
  volume={64},
  number={6},
  pages={4024--4043},
  year={2017},
  publisher={IEEE}
}

@article{xiao2017online,
  author       = {Han Xiao and Kashif Rasul and Roland Vollgraf},
  title        = {{Fashion-MNIST}: a Novel Image Dataset for Benchmarking Machine Learning Algorithms},
  date         = {2017-08-28},
  year         = {2017},
journal = {arXiv preprint arXiv:1708.07747},
  eprintclass  = {cs.LG},
  eprinttype   = {arXiv},
  eprint       = {cs.LG/1708.07747},
}

@inproceedings{evfimievski2003limiting,
  title={Limiting privacy breaches in privacy preserving data mining},
  author={Evfimievski, Alexandre and Gehrke, Johannes and Srikant, Ramakrishnan},
  booktitle={Proceedings of the 22nd ACM SIGMOD-SIGACT-SIGART Symposium on Principles of Database Systems},
  pages={211--222},
numpages = {12},
  year={2003},
publisher = {Association for Computing Machinery},
}


@inproceedings{dwork2006calibrating,
  title={Calibrating noise to sensitivity in private data analysis},
  author={Dwork, Cynthia and McSherry, Frank and Nissim, Kobbi and Smith, Adam},
  booktitle={Proceedings of the 3rd Theory of Cryptography Conference},
  pages={265--284},
  year={2006},
  organization={Springer}
}

@article{kasiviswanathan2011can,
  title={What can we learn privately?},
  author={Kasiviswanathan, Shiva Prasad and Lee, Homin K and Nissim, Kobbi and Raskhodnikova, Sofya and Smith, Adam},
  journal={SIAM J. Comput.},
  volume={40},
  number={3},
  pages={793--826},
  year={2011},
  publisher={SIAM}
}

@article{warner1965randomized,
  title={Randomized response: A survey technique for eliminating evasive answer bias},
  author={Warner, Stanley L},
  journal={J. Am. Stat. Assoc.},
  volume={60},
  number={309},
  pages={63--69},
  year={1965},
  publisher={Taylor \& Francis}
}


@article{zhang2010interval,
  title={Interval censoring},
  author={Zhang, Zhigang and Sun, Jianguo},
  journal={Stat. Methods Med. Res.},
  volume={19},
  number={1},
  pages={53--70},
  year={2010},
  publisher={SAGE Publications Sage UK: London, England}
}

@article{gentleman1994maximum,
  title={Maximum likelihood for interval censored data: Consistency and computation},
  author={Gentleman, Robert and Geyer, Charles J},
  journal={Biometrika},
  volume={81},
  number={3},
  pages={618--623},
  year={1994},
  publisher={Oxford University Press}
}

@article{kaplan1958nonparametric,
  title={Nonparametric estimation from incomplete observations},
  author={Kaplan, Edward L and Meier, Paul},
  journal={J. Am. Stat. Assoc.},
  volume={53},
  number={282},
  pages={457--481},
  year={1958},
  publisher={Taylor \& Francis}
}

@article{DBJnonpara1,
  title={The rates of convergence of the estimation of two-point distribution with interval censored data},
  author={Ding, Bangjun},
  journal={Chinese Journal Appl. Probab.},
  volume={23},
  number={3},
  pages={292--302},
  year={2007},
  publisher={}
}

@article{DBJnonpara2,
  title={The rates of convergence of the estimation of distribution functions with interval censored data},
  author={Ding, Bangjun},
  journal={Chinese Journal Appl. Probab.},
  volume={28},
  number={6},
  pages={641--648},
  year={2008},
  publisher={}
}

@article{turnbull1976empirical,
  title={The empirical distribution function with arbitrarily grouped, censored and truncated data},
  author={Turnbull, Bruce W},
  journal={J. Royal Stat. Soc. B},
  volume={38},
  number={3},
  pages={290--295},
  year={1976},
  publisher={Wiley Online Library}
}

@article{efron1999nonparametric,
  title={Nonparametric methods for doubly truncated data},
  author={Efron, Bradley and Petrosian, Vahe},
  journal={J. Am. Stat. Assoc.},
  volume={94},
  number={447},
  pages={824--834},
  year={1999},
  publisher={Taylor \& Francis}
}

@article{frydman1994note,
  title={A note on nonparametric estimation of the distribution function from interval-censored and truncated observations},
  author={Frydman, Halina},
  journal={J. Royal Stat. Soc. B},
  volume={56},
  number={1},
  pages={71--74},
  year={1994},
  publisher={Wiley Online Library}
}

@article{geskus1999asymptotically,
  title={Asymptotically optimal estimation of smooth functionals for interval censoring, case $2$},
  author={Geskus, Ronald and Groeneboom, Piet},
  journal={Annals of Statistics},
  volume={27},
  number={2},
  pages={627--674},
  year={1999},
  publisher={Institute of Mathematical Statistics}
}

@book{groeneboom1992information,
  title={Information bounds and nonparametric maximum likelihood estimation},
  author={Groeneboom, Piet and Wellner, Jon A},
  volume={19},
  year={1992},
  publisher={Springer Science \& Business Media}
}


@article{dwork2014algorithmic,
  title={The algorithmic foundations of differential privacy},
  author={Dwork, Cynthia and Roth, Aaron},
  journal={Found. Trends Theor. Comput. Sci.},
  volume={9},
  number={3--4},
  pages={211--407},
  year={2014},
  publisher={Now Publishers, Inc.}
}

@article{roman2013features,
  title={On the features and challenges of security and privacy in distributed internet of things},
  author={Roman, Rodrigo and Zhou, Jianying and Lopez, Javier},
  journal={Comput. Netw.},
  volume={57},
  number={10},
  pages={2266--2279},
  year={2013},
  publisher={Elsevier}
}


@inproceedings{he2016privacy,
  title={Privacy-aware decentralized detection using linear precoding},
  author={He, Xin and Tay, Wee Peng and Sun, Meng},
  booktitle={IEEE Proc.  SAM},
  pages={1--5},
  year={2016}
}

@inproceedings{manitara2013privacy,
  title={Privacy-preserving asymptotic average consensus},
  author={Manitara, Nicolaos E and Hadjicostis, Christoforos N},
  booktitle={Proc. Eur. Control Conf.},
  pages={760--765},
  year={2013}
}

@article{braca2016learning,
  title={Learning with privacy in consensus $+ $ obfuscation},
  author={Braca, Paolo and Lazzeretti, Riccardo and Marano, Stefano and Matta, Vincenzo},
  journal={{IEEE} Trans. Signal Process.},
  volume={23},
  number={9},
  pages={1174--1178},
  year={2016},
  publisher={IEEE}
}

@inproceedings{lazzeretti2014secure,
  title={Secure multi-party consensus gossip algorithms},
  author={Lazzeretti, Riccardo and Horn, Steven and Braca, Paolo and Willett, Peter},
  booktitle={IEEE Proc. ICASSP},
  pages={7406--7410},
  year={2014}
}

@inproceedings{xiong2016randomized,
  title={Randomized requantization with local differential privacy},
  author={Xiong, Sijie and Sarwate, Anand D and Mandayam, Narayan B},
  booktitle={IEEE Proc. ICASSP},
  pages={2189--2193},
  year={2016}
}


@inproceedings{duchi2013local,
  title={Local privacy and statistical minimax rates},
  author={Duchi, John C and Jordan, Michael I and Wainwright, Martin J},
  booktitle={IEEE Symp. FOCS},
  pages={429--438},
  year={2013}
}

@article{wang2016relation,
  title={On the relation between identifiability, differential privacy, and mutual-information privacy},
  author={Wang, Weina and Ying, Lei and Zhang, Junshan},
  journal={{IEEE} Trans. Inf. Theory},
  volume={62},
  number={9},
  pages={5018--5029},
  year={2016},
  publisher={IEEE}
}

@article{sun2018toward,
  title={Toward information privacy for the internet of things: A nonparametric learning approach},
  author={Sun, Meng and Tay, Wee Peng and He, Xin},
  journal={{IEEE} Trans. Signal Process.},
  volume={66},
  number={7},
  pages={1734--1747},
  year={2018},
  publisher={IEEE}
}

@inproceedings{du2012privacy,
  title={Privacy against statistical inference},
  author={du Pin Calmon, Flavio and Fawaz, Nadia},
  booktitle={Proc. Allerton Conf. on Commun., Control and Computing},
  pages={1401--1408},
  year={2012}
}


@inproceedings{salamatian2013hide,
  title={How to hide the elephant or the donkey in the room: Practical privacy against statistical inference for large data},
  author={Salamatian, Salman and Zhang, Amy and du Pin Calmon, Flavio and Bhamidipati, Sandilya and Fawaz, Nadia and Kveton, Branislav and Oliveira, Pedro and Taft, Nina},
  booktitle={IEEE GlobalSIP},
  pages={269--272},
  year={2013}
}

@article{duchi2018minimax,
  title={Minimax optimal procedures for locally private estimation},
  author={Duchi, John C and Jordan, Michael I and Wainwright, Martin J},
  journal={J. Am. Stat. Assoc.},
  volume={113},
  number={521},
  pages={182--201},
  year={2018},
  publisher={Taylor \& Francis}
}

@inproceedings{alabbadi2011mobile,
  title={Mobile learning (mLearning) based on cloud computing: mLearning as a service (mLaaS)},
  author={Alabbadi, Mohssen M},
  booktitle={UbiComp},
  year={2011}
}


@inproceedings{ribeiro2015mlaas,
  title={Mlaas: Machine learning as a service},
  author={Ribeiro, Mauro and Grolinger, Katarina and Capretz, Miriam AM},
  booktitle={ICMLA},
  pages={896--902},
  year={2015},
  organization={IEEE}
}



@inproceedings{fredrikson2015model,
author = {Fredrikson, Matt and Jha, Somesh and Ristenpart, Thomas},
title = {Model Inversion Attacks that Exploit Confidence Information and Basic Countermeasures},
year = {2015},
publisher = {Association for Computing Machinery},
booktitle = {Proceedings of the 22nd ACM SIGSAC Conference on Computer and Communications Security},
pages = {1322–1333},
numpages = {12},
}

 
@inproceedings{wang2018stealing,
  title={Stealing hyperparameters in machine learning},
  author={Wang, Binghui and Gong, Neil Zhenqiang},
  booktitle={Proceedings of the IEEE symposium on security and privacy},
  pages={36--52},
  year={2018},
  organization={IEEE}
}

@INPROCEEDINGS{juuti2019prada,
  author={Juuti, Mika and Szyller, Sebastian and Marchal, Samuel and Asokan, N.},
  booktitle={Proceedings of the 2019 IEEE European Symposium on Security and Privacy}, 
  title={PRADA: Protecting Against DNN Model Stealing Attacks}, 
  year={2019},
  volume={},
  number={},
  pages={512-527},
  }

@InProceedings{orekondy2019knockoff,
author = {Orekondy, Tribhuvanesh and Schiele, Bernt and Fritz, Mario},
title = {Knockoff Nets: Stealing Functionality of Black-Box Models},
booktitle = {Proceedings of the IEEE/CVF Conference on Computer Vision and Pattern Recognition (CVPR)},
year = {2019}
}

@inproceedings{papernot2017practical,
  title={Practical black-box attacks against machine learning},
  author={Papernot, Nicolas and McDaniel, Patrick and Goodfellow, Ian and Jha, Somesh and Celik, Z Berkay and Swami, Ananthram},
  booktitle={Proc. ACM ASIACCS},
  pages={506--519},
  year={2017}
}

@inproceedings{
orekondy2019prediction,
title={Prediction Poisoning: Towards Defenses Against DNN Model Stealing Attacks},
author={Tribhuvanesh Orekondy and Bernt Schiele and Mario Fritz},
booktitle={International Conference on Learning Representations},
year={2020},
}

@INPROCEEDINGS{lee2019defending,
  author={Lee, Taesung and Edwards, Benjamin and Molloy, Ian and Su, Dong},
  booktitle={2019 IEEE Security and Privacy Workshops}, 
  title={Defending Against Neural Network Model Stealing Attacks Using Deceptive Perturbations}, 
  year={2019},
  volume={},
  number={},
  pages={43-49},

}

@InProceedings{kariyappa2020defending,
author = {Kariyappa, Sanjay and Qureshi, Moinuddin K.},
title = {Defending Against Model Stealing Attacks With Adaptive Misinformation},
booktitle = {Proceedings of the IEEE/CVF Conference on Computer Vision and Pattern Recognition},
month = {June},
year = {2020}
}

@article{bartlett2002rademacher,
  title={Rademacher and Gaussian complexities: Risk bounds and structural results},
  author={Bartlett, Peter L and Mendelson, Shahar},
  journal={Journal of Machine Learning Research},
  volume={3},
  number={Nov},
  pages={463--482},
  year={2002}
}




@article{akhtar2018threat,
  title={Threat of adversarial attacks on deep learning in computer vision: A survey},
  author={Akhtar, Naveed and Mian, Ajmal},
  journal={Ieee Access},
  volume={6},
  pages={14410--14430},
  year={2018},
  publisher={IEEE}
}

@article{szegedy2013intriguing,
  title={Intriguing properties of neural networks},
  author={Szegedy, Christian and Zaremba, Wojciech and Sutskever, Ilya and Bruna, Joan and Erhan, Dumitru and Goodfellow, Ian and Fergus, Rob},
  journal={arXiv preprint arXiv:1312.6199},
  year={2013}
}

@article{hinton2015distilling,
  title={Distilling the knowledge in a neural network},
  author={Hinton, Geoffrey and Vinyals, Oriol and Dean, Jeff},
  journal={arXiv preprint arXiv:1503.02531},
  year={2015}
}


@article{konevcny2016federated,
  title={Federated learning: Strategies for improving communication efficiency},
  author={Kone$\check{\textrm{c}}$n{\`y}, Jakub and McMahan, H Brendan and Yu, Felix X and Richtàrik, Peter and Suresh, Ananda Theertha and Bacon, Dave},
  journal={arXiv preprint arXiv:1610.05492},
  year={2016}
}

@inproceedings{jacot2018neural,
 author = {Jacot, Arthur and Gabriel, Franck and Hongler, Clement},
 booktitle = {Proceedings of the Advances in Neural Information Processing Systems},
 pages = {},
 publisher = {Curran Associates, Inc.},
 title = {Neural Tangent Kernel: Convergence and Generalization in Neural Networks},
 volume = {31},
 year = {2018}
}


@inproceedings{shokri2017membership,
  title={Membership inference attacks against machine learning models},
  author={Shokri, Reza and Stronati, Marco and Song, Congzheng and Shmatikov, Vitaly},
  booktitle={Proc. IEEE SP},
  pages={3--18},
  year={2017},
  organization={IEEE}
}

@inproceedings{jagielski2018manipulating,
  title={Manipulating machine learning: Poisoning attacks and countermeasures for regression learning},
  author={Jagielski, Matthew and Oprea, Alina and Biggio, Battista and Liu, Chang and Nita-Rotaru, Cristina and Li, Bo},
  booktitle={Proc. IEEE SP},
  pages={19--35},
  year={2018},
  organization={IEEE}
}


@article{nelson2008exploiting,
  title={Exploiting machine learning to subvert your spam filter.},
  author={Nelson, Blaine and Barreno, Marco and Chi, Fuching Jack and Joseph, Anthony D and Rubinstein, Benjamin IP and Saini, Udam and Sutton, Charles and Tygar, J Doug and Xia, Kai},
  journal={LEET},
  volume={8},
  number={1-9},
  pages={16--17},
  year={2008}
}

@article{chen2017targeted,
  title={Targeted backdoor attacks on deep learning systems using data poisoning},
  author={Chen, Xinyun and Liu, Chang and Li, Bo and Lu, Kimberly and Song, Dawn},
  journal={arXiv preprint arXiv:1712.05526},
  year={2017}
}

@inproceedings{biggio2013evasion,
  title={Evasion attacks against machine learning at test time},
  author={Biggio, Battista and Corona, Igino and Maiorca, Davide and Nelson, Blaine and $\check{\textrm{S}}$rndi{\'c}, Nedim and Laskov, Pavel and Giacinto, Giorgio and Roli, Fabio},
  booktitle={Joint European conference on machine learning and knowledge discovery in databases},
  pages={387--402},
  year={2013},
  organization={Springer}
}


@inproceedings{fang2020local,
  title={Local Model Poisoning Attacks to Byzantine-Robust Federated Learning},
  author={Fang, Minghong and Cao, Xiaoyu and Jia, Jinyuan and Gong, Neil},
  booktitle={Proc. USENIX},
  pages={1605--1622},
  year={2020}
}



@inproceedings {fredrikson2014privacy,
author = {Matthew Fredrikson and Eric Lantz and Somesh Jha and Simon Lin and David Page and Thomas Ristenpart},
title = {Privacy in Pharmacogenetics: An {End-to-End} Case Study of Personalized Warfarin Dosing},
booktitle = {Proceedings of the 23rd USENIX Security Symposium},
year = {2014},
pages = {17--32},
publisher = {USENIX Association},
}


@article{wang2021subset,
  title={Subset Privacy: Draw from an Obfuscated Urn},
  author={Wang, Ganghua and Ding, Jie},
  journal={arXiv preprint arXiv:2107.02013},
  year={2023}
}

@article{ding2021interval,
  title={Interval Privacy: A Framework for Data Collection},
  author={Ding, Jie and Ding, Bangjun},
  journal={arXiv preprint arXiv:2106.09565},
  year={2021}
}


@inproceedings{lowd2005adversarial,
  title={Adversarial learning},
  author={Lowd, Daniel and Meek, Christopher},
  booktitle={Proc. ACM SIGKDD},
  pages={641--647},
  year={2005}
}


@article{boucheron2005theory,
  title={Theory of classification: A survey of some recent advances},
  author={Boucheron, St{\'e}phane and Bousquet, Olivier and Lugosi, G{\'a}bor},
  journal={ESAIM: probability and statistics},
  volume={9},
  pages={323--375},
  year={2005},
  publisher={EDP Sciences}
}


@article{kakade2008complexity,
  title={On the complexity of linear prediction: Risk bounds, margin bounds, and regularization},
  author={Kakade, Sham M and Sridharan, Karthik and Tewari, Ambuj},
  journal={Proc. NeurIPS},
  volume={21},
  year={2008}
}

@book{pinsker1964information,
  title={Information and information stability of random variables and processes},
  author={Pinsker, Mark S},
  year={1964},
  publisher={Holden-Day}
}



@article{ferreira2009eigenvalues,
  title={Eigenvalues of integral operators defined by smooth positive definite kernels},
  author={Ferreira, JC and Menegatto, VA2501172},
  journal={Integral Equations and Operator Theory},
  volume={64},
  number={1},
  pages={61--81},
  year={2009},
  publisher={Springer}
}

@inproceedings{scholkopf2001generalized,
  title={A generalized representer theorem},
  author={Sch{\"o}lkopf, Bernhard and Herbrich, Ralf and Smola, Alex J},
  booktitle={Computational Learning Theory},
  pages={416--426},
  year={2001},
  organization={Springer}
}


@article{aronszajn1950theory,
  title={Theory of reproducing kernels},
  author={Aronszajn, Nachman},
  journal={Transactions of the American Mathematical Society},
  volume={68},
  number={3},
  pages={337--404},
  year={1950}
}


@article{shao1997asymptotic,
  title={An asymptotic theory for linear model selection},
 author = {Jun Shao},
 journal = {Statistica Sinica},
 number = {2},
 pages = {221--242},
 publisher = {Institute of Statistical Science, Academia Sinica},
 urldate = {2024-12-28},
 volume = {7},
 year = {1997}
}


@article{ding2018model,
  title={Model selection techniques: An overview},
  author={Ding, Jie and Tarokh, Vahid and Yang, Yuhong},
  journal={IEEE Signal Processing Magazine},
  volume={35},
  number={6},
  pages={16--34},
  year={2018},
  publisher={IEEE}
}

@article{devroye1994strong,
  title={On the strong universal consistency of nearest neighbor regression function estimates},
  author={Devroye, Luc and Gyorfi, Laszlo and Krzyzak, Adam and Lugosi, G{\'a}bor},
  journal={Annals of Statistics},
  volume={22},
  number={3},
  pages={1371--1385},
  year={1994},
  publisher={Institute of Mathematical Statistics}
}


@book{devroye2013probabilistic,
  title={A probabilistic theory of pattern recognition},
  author={Devroye, Luc and Gy{\"o}rfi, L{\'a}szl{\'o} and Lugosi, G{\'a}bor},
  volume={31},
  year={2013},
  publisher={Springer Science \& Business Media}
}

@article{lian2011convergence,
  title={Convergence of functional k-nearest neighbor regression estimate with functional responses},
  author={Lian, Heng},
  journal={Electronic Journal of Statistics},
  volume={5},
  pages={31--40},
  year={2011},
  publisher={Institute of Mathematical Statistics and Bernoulli Society}
}


@article{devroye1982necessary,
  title={Necessary and sufficient conditions for the pointwise convergence of nearest neighbor regression function estimates},
  author={Devroye, Luc},
  journal={Zeitschrift f{\"u}r Wahrscheinlichkeitstheorie und verwandte Gebiete},
  volume={61},
  number={4},
  pages={467--481},
  year={1982},
  publisher={Citeseer}
}

@article{cover1968estimation,
  title={Estimation by the nearest neighbor rule},
  author={Cover, T},
  journal={IEEE Transactions on Information Theory},
  volume={14},
  number={1},
  pages={50--55},
  year={1968},
  publisher={IEEE}
}

@book{gyorfi2002distribution,
  title={A distribution-free theory of nonparametric regression},
  author={Gy{\"o}rfi, L{\'a}szl{\'o} and Kohler, Michael and Krzyzak, Adam and Walk, Harro},
  volume={1},
  year={2002},
  publisher={Springer}
}

@article{caponnetto2007optimal,
  title={Optimal rates for the regularized least-squares algorithm},
  author={Caponnetto, Andrea and De Vito, Ernesto},
  journal={Foundations of Computational Mathmatics},
  volume={7},
  number={3},
  pages={331--368},
  year={2007},
  publisher={Springer}
}


@inproceedings{phuong2019towards,
  title={Towards understanding knowledge distillation},
  author={Phuong, Mary and Lampert, Christoph},
  booktitle={Proc. ICML},
  pages={5142--5151},
  year={2019},
  organization={PMLR}
}


@article{arora2016understanding,
  title={Understanding deep neural networks with rectified linear units},
  author={Arora, Raman and Basu, Amitabh and Mianjy, Poorya and Mukherjee, Anirbit},
  journal={arXiv preprint arXiv:1611.01491},
  year={2016}
}

@article{guhring2020expressivity,
  title={Expressivity of deep neural networks},
  author={G{\"u}hring, Ingo and Raslan, Mones and Kutyniok, Gitta},
  journal={arXiv preprint arXiv:2007.04759},
  year={2020}
}

@inproceedings{telgarsky2016benefits,
  title={Benefits of depth in neural networks},
  author={Telgarsky, Matus},
  booktitle={Conference on learning theory},
  pages={1517--1539},
  year={2016},
  organization={PMLR}
}


@article{micchelli1977survey,
  title={A survey of optimal recovery},
  author={Micchelli, Charles A and Rivlin, Theodore J},
  journal={Optimal Estimation in Approximation Theory},
  pages={1--54},
  year={1977},
  publisher={Springer}
}

@article{donoho1994statistical,
  title={Statistical estimation and optimal recovery},
  author={Donoho, David L},
  journal={Annals of Statistics},
  volume={22},
  number={1},
  pages={238--270},
  year={1994},
  publisher={Institute of Mathematical Statistics}
}

@article{micchelli1993optimal,
  title={Optimal estimation of linear operators from inaccurate data: a second look},
  author={Micchelli, Charles A},
  journal={Numer. Algorithms},
  volume={5},
  number={8},
  pages={375--390},
  year={1993},
  publisher={Springer}
}

@article{foucart2022optimal,
  title={Optimal Recovery from Inaccurate Data in Hilbert Spaces: Regularize, but what of the Parameter?},
  author={Foucart, Simon and Liao, Chunyang},
  journal={Constr. Approx.},
  pages={1--32},
  year={2022},
  publisher={Springer}
}

@article{micchelli1976optimal,
  title={The optimal recovery of smooth functions},
  author={Micchelli, Charles A and Rivlin, Th J and Winograd, Shmuel},
  journal={Numerische Mathematik},
  volume={26},
  number={2},
  pages={191--200},
  year={1976},
  publisher={Springer}
}


@book{foucart2022mathematical,
  title={Mathematical Pictures at a Data Science Exhibition},
  author={Foucart, Simon},
  year={2022},
  publisher={Cambridge University Press}
}


@article{binev2017data,
  title={Data assimilation in reduced modeling},
  author={Binev, Peter and Cohen, Albert and Dahmen, Wolfgang and DeVore, Ronald and Petrova, Guergana and Wojtaszczyk, Przemyslaw},
  journal={SIAM/ASA J. Uncertain. Quantif.},
  volume={5},
  number={1},
  pages={1--29},
  year={2017},
  publisher={SIAM}
}


@article{devore2019computing,
  title={Computing a quantity of interest from observational data},
  author={DeVore, Ronald and Foucart, Simon and Petrova, Guergana and Wojtaszczyk, Przemyslaw},
  journal={Constr. Approx.},
  volume={49},
  number={3},
  pages={461--508},
  year={2019},
  publisher={Springer}
}


@article{ibragimov1982bounds,
  title={Bounds for the risks of non-parametric regression estimates},
  author={Ibragimov, IA and Khas’ minskii, RZ},
  journal={Theory of Probability \& Its Applications},
  volume={27},
  number={1},
  pages={84--99},
  year={1982},
  publisher={SIAM}
}


@article{yang1999information,
  title={Information-theoretic determination of minimax rates of convergence},
  author={Yang, Yuhong and Barron, Andrew},
  journal={Annals of Statistics},
  pages={1564--1599},
  year={1999},
  volume={27},
  number={5},
  publisher={Institute of Mathematical Statistics}
}


@article{yang2001nonparametric,
  title={Nonparametric regression with dependent errors},
  author={Yang, Yuhong},
  journal={Bernoulli},
  pages={633--655},
volume={7},
number={4},
  year={2001},
  publisher={JSTOR}
}


@article{yang2019minimax,
  title={Minimax-rate adaptive nonparametric regression with unknown correlations of errors},
  author={Yang, Guowu and Yang, Yuhong},
  journal={Science China Mathematics},
  volume={62},
  number={2},
  pages={227--244},
  year={2019},
  publisher={Springer}
}

@inproceedings{arora2019exact,
 author = {Arora, Sanjeev and Du, Simon S and Hu, Wei and Li, Zhiyuan and Salakhutdinov, Russ R and Wang, Ruosong},
 booktitle = {Proceedings of the Advances in Neural Information Processing Systems},
 editor = {H. Wallach and H. Larochelle and A. Beygelzimer and F. d\textquotesingle Alch\'{e}-Buc and E. Fox and R. Garnett},
 pages = {},
 title = {On Exact Computation with an Infinitely Wide Neural Net},
 volume = {32},
 year = {2019}
}

@article{wang1996function,
  title={Function estimation via wavelet shrinkage for long-memory data},
  author={Wang, Yazhen},
  journal={Annals of Statistics},
  volume={24},
  number={2},
  pages={466--484},
  year={1996},
  publisher={Institute of Mathematical Statistics}
}


@article{hall1990nonparametric,
title = {Nonparametric regression with long-range dependence},
journal = {Stochastic Processes and their Applications},
volume = {36},
number = {2},
pages = {339-351},
year = {1990},
author = {Peter Hall and Jeffrey D. Hart},
}

@article{hoefler2021sparsity,
  title={Sparsity in Deep Learning: Pruning and growth for efficient inference and training in neural networks},
  author={Hoefler, Torsten and Alistarh, Dan and Ben-Nun, Tal and Dryden, Nikoli and Peste, Alexandra},
  journal={J. Mach. Learn. Res.},
  volume={22},
  number={241},
  pages={1--124},
  year={2021},
  publisher={MICROTOME PUBL}
}

@article{mushtaq2021spider,
  title={Spider: Searching personalized neural architecture for federated learning},
  author={Mushtaq, Erum and He, Chaoyang and Ding, Jie and Avestimehr, Salman},
  journal={arXiv preprint arXiv:2112.13939},
  year={2021}
}


@article{han2015deep,
  title={Deep compression: Compressing deep neural networks with pruning, trained quantization and Huffman coding},
  author={Han, Song and Mao, Huizi and Dally, William},
  journal={arXiv preprint arXiv:1510.00149},
  year={2015}
}


@article{frankle2018lottery,
  title={The lottery ticket hypothesis: Finding sparse, trainable neural networks},
  author={Frankle, Jonathan and Carbin, Michael},
  journal={arXiv preprint arXiv:1803.03635},
  year={2018}
}


@inproceedings{milli2019model,
author = {Milli, Smitha and Schmidt, Ludwig and Dragan, Anca D. and Hardt, Moritz},
title = {Model Reconstruction from Model Explanations},
year = {2019},
publisher = {Association for Computing Machinery},
booktitle = {Proceedings of the Conference on Fairness, Accountability, and Transparency},
pages = {1–9},
numpages = {9},
}


@article{gu2017badnets,
  title={Badnets: Identifying vulnerabilities in the machine learning model supply chain},
  author={Gu, Tianyu and Dolan-Gavitt, Brendan and Garg, Siddharth},
  journal={arXiv preprint arXiv:1708.06733},
  year={2017}
}



@inproceedings{chandrasekaran2020exploring,
  title={Exploring connections between active learning and model extraction},
  author={Chandrasekaran, Varun and Chaudhuri, Kamalika and Giacomelli, Irene and Jha, Somesh and Yan, Songbai},
  booktitle={Proc. USENIX},
  pages={1309--1326},
  year={2020}
}


@techreport{settles2009active,
  title={Active learning literature survey},
  author={Settles, Burr},
  year={2009},
  publisher={University of Wisconsin-Madison Department of Computer Sciences}
}

@article{ren2021survey,
  title={A survey of deep active learning},
  author={Ren, Pengzhen and Xiao, Yun and Chang, Xiaojun and Huang, Po-Yao and Li, Zhihui and Gupta, Brij B and Chen, Xiaojiang and Wang, Xin},
  journal={ACM Comput. Surv.},
  volume={54},
  number={9},
  pages={1--40},
  year={2021},
  publisher={ACM New York, NY}
}

@article{weiss2016survey,
  title={A survey of transfer learning},
  author={Weiss, Karl and Khoshgoftaar, Taghi M and Wang, DingDing},
  journal={J. Big Data},
  volume={3},
  number={1},
  pages={1--40},
  year={2016},
  publisher={SpringerOpen}
}

@article{zhuang2020comprehensive,
  title={A comprehensive survey on transfer learning},
  author={Zhuang, Fuzhen and Qi, Zhiyuan and Duan, Keyu and Xi, Dongbo and Zhu, Yongchun and Zhu, Hengshu and Xiong, Hui and He, Qing},
  journal={Proc. IEEE},
  volume={109},
  number={1},
  pages={43--76},
  year={2020},
  publisher={IEEE}
}

@inproceedings{he2016deep,
  title={Deep residual learning for image recognition},
  author={He, Kaiming and Zhang, Xiangyu and Ren, Shaoqing and Sun, Jian},
  booktitle={Proc. CVPR},
  pages={770--778},
  year={2016}
}

@book{devore1993constructive,
  title={Constructive approximation},
  author={DeVore, Ronald A and Lorentz, George G},
  volume={303},
  year={1993},
  publisher={Springer Science \& Business Media}
}


@article{bobadilla2013recommender,
  title={Recommender systems survey},
  author={Bobadilla, Jes{\'u}s and Ortega, Fernando and Hernando, Antonio and Guti{\'e}rrez, Abraham},
  journal={Knowledge-based systems},
  volume={46},
  pages={109--132},
  year={2013},
  publisher={Elsevier}
}

@misc{amato2013artificial,
  title={Artificial neural networks in medical diagnosis},
  author={Amato, Filippo and L{\'o}pez, Alberto and Pe{\~n}a-M{\'e}ndez, Eladia Mar{\'\i}a and Va{\v{n}}hara, Petr and Hampl, Ale{\v{s}} and Havel, Josef},
  journal={Journal of applied biomedicine},
  volume={11},
  number={2},
  pages={47--58},
  year={2013},
  publisher={Elsevier}
}

@article{yurtsever2020survey,
  title={A survey of autonomous driving: Common practices and emerging technologies},
  author={Yurtsever, Ekim and Lambert, Jacob and Carballo, Alexander and Takeda, Kazuya},
  journal={IEEE access},
  volume={8},
  pages={58443--58469},
  year={2020},
  publisher={IEEE}
}

@incollection{angwin2016machine,
  title={Machine bias},
  author={Angwin, Julia and Larson, Jeff and Mattu, Surya and Kirchner, Lauren},
  booktitle={Ethics of Data and Analytics},
  pages={254--264},
  year={2016},
  publisher={Auerbach Publications}
}

@inproceedings{hutchinson201950,
  title={50 years of test (un) fairness: Lessons for machine learning},
  author={Hutchinson, Ben and Mitchell, Margaret},
  booktitle={Proc. FACCT},
  pages={49--58},
  year={2019}
}

@article{laurent2000adaptive,
  title={Adaptive estimation of a quadratic functional by model selection},
  author={Laurent, Beatrice and Massart, Pascal},
  journal={Annals of Statistics},
  pages={1302--1338},
  year={2000},
  publisher={JSTOR}
}

@inproceedings{hsu2012random,
  title={Random design analysis of ridge regression},
  author={Hsu, Daniel and Kakade, Sham M and Zhang, Tong},
  booktitle={Conference on learning theory},
  pages={9--1},
  year={2012},
  organization={JMLR Workshop and Conference Proceedings}
}

@article{hsu2011analysis,
  title={An analysis of random design linear regression},
  author={Hsu, Daniel and Kakade, Sham M and Zhang, Tong},
  journal={arXiv preprint arXiv:1106.2363},
  volume={6},
  year={2011}
}


@article{BIGGIO2018317,
title = {Wild patterns: Ten years after the rise of adversarial machine learning},
journal = {Pattern Recognit.},
volume = {84},
pages = {317-331},
year = {2018},
issn = {0031-3203},
doi = {https://doi.org/10.1016/j.patcog.2018.07.023},
url = {https://www.sciencedirect.com/science/article/pii/S0031320318302565},
author = {Battista Biggio and Fabio Roli},
}


@article{oliynyk2023know,
author = {Oliynyk, Daryna and Mayer, Rudolf and Rauber, Andreas},
title = {I Know What You Trained Last Summer: A Survey on Stealing Machine Learning Models and Defences},
year = {2023},
issue_date = {December 2023},
publisher = {Association for Computing Machinery},
volume = {55},
number = {14s},
journal = {ACM Computing Surveys},
articleno = {324},
numpages = {41},
}



@inproceedings{yu2020cloudleak,
  title={CloudLeak: Large-Scale Deep Learning Models Stealing Through Adversarial Examples.},
  author={Yu, Honggang and Yang, Kaichen and Zhang, Teng and Tsai, Yun-Yun and Ho, Tsung-Yi and Jin, Yier},
  booktitle={NDSS},
  year={2020}
}

@inproceedings{sanyal2022towards,
  title={Towards data-free model stealing in a hard label setting},
  author={Sanyal, Sunandini and Addepalli, Sravanti and Babu, R Venkatesh},
  booktitle={Proc. CVPR},
  pages={15284--15293},
  year={2022}
}

@article{yuan2022attack,
  title={Es attack: Model stealing against deep neural networks without data hurdles},
  author={Yuan, Xiaoyong and Ding, Leah and Zhang, Lan and Li, Xiaolin and Wu, Dapeng Oliver},
  journal={IEEE Trans. Emerg. Top. Comput. Intell.},
  volume={6},
  number={5},
  pages={1258--1270},
  year={2022},
  publisher={IEEE}
}

@inproceedings{kariyappa2021maze,
  title={Maze: Data-free model stealing attack using zeroth-order gradient estimation},
  author={Kariyappa, Sanjay and Prakash, Atul and Qureshi, Moinuddin K},
  booktitle={Proc. CVPR},
  pages={13814--13823},
  year={2021}
}


@inproceedings{correia2018copycat,
  title={Copycat cnn: Stealing knowledge by persuading confession with random non-labeled data},
  author={Correia-Silva, Jacson Rodrigues and Berriel, Rodrigo F and Badue, Claudine and de Souza, Alberto F and Oliveira-Santos, Thiago},
  booktitle={Proc. IJCNN},
  pages={1--8},
  year={2018},
  organization={IEEE}
}

@inproceedings{truong2021data,
  title={Data-free model extraction},
  author={Truong, Jean-Baptiste and Maini, Pratyush and Walls, Robert J and Papernot, Nicolas},
  booktitle={Proc. CVPR},
  pages={4771--4780},
  year={2021}
}

@inproceedings{wang2022black,
  title={Black-box dissector: Towards erasing-based hard-label model stealing attack},
  author={Wang, Yixu and Li, Jie and Liu, Hong and Wang, Yan and Wu, Yongjian and Huang, Feiyue and Ji, Rongrong},
  booktitle={Proc. ECCV},
  pages={192--208},
  year={2022},
  organization={Springer}
}

@article{goodfellow2020generative,
  title={Generative adversarial networks},
  author={Goodfellow, Ian and Pouget-Abadie, Jean and Mirza, Mehdi and Xu, Bing and Warde-Farley, David and Ozair, Sherjil and Courville, Aaron and Bengio, Yoshua},
  journal={Commun. ACM},
  volume={63},
  number={11},
  pages={139--144},
  year={2020},
  publisher={ACM New York, NY, USA}
}

@inproceedings{zhang2021seat,
  title={{SEAT}: similarity encoder by adversarial training for detecting model extraction attack queries},
  author={Zhang, Zhanyuan and Chen, Yizheng and Wagner, David},
  booktitle={Proc. ACM Workshop AISec},
  pages={37--48},
  year={2021}
}

@inproceedings{liu2022seinspect,
  title={SeInspect: Defending Model Stealing via Heterogeneous Semantic Inspection},
  author={Liu, Xinjing and Ma, Zhuo and Liu, Yang and Qin, Zhan and Zhang, Junwei and Wang, Zhuzhu},
  booktitle={Proc. ESORICS},
  pages={610--630},
  year={2022},
  organization={Springer}
}

@article{dziedzic2022increasing,
  title={Increasing the cost of model extraction with calibrated proof of work},
  author={Dziedzic, Adam and Kaleem, Muhammad Ahmad and Lu, Yu Shen and Papernot, Nicolas},
  journal={Proc. ICLR},
  year={2022}
}

@inproceedings{kariyappa2020protecting,
  title={Protecting {DNNs} from theft using an ensemble of diverse models},
  author={Kariyappa, Sanjay and Prakash, Atul and Qureshi, Moinuddin K},
  booktitle={Proc. ICLR},
  year={2020}
}

@article{zhang2023apmsa,
  title={APMSA: adversarial perturbation against model stealing attacks},
  author={Zhang, Jiliang and Peng, Shuang and Gao, Yansong and Zhang, Zhi and Hong, Qinghui},
  journal={IEEE Trans. Inf. Forensics Secur.},
  volume={18},
  pages={1667--1679},
  year={2023},
  publisher={IEEE}
}



@article{duddu2018stealing,
  title={Stealing neural networks via timing side channels},
  author={Duddu, Vasisht and Samanta, Debasis and Rao, D Vijay and Balas, Valentina E},
  journal={arXiv preprint arXiv:1812.11720},
  year={2018}
}

@inproceedings{rolnick2020reverse,
  title={Reverse-engineering deep relu networks},
  author={Rolnick, David and Kording, Konrad},
  booktitle={Proc. ICML},
  pages={8178--8187},
  year={2020},
  organization={PMLR}
}


@inproceedings{jagielski2020high,
  title={High accuracy and high fidelity extraction of neural networks},
  author={Jagielski, Matthew and Carlini, Nicholas and Berthelot, David and Kurakin, Alex and Papernot, Nicolas},
  booktitle={Proc. USENIX},
  pages={1345--1362},
  year={2020}
}


@article{stock2022defending,
  title={Defending against Reconstruction Attacks with Renyi Differential Privacy},
  author={Stock, Pierre and Shilov, Igor and Mironov, Ilya and Sablayrolles, Alexandre},
  journal={arXiv preprint arXiv:2202.07623},
  year={2022}
}


@article{park2019attack,
  title={An attack-based evaluation method for differentially private learning against model inversion attack},
  author={Park, Cheolhee and Hong, Dowon and Seo, Changho},
  journal={IEEE Access},
  volume={7},
  pages={124988--124999},
  year={2019},
  publisher={IEEE}
}

@inproceedings{he2019model,
  title={Model inversion attacks against collaborative inference},
  author={He, Zecheng and Zhang, Tianwei and Lee, Ruby B},
  booktitle={Proceedings of the 35th Annual Computer Security Applications Conference},
  pages={148--162},
  year={2019}
}

@article{li2020federatedl,
  title={Federated learning: Challenges, methods, and future directions},
  author={Li, Tian and Sahu, Anit Kumar and Talwalkar, Ameet and Smith, Virginia},
  journal={IEEE Signal Processing Magazine},
  volume={37},
  number={3},
  pages={50--60},
  year={2020},
  publisher={IEEE}
}

@inproceedings{mcmahan2017communication,
  title={Communication-efficient learning of deep networks from decentralized data},
  author={McMahan, Brendan and Moore, Eider and Ramage, Daniel and Hampson, Seth and y Arcas, Blaise Aguera},
  booktitle={Proc. AISTATS},
  pages={1273--1282},
  year={2017},
  organization={PMLR}
}


@article{lyu2022privacy,
  title={Privacy and robustness in federated learning: Attacks and defenses},
  author={Lyu, Lingjuan and Yu, Han and Ma, Xingjun and Chen, Chen and Sun, Lichao and Zhao, Jun and Yang, Qiang and Philip, S Yu},
  journal={IEEE transactions on neural networks and learning systems},
  year={2022},
  publisher={IEEE}
}

@article{hatamizadeh2023gradient,
  title={Do gradient inversion attacks make federated learning unsafe?},
  author={Hatamizadeh, Ali and Yin, Hongxu and Molchanov, Pavlo and Myronenko, Andriy and Li, Wenqi and Dogra, Prerna and Feng, Andrew and Flores, Mona G and Kautz, Jan and Xu, Daguang and others},
  journal={IEEE Transactions on Medical Imaging},
  year={2023},
  publisher={IEEE}
}

@article{zhu2019deep,
  title={Deep leakage from gradients},
  author={Zhu, Ligeng and Liu, Zhijian and Han, Song},
  journal={Proc. NeurIPS},
  volume={32},
  year={2019}
}

@article{geiping2020inverting,
  title={Inverting gradients-how easy is it to break privacy in federated learning?},
  author={Geiping, Jonas and Bauermeister, Hartmut and Dr{\"o}ge, Hannah and Moeller, Michael},
  journal={Proc. NeurIPS},
  volume={33},
  pages={16937--16947},
  year={2020}
}

@article{geng2023improved,
  title={Improved Gradient Inversion Attacks and Defenses in Federated Learning},
  author={Geng, Jiahui and Mou, Yongli and Li, Qing and Li, Feifei and Beyan, Oya and Decker, Stefan and Rong, Chunming},
  journal={IEEE Trans. Big Data},
  year={2023},
  publisher={IEEE}
}


@inproceedings{carlini2016hidden,
  title={Hidden voice commands},
  author={Carlini, Nicholas and Mishra, Pratyush and Vaidya, Tavish and Zhang, Yuankai and Sherr, Micah and Shields, Clay and Wagner, David and Zhou, Wenchao},
  booktitle={Proc. USENIX},
  pages={513--530},
  year={2016}
}

@article{kurakin2016adversarial,
  title={Adversarial machine learning at scale},
  author={Kurakin, Alexey and Goodfellow, Ian and Bengio, Samy},
  journal={arXiv preprint arXiv:1611.01236},
  year={2016}
}

@article{goodfellow2014explaining,
  title={Explaining and harnessing adversarial examples},
  author={Goodfellow, Ian J and Shlens, Jonathon and Szegedy, Christian},
  journal={arXiv preprint arXiv:1412.6572},
  year={2014}
}

@article{xu2020adversarial,
  title={Adversarial attacks and defenses in images, graphs and text: A review},
  author={Xu, Han and Ma, Yao and Liu, Hao-Chen and Deb, Debayan and Liu, Hui and Tang, Ji-Liang and Jain, Anil K},
  journal={Int. J. Autom. Comput.},
  volume={17},
  pages={151--178},
  year={2020},
  publisher={Springer}
}

@article{sun2022adversarial,
  title={Adversarial attack and defense on graph data: A survey},
  author={Sun, Lichao and Dou, Yingtong and Yang, Carl and Zhang, Kai and Wang, Ji and Philip, S Yu and He, Lifang and Li, Bo},
  journal={IEEE Trans. Knowl. Data Eng.},
  year={2022},
  publisher={IEEE}
}


@article{biggio2012poisoning,
  title={Poisoning attacks against support vector machines},
  author={Biggio, Battista and Nelson, Blaine and Laskov, Pavel},
  journal={Proc. ICML},
  year={2012}
}

@article{blanchard2017machine,
  title={Machine learning with adversaries: Byzantine tolerant gradient descent},
  author={Blanchard, Peva and El Mhamdi, El Mahdi and Guerraoui, Rachid and Stainer, Julien},
  journal={Proc. NeurIPS},
  volume={30},
  year={2017}
}



@article{wang2023back,
  title={Demystifying Poisoning Backdoor Attacks from a Statistical Perspective },
  author={Wang, Ganghua and Xian, Xun and Srinivasa, Jayanth and Kundu, Ashish and Bi, Xuan and Hong, Mingyi and Ding, Jie },
  journal={ArXiv Preprint},
  year={2023},
}

@article{xian2023under,
  title={Understanding backdoor attacks through the adaptability hypothesis},
  author={Xian, Xun and Wang, Ganghua and Srinivasa, Jayanth and Kundu, Ashish and Bi, Xuan and Hong, Mingyi and Ding, Jie },
  journal={Proc. ICML},
  year={2023}
}

@article{tian2022comprehensive,
  title={A comprehensive survey on poisoning attacks and countermeasures in machine learning},
  author={Tian, Zhiyi and Cui, Lei and Liang, Jie and Yu, Shui},
  journal={ACM Comput. Surv.},
  volume={55},
  number={8},
  pages={1--35},
  year={2022},
  publisher={ACM New York, NY}
}


@inproceedings{papernot2018sok,
  title={Sok: Security and privacy in machine learning},
  author={Papernot, Nicolas and McDaniel, Patrick and Sinha, Arunesh and Wellman, Michael P},
  booktitle={IEEE European Symposium on Security and Privacy},
  pages={399--414},
  year={2018},
  organization={IEEE}
}

@inproceedings{li2019rsa,
  title={RSA: Byzantine-robust stochastic aggregation methods for distributed learning from heterogeneous datasets},
  author={Li, Liping and Xu, Wei and Chen, Tianyi and Giannakis, Georgios B and Ling, Qing},
  booktitle={Proc. AAAI},
  volume={33},
  number={01},
  pages={1544--1551},
  year={2019}
}

@inproceedings{ozdayi2021defending,
  title={Defending against backdoors in federated learning with robust learning rate},
  author={Ozdayi, Mustafa Safa and Kantarcioglu, Murat and Gel, Yulia R},
  booktitle={Proc. AAAI},
  volume={35},
  number={10},
  pages={9268--9276},
  year={2021}
}

@inproceedings{tolpegin2020data,
  title={Data poisoning attacks against federated learning systems},
  author={Tolpegin, Vale and Truex, Stacey and Gursoy, Mehmet Emre and Liu, Ling},
  booktitle={Proc. ESORICS},
  pages={480--501},
  year={2020},
  organization={Springer}
}

@article{wang2022reg,
  title={Regression with Set-Valued Categorical Predictors},
  author={Wang, Ganghua and Ding, Jie and Yang, Yuhong},
  journal={Stat. Sin.},
  year={2022},
  author+an={1=highlight;3=corresponding},
  keywords={journal},
  note = {\href{https://www3.stat.sinica.edu.tw/ss_newpaper/SS-2021-0332_na.pdf}{[pdf]}},
}

@inproceedings{HeteroFL,
  title={Hetero{FL}: Computation and communication efficient federated learning for heterogeneous clients},
  author={Diao, Enmao and Ding, Jie and Tarokh, Vahid},
  booktitle={Proc. ICLR},
  year={2021}
}

@inproceedings{FLOutlook,
  title={Federated Learning Challenges and Opportunities: An Outlook},
  author={Ding, Jie and Tramel, Eric and Sahu, Anit Kumar and Wu, Shuang and Avestimehr, Salman and Zhang, Tao},
  booktitle={Proc. ICASSP},
  year={2022}
}


@article{ding2022interval,
  title={Interval privacy: A framework for privacy-preserving data collection},
  author={Ding, Jie and Ding, Bangjun},
  journal={IEEE Trans. Signal Process.},
  volume={70},
  pages={2443--2459},
  year={2022},
  publisher={IEEE}
}


@article{lecun1998gradient,
  title={Gradient-based learning applied to document recognition},
  author={LeCun, Yann and Bottou, L{\'e}on and Bengio, Yoshua and Haffner, Patrick},
  journal={Proceedings of the IEEE},
  volume={86},
  number={11},
  pages={2278--2324},
  year={1998},
  publisher={Ieee}
}


@article{vershynin2010introduction,
  title={Introduction to the non-asymptotic analysis of random matrices},
  author={Vershynin, Roman},
  journal={arXiv preprint arXiv:1011.3027},
  year={2010}
}


@article{adenstedt1974large,
  title={On large-sample estimation for the mean of a stationary random sequence},
 author = {Rolf K. Adenstedt},
 journal = {The Annals of Statistics},
 number = {6},
 pages = {1095--1107},
 publisher = {Institute of Mathematical Statistics},
 urldate = {2024-12-28},
 volume = {2},
 year = {1974}
}

@inproceedings{reimers2019sentence,
  title={Sentence-BERT: Sentence Embeddings using Siamese BERT-Networks},
  author={Nils Reimers and Iryna Gurevych},
  booktitle={Conference on Empirical Methods in Natural Language Processing},
  year={2019},
}

#    author = {cjadams, and Jeffrey Sorensen, Julia Elliott, Lucas Dixon, Mark McDonald, nithum, Will Cukierski},
@misc{jigsaw-toxic-comment-classification-challenge,
 author = {Sorensen, Jeffrey and Elliott, Julia and Dixon, Lucas 
 and McDonald, Mark and nithum and Cukierski, Will },
title = {Toxic Comment Classification Challenge},
    publisher = {Kaggle},
    year = {2017},
    url = {https://kaggle.com/competitions/jigsaw-toxic-comment-classification-challenge}
}

@inproceedings{hateoffensive,
title = {Automated Hate Speech Detection and the Problem of Offensive Language}, 
author = {Davidson, Thomas and Warmsley, Dana and Macy, Michael and Weber, Ingmar}, 
booktitle = {Proceedings of the 11th International AAAI Conference on Web and Social Media},  
year = {2017}, 
location = {Montreal, Canada}, 
pages = {512-515} 
}

@article{zou2005regularization,
  title={Regularization and variable selection via the elastic net},
  author={Zou, Hui and Hastie, Trevor},
  journal={Journal of the Royal Statistical Society Series B: Statistical Methodology},
  volume={67},
  number={2},
  pages={301--320},
  year={2005},
  publisher={Oxford University Press}
}

@article{nan2014variable,
  title={Variable selection diagnostics measures for high-dimensional regression},
  author={Nan, Ying and Yang, Yuhong},
  journal={Journal of Computational and Graphical Statistics},
  volume={23},
  number={3},
  pages={636--656},
  year={2014},
  publisher={Taylor \& Francis}
}

@article{tibshirani1996regression,
  title={Regression shrinkage and selection via the lasso},
  author={Tibshirani, Robert},
  journal={Journal of the Royal Statistical Society Series B: Statistical Methodology},
  volume={58},
  number={1},
  pages={267--288},
  year={1996},
  publisher={Oxford University Press}
}


@article{dong2022gaussian,
  title={Gaussian differential privacy},
  author={Dong, Jinshuo and Roth, Aaron and Su, Weijie J},
  journal={Journal of the Royal Statistical Society: Series B},
  volume={84},
  number={1},
  pages={3--37},
  year={2022},
  publisher={Wiley Online Library}
}