@misc{craig,
      title={Coresets for Data-efficient Training of Machine Learning Models}, 
      author={Baharan Mirzasoleiman and Jeff Bilmes and Jure Leskovec},
      year={2020},
      eprint={1906.01827},
      archivePrefix={arXiv},
      primaryClass={cs.LG},
      url={https://arxiv.org/abs/1906.01827}, 
}

@misc{deftucs,
      title={DEFT: Data Efficient Fine-Tuning for Pre-Trained Language Models via Unsupervised Core-Set Selection}, 
      author={Devleena Das and Vivek Khetan},
      year={2024},
      eprint={2310.16776},
      archivePrefix={arXiv},
      primaryClass={cs.CL},
      url={https://arxiv.org/abs/2310.16776}, 
}

@misc{deita,
      title={What Makes Good Data for Alignment? A Comprehensive Study of Automatic Data Selection in Instruction Tuning}, 
      author={Wei Liu and Weihao Zeng and Keqing He and Yong Jiang and Junxian He},
      year={2024},
      archivePrefix={arXiv},
      primaryClass={cs.CL},
      url={https://arxiv.org/abs/2312.15685}, 
}

@misc{gradmatch,
      title={GRAD-MATCH: Gradient Matching based Data Subset Selection for Efficient Deep Model Training}, 
      author={Krishnateja Killamsetty and Durga Sivasubramanian and Ganesh Ramakrishnan and Abir De and Rishabh Iyer},
      year={2021},
      archivePrefix={arXiv},
      primaryClass={cs.LG},
      url={https://arxiv.org/abs/2103.00123}, 
}

@misc{kohliang,
      title={Understanding Black-box Predictions via Influence Functions}, 
      author={Pang Wei Koh and Percy Liang},
      year={2020},
      eprint={1703.04730},
      archivePrefix={arXiv},
      primaryClass={stat.ML},
      url={https://arxiv.org/abs/1703.04730}, 
}

@article{less,
  title={Less: Selecting influential data for targeted instruction tuning},
  author={Xia, Mengzhou and Malladi, Sadhika and Gururangan, Suchin and Arora, Sanjeev and Chen, Danqi},
  journal={arXiv preprint arXiv:2402.04333},
  year={2024}
}

@misc{selectit,
      title={SelectIT: Selective Instruction Tuning for Large Language Models via Uncertainty-Aware Self-Reflection}, 
      author={Liangxin Liu and Xuebo Liu and Derek F. Wong and Dongfang Li and Ziyi Wang and Baotian Hu and Min Zhang},
      year={2024},
      archivePrefix={arXiv},
      primaryClass={cs.CL},
      url={https://arxiv.org/abs/2402.16705}, 
}

@misc{smart,
      title={SMART: Submodular Data Mixture Strategy for Instruction Tuning}, 
      author={H S V N S Kowndinya Renduchintala and Sumit Bhatia and Ganesh Ramakrishnan},
      year={2024},
      archivePrefix={arXiv},
      primaryClass={cs.CL},
      url={https://arxiv.org/abs/2403.08370}, 
}

@misc{tsds,
      title={TSDS: Data Selection for Task-Specific Model Finetuning}, 
      author={Zifan Liu and Amin Karbasi and Theodoros Rekatsinas},
      year={2024},
      eprint={2410.11303},
      archivePrefix={arXiv},
      primaryClass={cs.LG},
      url={https://arxiv.org/abs/2410.11303}, 
}

@misc{wei2023largerlanguagemodelsincontext,
      title={Larger language models do in-context learning differently}, 
      author={Jerry Wei and Jason Wei and Yi Tay and Dustin Tran and Albert Webson and Yifeng Lu and Xinyun Chen and Hanxiao Liu and Da Huang and Denny Zhou and Tengyu Ma},
      year={2023},
      archivePrefix={arXiv},
      primaryClass={cs.CL},
      url={https://arxiv.org/abs/2303.03846}, 
}

