@article{dong2024tsd,
  title={TSD-SR: One-Step Diffusion with Target Score Distillation for Real-World Image Super-Resolution},
  author={Dong, Linwei and Fan, Qingnan and Guo, Yihong and Wang, Zhonghao and Zhang, Qi and Chen, Jinwei and Luo, Yawei and Zou, Changqing},
  journal={arXiv preprint arXiv:2411.18263},
  year={2024}
}

@article{he2024one,
  title={One step diffusion-based super-resolution with time-aware distillation},
  author={He, Xiao and Tang, Huaao and Tu, Zhijun and Zhang, Junchao and Cheng, Kun and Chen, Hanting and Guo, Yong and Zhu, Mingrui and Wang, Nannan and Gao, Xinbo and others},
  journal={arXiv preprint arXiv:2408.07476},
  year={2024}
}

@inproceedings{lin2023diffbir,
  title={Diffbir: Towards blind image restoration with generative diffusion prior},
  author={Lin, Xinqi and He, Jingwen and Chen, Ziyan and Lyu, Zhaoyang and Fei, Ben and Dai, Bo and Ouyang, Wanli and Qiao, Yu and Dong, Chao},
  booktitle={ECCV},
  year={2024}
}

@article{liu2022flow,
  title={Flow straight and fast: Learning to generate and transfer data with rectified flow},
  author={Liu, Xingchao and Gong, Chengyue and Liu, Qiang},
  journal={arXiv preprint arXiv:2209.03003},
  year={2022}
}

@inproceedings{liu2023instaflow,
  title={Instaflow: One step is enough for high-quality diffusion-based text-to-image generation},
  author={Liu, Xingchao and Zhang, Xiwen and Ma, Jianzhu and Peng, Jian and others},
  booktitle={ICLR},
  year={2023}
}

@inproceedings{nguyen2024swiftbrush,
  title={Swiftbrush: One-step text-to-image diffusion model with variational score distillation},
  author={Nguyen, Thuan Hoang and Tran, Anh},
  booktitle={CVPR},
  year={2024}
}

@article{podell2023sdxl,
  title={Sdxl: Improving latent diffusion models for high-resolution image synthesis},
  author={Podell, Dustin and English, Zion and Lacey, Kyle and Blattmann, Andreas and Dockhorn, Tim and M{\"u}ller, Jonas and Penna, Joe and Rombach, Robin},
  journal={arXiv preprint arXiv:2307.01952},
  year={2023}
}

@inproceedings{wang2023sinsr,
  title={SinSR: Diffusion-based image super-resolution in a single step},
  author={Wang, Yufei and Yang, Wenhan and Chen, Xinyuan and Wang, Yaohui and Guo, Lanqing and Chau, Lap-Pui and Liu, Ziwei and Qiao, Yu and Kot, Alex C and Wen, Bihan},
  booktitle={CVPR},
  year={2024}
}

@article{wang2024exploiting,
  title={Exploiting diffusion prior for real-world image super-resolution},
  author={Wang, Jianyi and Yue, Zongsheng and Zhou, Shangchen and Chan, Kelvin C. K. and Loy, Chen Change},
  journal={IJCV},
  year={2024},
  publisher={Springer}
}

@inproceedings{wang2024prolificdreamer,
  title={Prolificdreamer: High-fidelity and diverse text-to-3d generation with variational score distillation},
  author={Wang, Zhengyi and Lu, Cheng and Wang, Yikai and Bao, Fan and Li, Chongxuan and Su, Hang and Zhu, Jun},
  booktitle={NeurIPS},
  year={2024}
}

@article{wu2024one,
  title={One-Step Effective Diffusion Network for Real-World Image Super-Resolution},
  author={Wu, Rongyuan and Sun, Lingchen and Ma, Zhiyuan and Zhang, Lei},
  journal={arXiv preprint arXiv:2406.08177},
  year={2024}
}

@inproceedings{wu2024seesr,
  title={Seesr: Towards semantics-aware real-world image super-resolution},
  author={Wu, Rongyuan and Yang, Tao and Sun, Lingchen and Zhang, Zhengqiang and Li, Shuai and Zhang, Lei},
  booktitle={CVPR},
  year={2024}
}

@article{xie2024addsr,
  title={Addsr: Accelerating diffusion-based blind super-resolution with adversarial diffusion distillation},
  author={Xie, Rui and Tai, Ying and Zhao, Chen and Zhang, Kai and Zhang, Zhenyu and Zhou, Jun and Ye, Xiaoqian and Wang, Qian and Yang, Jian},
  journal={arXiv preprint arXiv:2404.01717},
  year={2024}
}

@article{yan2024perflow,
  title={Perflow: Piecewise rectified flow as universal plug-and-play accelerator},
  author={Yan, Hanshu and Liu, Xingchao and Pan, Jiachun and Liew, Jun Hao and Liu, Qiang and Feng, Jiashi},
  journal={arXiv preprint arXiv:2405.07510},
  year={2024}
}

@inproceedings{yang2023pixel,
  title={Pixel-aware stable diffusion for realistic image super-resolution and personalized stylization},
  author={Yang, Tao and Wu, Rongyuan and Ren, Peiran and Xie, Xuansong and Zhang, Lei},
  booktitle={ECCV},
  year={2024}
}

@inproceedings{yu2024scaling,
  title={Scaling up to excellence: Practicing model scaling for photo-realistic image restoration in the wild},
  author={Yu, Fanghua and Gu, Jinjin and Li, Zheyuan and Hu, Jinfan and Kong, Xiangtao and Wang, Xintao and He, Jingwen and Qiao, Yu and Dong, Chao},
  booktitle={CVPR},
  year={2024}
}

@inproceedings{yue2024resshift,
  title={Resshift: Efficient diffusion model for image super-resolution by residual shifting},
  author={Yue, Zongsheng and Wang, Jianyi and Loy, Chen Change},
  booktitle={NeurIPS},
  year={2024}
}

@inproceedings{zhang2023adding,
  title={Adding Conditional Control to Text-to-Image Diffusion Models}, 
  author={Lvmin Zhang and Anyi Rao and Maneesh Agrawala},
  booktitle={ICCV},
  year={2023},
}

