
%SR
@inproceedings{zhang2015image,
  title={Image super-resolution based on dictionary learning and anchored neighborhood regression with mutual incoherence},
  author={Zhang, Yulun and Gu, Kaiyu and Zhang, Yongbing and Zhang, Jian and Dai, Qiongdai},
  booktitle={Proc. {IEEE} Int. Conf. Image Process.},
  pages={591-595},
  month={Sep.},
  year={2015}
}

@inproceedings{dong2016accelerating,
  title={Accelerating the super-resolution convolutional neural network},
  author={Dong, Chao and Loy, Chen Change and Tang, Xiaoou},
  booktitle={ECCV},
  year={2016}
}

@article{dong2016image,
  title={Image super-resolution using deep convolutional networks},
  author={Dong, Chao and Loy, Chen Change and He, Kaiming and Tang, Xiaoou},
  journal={TPAMI},
  year={2016}
}

@inproceedings{kim2016accurate,
  title={Accurate image super-resolution using very deep convolutional networks},
  author={Kim, Jiwon and Lee, Jung Kwon and Lee, Kyoung Mu},
  booktitle={CVPR},
  year={2016},
}

@inproceedings{chen2023dual,
    title={Dual Aggregation Transformer for Image Super-Resolution},
    author={Chen, Zheng and Zhang, Yulun and Gu, Jinjin and Kong, Linghe and Yang, Xiaokang and Yu, Fisher},
    booktitle={ICCV},
    year={2023}
}

@article{wang2020deep,
  title={Deep learning for image super-resolution: A survey},
  author={Wang, Zhihao and Chen, Jian and Hoi, Steven C.H.},
  journal={TPAMI},
  year={2020},
  publisher={IEEE}
}

@inproceedings{ignatov2017dslr,
  title={Dslr-quality photos on mobile devices with deep convolutional networks},
  author={Ignatov, Andrey and Kobyshev, Nikolay and Timofte, Radu and Vanhoey, Kenneth and Van Gool, Luc},
  booktitle={ICCV},
  year={2017}
}

@article{liu2022blind,
  title={Blind image super-resolution: A survey and beyond},
  author={Liu, Anran and Liu, Yihao and Gu, Jinjin and Qiao, Yu and Dong, Chao},
  journal={TPAMI},
  year={2022}
}

@inproceedings{wang2021real,
  title={Real-ESRGAN: Training real-world blind super-resolution with pure synthetic data},
  author={Wang, Xintao and Xie, Liangbin and Dong, Chao and Shan, Ying},
  booktitle={ICCV},
  year={2021}
}

@inproceedings{ji2020real,
  title={Real-world super-resolution via kernel estimation and noise injection},
  author={Ji, Xiaozhong and Cao, Yun and Tai, Ying and Wang, Chengjie and Li, Jilin and Huang, Feiyue},
  booktitle={CVPRW},
  year={2020}
}

@inproceedings{wei2020component,
  title={Component divide-and-conquer for real-world image super-resolution},
  author={Wei, Pengxu and Xie, Ziwei and Lu, Hannan and Zhan, Zongyuan and Ye, Qixiang and Zuo, Wangmeng and Lin, Liang},
  booktitle={ECCV},
  year={2020}
}

@inproceedings{guo2023robustifying,
  title={Robustifying token attention for vision transformers},
  author={Guo, Yong and Stutz, David and Schiele, Bernt},
  booktitle={CVPR},
  year={2023}
}


% Diffusion
@inproceedings{ho2020denoising,
  title={Denoising diffusion probabilistic models},
  author={Ho, Jonathan and Jain, Ajay and Abbeel, Pieter},
  booktitle={NeurIPS},
  year={2020}
}

@inproceedings{song2020score,
  title={Score-based generative modeling through stochastic differential equations},
  author={Song, Yang and Sohl-Dickstein, Jascha and Kingma, Diederik P and Kumar, Abhishek and Ermon, Stefano and Poole, Ben},
  booktitle={ICLR},
  year={2020}
}

@inproceedings{Rombach_2022_CVPR,
    author={Rombach, Robin and Blattmann, Andreas and Lorenz, Dominik and Esser, Patrick and Ommer, Bj\"orn},
    title={High-Resolution Image Synthesis With Latent Diffusion Models},
    booktitle={CVPR},
    year={2022},
}

@misc{flux2023,
    author={Black Forest Labs},
    title={FLUX},
    year={2023},
    howpublished={\url{https://github.com/black-forest-labs/flux}},
}

@inproceedings{zhang2023adding,
  title={Adding Conditional Control to Text-to-Image Diffusion Models}, 
  author={Lvmin Zhang and Anyi Rao and Maneesh Agrawala},
  booktitle={ICCV},
  year={2023},
}

@article{podell2023sdxl,
  title={Sdxl: Improving latent diffusion models for high-resolution image synthesis},
  author={Podell, Dustin and English, Zion and Lacey, Kyle and Blattmann, Andreas and Dockhorn, Tim and M{\"u}ller, Jonas and Penna, Joe and Rombach, Robin},
  journal={arXiv preprint arXiv:2307.01952},
  year={2023}
}

@article{sauer2025adversarial,
  title={Adversarial diffusion distillation},
  author={Sauer, Axel and Lorenz, Dominik and Blattmann, Andreas and Rombach, Robin},
  journal={ECCV},
  year={2025}
}

@article{xu2024ufogen,
  title={Ufogen: You forward once large scale text-to-image generation via diffusion gans},
  author={Xu, Yanwu and Zhao, Yang and Xiao, Zhisheng and Hou, Tingbo},
  journal={CVPR},
  year={2024}
}

@article{sauer2024fast,
  title={Fast high-resolution image synthesis with latent adversarial diffusion distillation},
  author={Sauer, Axel and Boesel, Frederic and Dockhorn, Tim and Blattmann, Andreas and Esser, Patrick and Rombach, Robin},
  journal={arXiv preprint arXiv:2403.12015},
  year={2024}
}

@inproceedings{wang2022diffusion,
  title={Diffusion-gan: Training gans with diffusion},
  author={Wang, Zhendong and Zheng, Huangjie and He, Pengcheng and Chen, Weizhu and Zhou, Mingyuan},
  booktitle={ICLR},
  year={2023}
}

@inproceedings{nguyen2024swiftbrush,
  title={Swiftbrush: One-step text-to-image diffusion model with variational score distillation},
  author={Nguyen, Thuan Hoang and Tran, Anh},
  booktitle={CVPR},
  year={2024}
}

@inproceedings{wang2024prolificdreamer,
  title={Prolificdreamer: High-fidelity and diverse text-to-3d generation with variational score distillation},
  author={Wang, Zhengyi and Lu, Cheng and Wang, Yikai and Bao, Fan and Li, Chongxuan and Su, Hang and Zhu, Jun},
  booktitle={NeurIPS},
  year={2024}
}

@inproceedings{song2020denoising,
  title={Denoising diffusion implicit models},
  author={Song, Jiaming and Meng, Chenlin and Ermon, Stefano},
  booktitle={ICLR},
  year={2021}
}

@inproceedings{karras2022elucidating,
  title={Elucidating the design space of diffusion-based generative models},
  author={Karras, Tero and Aittala, Miika and Aila, Timo and Laine, Samuli},
  booktitle={NeurIPS},
  year={2022}
}

@inproceedings{liu2022pseudo,
  title={Pseudo numerical methods for diffusion models on manifolds},
  author={Liu, Luping and Ren, Yi and Lin, Zhijie and Zhao, Zhou},
  booktitle={ICLR},
  year={2022}
}

@inproceedings{lu2022dpm,
  title={Dpm-solver: A fast ode solver for diffusion probabilistic model sampling in around 10 steps},
  author={Lu, Cheng and Zhou, Yuhao and Bao, Fan and Chen, Jianfei and Li, Chongxuan and Zhu, Jun},
  booktitle={NeurIPS},
  year={2022}
}

@article{lu2022dpm++,
  title={Dpm-solver++: Fast solver for guided sampling of diffusion probabilistic models},
  author={Lu, Cheng and Zhou, Yuhao and Bao, Fan and Chen, Jianfei and Li, Chongxuan and Zhu, Jun},
  journal={arXiv preprint arXiv:2211.01095},
  year={2022}
}

@inproceedings{zhao2024unipc,
  title={Unipc: A unified predictor-corrector framework for fast sampling of diffusion models},
  author={Zhao, Wenliang and Bai, Lujia and Rao, Yongming and Zhou, Jie and Lu, Jiwen},
  booktitle={NeurIPS},
  year={2024}
}

@article{berthelot2023tract,
  title={Tract: Denoising diffusion models with transitive closure time-distillation},
  author={Berthelot, David and Autef, Arnaud and Lin, Jierui and Yap, Dian Ang and Zhai, Shuangfei and Hu, Siyuan and Zheng, Daniel and Talbott, Walter and Gu, Eric},
  journal={arXiv preprint arXiv:2303.04248},
  year={2023}
}

@inproceedings{rombach2022high,
  title={High-resolution image synthesis with latent diffusion models},
  author={Rombach, Robin and Blattmann, Andreas and Lorenz, Dominik and Esser, Patrick and Ommer, Bj√∂rn},
  booktitle={CVPR},
  year={2022}
}

@inproceedings{esser2024scaling,
  title={Scaling rectified flow transformers for high-resolution image synthesis},
  author={Esser, Patrick and Kulal, Sumith and Blattmann, Andreas and Entezari, Rahim and M{\"u}ller, Jonas and Saini, Harry and Levi, Yam and Lorenz, Dominik and Sauer, Axel and Boesel, Frederic and others},
  booktitle={Forty-first International Conference on Machine Learning},
  year={2024}
}

@article{liu2022flow,
  title={Flow straight and fast: Learning to generate and transfer data with rectified flow},
  author={Liu, Xingchao and Gong, Chengyue and Liu, Qiang},
  journal={arXiv preprint arXiv:2209.03003},
  year={2022}
}

@inproceedings{meng2023distillation,
  title={On distillation of guided diffusion models},
  author={Meng, Chenlin and Rombach, Robin and Gao, Ruiqi and Kingma, Diederik and Ermon, Stefano and Ho, Jonathan and Salimans, Tim},
  booktitle={CVPR},
  year={2023}
}

@inproceedings{salimans2022progressive,
  title={Progressive distillation for fast sampling of diffusion models},
  author={Salimans, Tim and Ho, Jonathan},
  booktitle={ICLR},
  year={2022}
}

@inproceedings{song2023consistency,
  title={Consistency models},
  author={Song, Yang and Dhariwal, Prafulla and Chen, Mark and Sutskever, Ilya},
  booktitle={ICML},
  year={2023}
}

@inproceedings{zheng2023fast,
  title={Fast sampling of diffusion models via operator learning},
  author={Zheng, Hongkai and Nie, Weili and Vahdat, Arash and Azizzadenesheli, Kamyar and Anandkumar, Anima},
  booktitle={ICML},
  year={2023}
}

@inproceedings{yin2023one,
  title={One-step diffusion with distribution matching distillation},
  author={Yin, Tianwei and Gharbi, Micha{\"e}l and Zhang, Richard and Shechtman, Eli and Durand, Fredo and Freeman, William T and Park, Taesung},
  booktitle={CVPR},
  year={2024}
}

@inproceedings{liu2023instaflow,
  title={Instaflow: One step is enough for high-quality diffusion-based text-to-image generation},
  author={Liu, Xingchao and Zhang, Xiwen and Ma, Jianzhu and Peng, Jian and others},
  booktitle={ICLR},
  year={2023}
}

@inproceedings{geng2024one,
  title={One-step diffusion distillation via deep equilibrium models},
  author={Geng, Zhengyang and Pokle, Ashwini and Kolter, J Zico},
  booktitle={NeurIPS},
  year={2024}
}

@inproceedings{yin2024one,
  title={One-step diffusion with distribution matching distillation},
  author={Yin, Tianwei and Gharbi, Micha{\"e}l and Zhang, Richard and Shechtman, Eli and Durand, Fredo and Freeman, William T and Park, Taesung},
  booktitle={CVPR},
  year={2024}
}

@article{yin2024improved,
  title={Improved Distribution Matching Distillation for Fast Image Synthesis},
  author={Yin, Tianwei and Gharbi, Micha{\"e}l and Park, Taesung and Zhang, Richard and Shechtman, Eli and Durand, Fredo and Freeman, William T},
  journal={arXiv preprint arXiv:2405.14867},
  year={2024}
}

@article{yan2024perflow,
  title={Perflow: Piecewise rectified flow as universal plug-and-play accelerator},
  author={Yan, Hanshu and Liu, Xingchao and Pan, Jiachun and Liew, Jun Hao and Liu, Qiang and Feng, Jiashi},
  journal={arXiv preprint arXiv:2405.07510},
  year={2024}
}

% GAN
@inproceedings{wang2021realesrgan,
  title={Real-esrgan: Training real-world blind super-resolution with pure synthetic data},
  author={Wang, Xintao and Xie, Liangbin and Dong, Chao and Shan, Ying},
  booktitle={ICCV},
  year={2021}
}

@article{goodfellow2020gan,
  title={Generative adversarial networks},
  author={Goodfellow, Ian and Pouget-Abadie, Jean and Mirza, Mehdi and Xu, Bing and Warde-Farley, David and Ozair, Sherjil and Courville, Aaron and Bengio, Yoshua},
  journal={COMMUN ACM},
  year={2020},
}

@inproceedings{tian2024visual,
  title={Visual autoregressive modeling: Scalable image generation via next-scale prediction},
  author={Tian, Keyu and Jiang, Yi and Yuan, Zehuan and Peng, Bingyue and Wang, Liwei},
  booktitle={NeurIPS},
  year={2024}
}


% diffusion SR


@inproceedings{zhang2021designing,
  title={Designing a practical degradation model for deep blind image super-resolution},
  author={Zhang, Kai and Liang, Jingyun and Van Gool, Luc and Timofte, Radu},
  booktitle={ICCV},
  year={2021}
}

@inproceedings{wu2024seesr,
  title={Seesr: Towards semantics-aware real-world image super-resolution},
  author={Wu, Rongyuan and Yang, Tao and Sun, Lingchen and Zhang, Zhengqiang and Li, Shuai and Zhang, Lei},
  booktitle={CVPR},
  year={2024}
}

@inproceedings{yang2023pixel,
  title={Pixel-aware stable diffusion for realistic image super-resolution and personalized stylization},
  author={Yang, Tao and Wu, Rongyuan and Ren, Peiran and Xie, Xuansong and Zhang, Lei},
  booktitle={ECCV},
  year={2024}
}

@inproceedings{lin2023diffbir,
  title={Diffbir: Towards blind image restoration with generative diffusion prior},
  author={Lin, Xinqi and He, Jingwen and Chen, Ziyan and Lyu, Zhaoyang and Fei, Ben and Dai, Bo and Ouyang, Wanli and Qiao, Yu and Dong, Chao},
  booktitle={ECCV},
  year={2024}
}

@inproceedings{yu2024scaling,
  title={Scaling up to excellence: Practicing model scaling for photo-realistic image restoration in the wild},
  author={Yu, Fanghua and Gu, Jinjin and Li, Zheyuan and Hu, Jinfan and Kong, Xiangtao and Wang, Xintao and He, Jingwen and Qiao, Yu and Dong, Chao},
  booktitle={CVPR},
  year={2024}
}

@inproceedings{wang2023sinsr,
  title={SinSR: Diffusion-based image super-resolution in a single step},
  author={Wang, Yufei and Yang, Wenhan and Chen, Xinyuan and Wang, Yaohui and Guo, Lanqing and Chau, Lap-Pui and Liu, Ziwei and Qiao, Yu and Kot, Alex C and Wen, Bihan},
  booktitle={CVPR},
  year={2024}
}

@article{wu2024one,
  title={One-Step Effective Diffusion Network for Real-World Image Super-Resolution},
  author={Wu, Rongyuan and Sun, Lingchen and Ma, Zhiyuan and Zhang, Lei},
  journal={arXiv preprint arXiv:2406.08177},
  year={2024}
}

@article{xie2024addsr,
  title={Addsr: Accelerating diffusion-based blind super-resolution with adversarial diffusion distillation},
  author={Xie, Rui and Tai, Ying and Zhao, Chen and Zhang, Kai and Zhang, Zhenyu and Zhou, Jun and Ye, Xiaoqian and Wang, Qian and Yang, Jian},
  journal={arXiv preprint arXiv:2404.01717},
  year={2024}
}

@article{li2024distillation,
  title={Distillation-free one-step diffusion for real-world image super-resolution},
  author={Li, Jianze and Cao, Jiezhang and Zou, Zichen and Su, Xiongfei and Yuan, Xin and Zhang, Yulun and Guo, Yong and Yang, Xiaokang},
  journal={arXiv preprint arXiv:2410.04224},
  year={2024}
}

@article{he2024one,
  title={One step diffusion-based super-resolution with time-aware distillation},
  author={He, Xiao and Tang, Huaao and Tu, Zhijun and Zhang, Junchao and Cheng, Kun and Chen, Hanting and Guo, Yong and Zhu, Mingrui and Wang, Nannan and Gao, Xinbo and others},
  journal={arXiv preprint arXiv:2408.07476},
  year={2024}
}

@article{dong2024tsd,
  title={TSD-SR: One-Step Diffusion with Target Score Distillation for Real-World Image Super-Resolution},
  author={Dong, Linwei and Fan, Qingnan and Guo, Yihong and Wang, Zhonghao and Zhang, Qi and Chen, Jinwei and Luo, Yawei and Zou, Changqing},
  journal={arXiv preprint arXiv:2411.18263},
  year={2024}
}

@article{wang2024exploiting,
  title={Exploiting diffusion prior for real-world image super-resolution},
  author={Wang, Jianyi and Yue, Zongsheng and Zhou, Shangchen and Chan, Kelvin C. K. and Loy, Chen Change},
  journal={IJCV},
  year={2024},
  publisher={Springer}
}

@inproceedings{yue2024resshift,
  title={Resshift: Efficient diffusion model for image super-resolution by residual shifting},
  author={Yue, Zongsheng and Wang, Jianyi and Loy, Chen Change},
  booktitle={NeurIPS},
  year={2024}
}

% benchmarks & datasets

@inproceedings{zhang2018unreasonable,
  title={The unreasonable effectiveness of deep features as a perceptual metric},
  author={Zhang, Richard and Isola, Phillip and Efros, Alexei A and Shechtman, Eli and Wang, Oliver},
  booktitle={CVPR},
  year={2018}
}

@misc{cai2019realworld,
  title={Toward Real-World Single Image Super-Resolution: A New Benchmark and A New Model}, 
  author={Jianrui Cai and Hui Zeng and Hongwei Yong and Zisheng Cao and Lei Zhang},
  year={2019},
  eprint={1904.00523},
  archivePrefix={arXiv},
  primaryClass={cs.CV}
}

@article{ding2020image,
  title={Image quality assessment: Unifying structure and texture similarity},
  author={Ding, Keyan and Ma, Kede and Wang, Shiqi and Simoncelli, Eero P},
  journal={TPAMI},
  year={2020}
}

@article{zhang2015feature,
  title={A feature-enriched completely blind image quality evaluator},
  author={Zhang, Lin and Zhang, Lei and Bovik, Alan C.},
  journal={TIP},
  year={2015}
}

@inproceedings{ke2021musiq,
  title={Musiq: Multi-scale image quality transformer},
  author={Ke, Junjie and Wang, Qifei and Wang, Yilin and Milanfar, Peyman and Yang, Feng},
  booktitle={ICCV},
  year={2021}
}

@inproceedings{yang2022maniqa,
  title={Maniqa: Multi-dimension attention network for no-reference image quality assessment},
  author={Yang, Sidi and Wu, Tianhe and Shi, Shuwei and Lao, Shanshan and Gong, Yuan and Cao, Mingdeng and Wang, Jiahao and Yang, Yujiu},
  booktitle={CVPR},
  year={2022}
}

@inproceedings{wang2023exploring,
  title={Exploring clip for assessing the look and feel of images},
  author={Wang, Jianyi and Chan, Kelvin CK and Loy, Chen Change},
  booktitle={AAAI},
  year={2023}
}

@inproceedings{karras2019ffhq,
      title={A Style-Based Generator Architecture for Generative Adversarial Networks}, 
      author={Tero Karras and Samuli Laine and Timo Aila},
      booktitle={CVPR},
      year={2024}
}

@inproceedings{li2023lsdir,
  title={Lsdir: A large scale dataset for image restoration},
  author={Li, Yawei and Zhang, Kai and Liang, Jingyun and Cao, Jiezhang and Liu, Ce and Gong, Rui and Zhang, Yulun and Tang, Hao and Liu, Yun and Demandolx, Denis and others},
  booktitle={CVPRW},
  year={2023}
}

@inproceedings{agustsson2017ntire,
  title={Ntire 2017 challenge on single image super-resolution: Dataset and study},
  author={Agustsson, Eirikur and Timofte, Radu},
  booktitle={CVPRW},
  year={2017}
}

@article{chen2024topiq,
  title={Topiq: A top-down approach from semantics to distortions for image quality assessment},
  author={Chen, Chaofeng and Mo, Jiadi and Hou, Jingwen and Wu, Haoning and Liao, Liang and Sun, Wenxiu and Yan, Qiong and Lin, Weisi},
  journal={IEEE TIP},
  year={2024},
}

@article{wu2023q,
  title={Q-align: Teaching lmms for visual scoring via discrete text-defined levels},
  author={Wu, Haoning and Zhang, Zicheng and Zhang, Weixia and Chen, Chaofeng and Liao, Liang and Li, Chunyi and Gao, Yixuan and Wang, Annan and Zhang, Erli and Sun, Wenxiu and others},
  journal={arXiv preprint arXiv:2312.17090},
  year={2023}
}

$llm
@article{henighan2020scaling,
  title={Scaling laws for autoregressive generative modeling},
  author={Henighan, Tom and Kaplan, Jared and Katz, Mor and Chen, Mark and Hesse, Christopher and Jackson, Jacob and Jun, Heewoo and Brown, Tom B and Dhariwal, Prafulla and Gray, Scott and others},
  journal={arXiv preprint arXiv:2010.14701},
  year={2020}
}

@article{hu2021lora,
  title={Lora: Low-rank adaptation of large language models},
  author={Hu, Edward J and Shen, Yelong and Wallis, Phillip and Allen-Zhu, Zeyuan and Li, Yuanzhi and Wang, Shean and Wang, Lu and Chen, Weizhu},
  journal={arXiv preprint arXiv:2106.09685},
  year={2021}
}