@misc{Hallueval,
      title={HaluEval: A Large-Scale Hallucination Evaluation Benchmark for Large Language Models}, 
      author={Junyi Li and Xiaoxue Cheng and Wayne Xin Zhao and Jian-Yun Nie and Ji-Rong Wen},
      year={2023},
      eprint={2305.11747},
      archivePrefix={arXiv},
      primaryClass={cs.CL},
      url={https://arxiv.org/abs/2305.11747}, 
}

@misc{KnowHallu,
      title={KnowHalu: Hallucination Detection via Multi-Form Knowledge Based Factual Checking}, 
      author={Jiawei Zhang and Chejian Xu and Yu Gai and Freddy Lecue and Dawn Song and Bo Li},
      year={2024},
      eprint={2404.02935},
      archivePrefix={arXiv},
      primaryClass={cs.CL},
      url={https://arxiv.org/abs/2404.02935}, 
}

@inproceedings{PubmedQA,
  title={PubMedQA: A Dataset for Biomedical Research Question Answering},
  author={Jin, Qiao and Dhingra, Bhuwan and Liu, Zhengping and Cohen, William and Lu, Xinghua},
  booktitle={Proceedings of the 2019 Conference on Empirical Methods in Natural Language Processing and the 9th International Joint Conference on Natural Language Processing (EMNLP-IJCNLP)},
  pages={2567--2577},
  year={2019}
}

@article{achiam2023gpt,
  title={Gpt-4 technical report},
  author={Achiam, Josh and Adler, Steven and Agarwal, Sandhini and Ahmad, Lama and Akkaya, Ilge and Aleman, Florencia Leoni and Almeida, Diogo and Altenschmidt, Janko and Altman, Sam and Anadkat, Shyamal and others},
  journal={arXiv preprint arXiv:2303.08774},
  year={2023}
}

@article{saab2024capabilities,
  title={Capabilities of gemini models in medicine},
  author={Saab, Khaled and Tu, Tao and Weng, Wei-Hung and Tanno, Ryutaro and Stutz, David and Wulczyn, Ellery and Zhang, Fan and Strother, Tim and Park, Chunjong and Vedadi, Elahe and others},
  journal={arXiv preprint arXiv:2404.18416},
  year={2024}
}

@inproceedings{Krishna_2024_software,
   title={Using LLMs in Software Requirements Specifications: An Empirical Evaluation},
   url={http://dx.doi.org/10.1109/RE59067.2024.00056},
   DOI={10.1109/re59067.2024.00056},
   booktitle={2024 IEEE 32nd International Requirements Engineering Conference (RE)},
   publisher={IEEE},
   author={Krishna, Madhava and Gaur, Bhagesh and Verma, Arsh and Jalote, Pankaj},
   year={2024},
   month=jun, pages={475â€“483} }

@article{Kessler2019SuicidePM,
  title={Suicide prediction models: a critical review of recent research with recommendations for the way forward},
  author={Ronald C. Kessler and Robert M. Bossarte and Alexander Luedtke and Alan M. Zaslavsky and Jos{\'e} R. Zubizarreta},
  journal={Molecular Psychiatry},
  year={2019},
  volume={25},
  pages={168-179},
  url={https://api.semanticscholar.org/CorpusID:203609505}
}

@misc{yuksekgonul2024textgradautomaticdifferentiationtext,
      title={TextGrad: Automatic "Differentiation" via Text}, 
      author={Mert Yuksekgonul and Federico Bianchi and Joseph Boen and Sheng Liu and Zhi Huang and Carlos Guestrin and James Zou},
      year={2024},
      eprint={2406.07496},
      archivePrefix={arXiv},
      primaryClass={cs.CL},
      url={https://arxiv.org/abs/2406.07496}, 
}

@misc{singhal2022largelanguagemodelsencode_health,
      title={Large Language Models Encode Clinical Knowledge}, 
      author={Karan Singhal and Shekoofeh Azizi and Tao Tu and S. Sara Mahdavi and Jason Wei and Hyung Won Chung and Nathan Scales and Ajay Tanwani and Heather Cole-Lewis and Stephen Pfohl and Perry Payne and Martin Seneviratne and Paul Gamble and Chris Kelly and Nathaneal Scharli and Aakanksha Chowdhery and Philip Mansfield and Blaise Aguera y Arcas and Dale Webster and Greg S. Corrado and Yossi Matias and Katherine Chou and Juraj Gottweis and Nenad Tomasev and Yun Liu and Alvin Rajkomar and Joelle Barral and Christopher Semturs and Alan Karthikesalingam and Vivek Natarajan},
      year={2022},
      eprint={2212.13138},
      archivePrefix={arXiv},
      primaryClass={cs.CL},
      url={https://arxiv.org/abs/2212.13138}, 
}

@misc{bang2023multitaskmultilingualmultimodalevaluation_hallucination,
      title={A Multitask, Multilingual, Multimodal Evaluation of ChatGPT on Reasoning, Hallucination, and Interactivity}, 
      author={Yejin Bang and Samuel Cahyawijaya and Nayeon Lee and Wenliang Dai and Dan Su and Bryan Wilie and Holy Lovenia and Ziwei Ji and Tiezheng Yu and Willy Chung and Quyet V. Do and Yan Xu and Pascale Fung},
      year={2023},
      eprint={2302.04023},
      archivePrefix={arXiv},
      primaryClass={cs.CL},
      url={https://arxiv.org/abs/2302.04023}, 
}

@misc{leng2023mitigatingobjecthallucinationslarge_architecture,
      title={Mitigating Object Hallucinations in Large Vision-Language Models through Visual Contrastive Decoding}, 
      author={Sicong Leng and Hang Zhang and Guanzheng Chen and Xin Li and Shijian Lu and Chunyan Miao and Lidong Bing},
      year={2023},
      eprint={2311.16922},
      archivePrefix={arXiv},
      primaryClass={cs.CV},
      url={https://arxiv.org/abs/2311.16922}, 
}

@misc{kalai2024calibratedlanguagemodelshallucinate_architecture,
      title={Calibrated Language Models Must Hallucinate}, 
      author={Adam Tauman Kalai and Santosh S. Vempala},
      year={2024},
      eprint={2311.14648},
      archivePrefix={arXiv},
      primaryClass={cs.CL},
      url={https://arxiv.org/abs/2311.14648}, 
}

@misc{zhang2024knowledgeovershadowingcausesamalgamated_data,
      title={Knowledge Overshadowing Causes Amalgamated Hallucination in Large Language Models}, 
      author={Yuji Zhang and Sha Li and Jiateng Liu and Pengfei Yu and Yi R. Fung and Jing Li and Manling Li and Heng Ji},
      year={2024},
      eprint={2407.08039},
      archivePrefix={arXiv},
      primaryClass={cs.CL},
      url={https://arxiv.org/abs/2407.08039}, 
}

@misc{han2024skipnsimplemethod_data,
      title={Skip \\n: A Simple Method to Reduce Hallucination in Large Vision-Language Models}, 
      author={Zongbo Han and Zechen Bai and Haiyang Mei and Qianli Xu and Changqing Zhang and Mike Zheng Shou},
      year={2024},
      eprint={2402.01345},
      archivePrefix={arXiv},
      primaryClass={cs.CV},
      url={https://arxiv.org/abs/2402.01345}, 
}

@misc{wang2023selfconsistencyimproveschainthought,
      title={Self-Consistency Improves Chain of Thought Reasoning in Language Models}, 
      author={Xuezhi Wang and Jason Wei and Dale Schuurmans and Quoc Le and Ed Chi and Sharan Narang and Aakanksha Chowdhery and Denny Zhou},
      year={2023},
      eprint={2203.11171},
      archivePrefix={arXiv},
      primaryClass={cs.CL},
      url={https://arxiv.org/abs/2203.11171}, 
}

@misc{huang2022largelanguagemodelsselfimprove,
      title={Large Language Models Can Self-Improve}, 
      author={Jiaxin Huang and Shixiang Shane Gu and Le Hou and Yuexin Wu and Xuezhi Wang and Hongkun Yu and Jiawei Han},
      year={2022},
      eprint={2210.11610},
      archivePrefix={arXiv},
      primaryClass={cs.CL},
      url={https://arxiv.org/abs/2210.11610}, 
}

@inproceedings{Semnani_2023_RAG_Hallu,
   title={WikiChat: Stopping the Hallucination of Large Language Model Chatbots by Few-Shot Grounding on Wikipedia},
   url={http://dx.doi.org/10.18653/v1/2023.findings-emnlp.157},
   DOI={10.18653/v1/2023.findings-emnlp.157},
   booktitle={Findings of the Association for Computational Linguistics: EMNLP 2023},
   publisher={Association for Computational Linguistics},
   author={Semnani, Sina and Yao, Violet and Zhang, Heidi and Lam, Monica},
   year={2023} }

@misc{
lee2019hallucinations_translation,
title={Hallucinations in Neural Machine Translation},
author={Katherine Lee and Orhan Firat and Ashish Agarwal and Clara Fannjiang and David Sussillo},
year={2019},
url={https://openreview.net/forum?id=SkxJ-309FQ},
}

@inproceedings{durmus-etal-2020-feqa_summarization,
    title = "{FEQA}: A Question Answering Evaluation Framework for Faithfulness Assessment in Abstractive Summarization",
    author = "Durmus, Esin  and
      He, He  and
      Diab, Mona",
    editor = "Jurafsky, Dan  and
      Chai, Joyce  and
      Schluter, Natalie  and
      Tetreault, Joel",
    booktitle = "Proceedings of the 58th Annual Meeting of the Association for Computational Linguistics",
    month = jul,
    year = "2020",
    address = "Online",
    publisher = "Association for Computational Linguistics",
    url = "https://aclanthology.org/2020.acl-main.454/",
    doi = "10.18653/v1/2020.acl-main.454",
    pages = "5055--5070",
    abstract = "Neural abstractive summarization models are prone to generate content inconsistent with the source document, i.e. unfaithful. Existing automatic metrics do not capture such mistakes effectively. We tackle the problem of evaluating faithfulness of a generated summary given its source document. We first collected human annotations of faithfulness for outputs from numerous models on two datasets. We find that current models exhibit a trade-off between abstractiveness and faithfulness: outputs with less word overlap with the source document are more likely to be unfaithful. Next, we propose an automatic question answering (QA) based metric for faithfulness, FEQA, which leverages recent advances in reading comprehension. Given question-answer pairs generated from the summary, a QA model extracts answers from the document; non-matched answers indicate unfaithful information in the summary. Among metrics based on word overlap, embedding similarity, and learned language understanding models, our QA-based metric has significantly higher correlation with human faithfulness scores, especially on highly abstractive summaries."
}

@article{jin2021disease_medqa,
  title={What disease does this patient have? a large-scale open domain question answering dataset from medical exams},
  author={Jin, Di and Pan, Eileen and Oufattole, Nassim and Weng, Wei-Hung and Fang, Hanyi and Szolovits, Peter},
  journal={Applied Sciences},
  volume={11},
  number={14},
  pages={6421},
  year={2021},
  publisher={MDPI}
}

@inproceedings{pal2022medmcqa,
  title={Medmcqa: A large-scale multi-subject multi-choice dataset for medical domain question answering},
  author={Pal, Ankit and Umapathi, Logesh Kumar and Sankarasubbu, Malaikannan},
  booktitle={Conference on health, inference, and learning},
  pages={248--260},
  year={2022},
  organization={PMLR}
}

@misc{wei2023chainofthoughtpromptingelicitsreasoning,
      title={Chain-of-Thought Prompting Elicits Reasoning in Large Language Models}, 
      author={Jason Wei and Xuezhi Wang and Dale Schuurmans and Maarten Bosma and Brian Ichter and Fei Xia and Ed Chi and Quoc Le and Denny Zhou},
      year={2023},
      eprint={2201.11903},
      archivePrefix={arXiv},
      primaryClass={cs.CL},
      url={https://arxiv.org/abs/2201.11903}, 
}

@misc{dhuliawala2023chainofverificationreduceshallucinationlarge,
      title={Chain-of-Verification Reduces Hallucination in Large Language Models}, 
      author={Shehzaad Dhuliawala and Mojtaba Komeili and Jing Xu and Roberta Raileanu and Xian Li and Asli Celikyilmaz and Jason Weston},
      year={2023},
      eprint={2309.11495},
      archivePrefix={arXiv},
      primaryClass={cs.CL},
      url={https://arxiv.org/abs/2309.11495}, 
}

@misc{roller2020recipesbuildingopendomainchatbot_fact1,
      title={Recipes for building an open-domain chatbot}, 
      author={Stephen Roller and Emily Dinan and Naman Goyal and Da Ju and Mary Williamson and Yinhan Liu and Jing Xu and Myle Ott and Kurt Shuster and Eric M. Smith and Y-Lan Boureau and Jason Weston},
      year={2020},
      eprint={2004.13637},
      archivePrefix={arXiv},
      primaryClass={cs.CL},
      url={https://arxiv.org/abs/2004.13637}, 
}

@misc{komeili2021internetaugmenteddialoguegeneration_fact2,
      title={Internet-Augmented Dialogue Generation}, 
      author={Mojtaba Komeili and Kurt Shuster and Jason Weston},
      year={2021},
      eprint={2107.07566},
      archivePrefix={arXiv},
      primaryClass={cs.AI},
      url={https://arxiv.org/abs/2107.07566}, 
}
@misc{shuster2021retrievalaugmentationreduceshallucination_factrag3,
      title={Retrieval Augmentation Reduces Hallucination in Conversation}, 
      author={Kurt Shuster and Spencer Poff and Moya Chen and Douwe Kiela and Jason Weston},
      year={2021},
      eprint={2104.07567},
      archivePrefix={arXiv},
      primaryClass={cs.CL},
      url={https://arxiv.org/abs/2104.07567}, 
}

@misc{manakul2023selfcheckgptzeroresourceblackboxhallucination_detect1,
      title={SelfCheckGPT: Zero-Resource Black-Box Hallucination Detection for Generative Large Language Models}, 
      author={Potsawee Manakul and Adian Liusie and Mark J. F. Gales},
      year={2023},
      eprint={2303.08896},
      archivePrefix={arXiv},
      primaryClass={cs.CL},
      url={https://arxiv.org/abs/2303.08896}, 
}

@misc{azaria2023internalstatellmknows_detect2,
      title={The Internal State of an LLM Knows When It's Lying}, 
      author={Amos Azaria and Tom Mitchell},
      year={2023},
      eprint={2304.13734},
      archivePrefix={arXiv},
      primaryClass={cs.CL},
      url={https://arxiv.org/abs/2304.13734}, 
}

@article{Farquhar2024DetectingHI_semantic_entropy,
  title={Detecting hallucinations in large language models using semantic entropy},
  author={Sebastian Farquhar and Jannik Kossen and Lorenz Kuhn and Yarin Gal},
  journal={Nature},
  year={2024},
  volume={630},
  pages={625 - 630},
  url={https://api.semanticscholar.org/CorpusID:270615909}
}


@misc{christophe2024med42v2suiteclinicalllms,
      title={Med42-v2: A Suite of Clinical LLMs}, 
      author={ClÃ©ment Christophe and Praveen K Kanithi and Tathagata Raha and Shadab Khan and Marco AF Pimentel},
      year={2024},
      eprint={2408.06142},
      archivePrefix={arXiv},
      primaryClass={cs.CL},
      url={https://arxiv.org/abs/2408.06142}, 
}

@misc{he2021debertadecodingenhancedbertdisentangled,
      title={DeBERTa: Decoding-enhanced BERT with Disentangled Attention}, 
      author={Pengcheng He and Xiaodong Liu and Jianfeng Gao and Weizhu Chen},
      year={2021},
      eprint={2006.03654},
      archivePrefix={arXiv},
      primaryClass={cs.CL},
      url={https://arxiv.org/abs/2006.03654}, 
}

@misc{gemmateam2024gemma2improvingopen,
      title={Gemma 2: Improving Open Language Models at a Practical Size}, 
      author={DeepMind},
      year={2024},
      eprint={2408.00118},
      archivePrefix={arXiv},
      primaryClass={cs.CL},
      url={https://arxiv.org/abs/2408.00118}, 
}

@misc{grattafiori2024llama3herdmodels,
      title={The Llama 3 Herd of Models}, 
      author={Meta},
      year={2024},
      eprint={2407.21783},
      archivePrefix={arXiv},
      primaryClass={cs.AI},
      url={https://arxiv.org/abs/2407.21783}, 
}

@misc{qwen2025qwen25technicalreport,
      title={Qwen2.5 Technical Report}, 
      author={Qwen},
      year={2025},
      eprint={2412.15115},
      archivePrefix={arXiv},
      primaryClass={cs.CL},
      url={https://arxiv.org/abs/2412.15115}, 
}

@misc{openai2024gpt4ocard,
      title={GPT-4o System Card}, 
      author={OpenAI},
      year={2024},
      eprint={2410.21276},
      archivePrefix={arXiv},
      primaryClass={cs.CL},
      url={https://arxiv.org/abs/2410.21276}, 
}

@misc{deepseekai2025deepseekr1incentivizingreasoningcapability,
      title={DeepSeek-R1: Incentivizing Reasoning Capability in LLMs via Reinforcement Learning}, 
      author={DeepSeek-AI},
      year={2025},
      eprint={2501.12948},
      archivePrefix={arXiv},
      primaryClass={cs.CL},
      url={https://arxiv.org/abs/2501.12948}, 
}


@article{Ji_2023_12RW,
   title={Survey of Hallucination in Natural Language Generation},
   volume={55},
   ISSN={1557-7341},
   url={http://dx.doi.org/10.1145/3571730},
   DOI={10.1145/3571730},
   number={12},
   journal={ACM Computing Surveys},
   publisher={Association for Computing Machinery (ACM)},
   author={Ji, Ziwei and Lee, Nayeon and Frieske, Rita and Yu, Tiezheng and Su, Dan and Xu, Yan and Ishii, Etsuko and Bang, Ye Jin and Madotto, Andrea and Fung, Pascale},
   year={2023},
   month=mar, pages={1â€“38} }

@misc{
lee2019hallucinations_13RW,
title={Hallucinations in Neural Machine Translation},
author={Katherine Lee and Orhan Firat and Ashish Agarwal and Clara Fannjiang and David Sussillo},
year={2019},
url={https://openreview.net/forum?id=SkxJ-309FQ},
}

@inproceedings{balakrishnan-etal-2019-constrained_14RW,
    title = "Constrained Decoding for Neural {NLG} from Compositional Representations in Task-Oriented Dialogue",
    author = "Balakrishnan, Anusha  and
      Rao, Jinfeng  and
      Upasani, Kartikeya  and
      White, Michael  and
      Subba, Rajen",
    editor = "Korhonen, Anna  and
      Traum, David  and
      M{\`a}rquez, Llu{\'i}s",
    booktitle = "Proceedings of the 57th Annual Meeting of the Association for Computational Linguistics",
    month = jul,
    year = "2019",
    address = "Florence, Italy",
    publisher = "Association for Computational Linguistics",
    url = "https://aclanthology.org/P19-1080/",
    doi = "10.18653/v1/P19-1080",
    pages = "831--844",
}

@inproceedings{durmus-etal-2020-feqa_15RW,
    title = "{FEQA}: A Question Answering Evaluation Framework for Faithfulness Assessment in Abstractive Summarization",
    author = "Durmus, Esin  and
      He, He  and
      Diab, Mona",
    editor = "Jurafsky, Dan  and
      Chai, Joyce  and
      Schluter, Natalie  and
      Tetreault, Joel",
    booktitle = "Proceedings of the 58th Annual Meeting of the Association for Computational Linguistics",
    month = jul,
    year = "2020",
    address = "Online",
    publisher = "Association for Computational Linguistics",
    url = "https://aclanthology.org/2020.acl-main.454/",
    doi = "10.18653/v1/2020.acl-main.454",
    pages = "5055--5070",
}

@misc{sellam2020bleurtlearningrobustmetrics_16RW,
      title={BLEURT: Learning Robust Metrics for Text Generation}, 
      author={Thibault Sellam and Dipanjan Das and Ankur P. Parikh},
      year={2020},
      eprint={2004.04696},
      archivePrefix={arXiv},
      primaryClass={cs.CL},
      url={https://arxiv.org/abs/2004.04696}, 
}

@misc{liu2022tokenlevelreferencefreehallucinationdetection,
      title={A Token-level Reference-free Hallucination Detection Benchmark for Free-form Text Generation}, 
      author={Tianyu Liu and Yizhe Zhang and Chris Brockett and Yi Mao and Zhifang Sui and Weizhu Chen and Bill Dolan},
      year={2022},
      eprint={2104.08704},
      archivePrefix={arXiv},
      primaryClass={cs.CL},
      url={https://arxiv.org/abs/2104.08704}, 
}

@misc{ravi2024lynxopensourcehallucination,
      title={Lynx: An Open Source Hallucination Evaluation Model}, 
      author={Selvan Sunitha Ravi and Bartosz Mielczarek and Anand Kannappan and Douwe Kiela and Rebecca Qian},
      year={2024},
      eprint={2407.08488},
      archivePrefix={arXiv},
      primaryClass={cs.AI},
      url={https://arxiv.org/abs/2407.08488}, 
}

@misc{niu2024ragtruthhallucinationcorpusdeveloping,
      title={RAGTruth: A Hallucination Corpus for Developing Trustworthy Retrieval-Augmented Language Models}, 
      author={Cheng Niu and Yuanhao Wu and Juno Zhu and Siliang Xu and Kashun Shum and Randy Zhong and Juntong Song and Tong Zhang},
      year={2024},
      eprint={2401.00396},
      archivePrefix={arXiv},
      primaryClass={cs.CL},
      url={https://arxiv.org/abs/2401.00396}, 
}

@misc{pal2023medhaltmedicaldomainhallucination,
      title={Med-HALT: Medical Domain Hallucination Test for Large Language Models}, 
      author={Ankit Pal and Logesh Kumar Umapathi and Malaikannan Sankarasubbu},
      year={2023},
      eprint={2307.15343},
      archivePrefix={arXiv},
      primaryClass={cs.CL},
      url={https://arxiv.org/abs/2307.15343}, 
}

@misc{li2024cllmatemultimodalllmweather,
      title={CLLMate: A Multimodal LLM for Weather and Climate Events Forecasting}, 
      author={Haobo Li and Zhaowei Wang and Jiachen Wang and Alexis Kai Hon Lau and Huamin Qu},
      year={2024},
      eprint={2409.19058},
      archivePrefix={arXiv},
      primaryClass={cs.LG},
      url={https://arxiv.org/abs/2409.19058}, 
}

@article{Huang_2025_survey11,
   title={A Survey on Hallucination in Large Language Models: Principles, Taxonomy, Challenges, and Open Questions},
   volume={43},
   ISSN={1558-2868},
   url={http://dx.doi.org/10.1145/3703155},
   DOI={10.1145/3703155},
   number={2},
   journal={ACM Transactions on Information Systems},
   publisher={Association for Computing Machinery (ACM)},
   author={Huang, Lei and Yu, Weijiang and Ma, Weitao and Zhong, Weihong and Feng, Zhangyin and Wang, Haotian and Chen, Qianglong and Peng, Weihua and Feng, Xiaocheng and Qin, Bing and Liu, Ting},
   year={2025},
   month=jan, pages={1â€“55} }

@misc{singhal2022largelanguagemodelsencode_halluhealth,
      title={Large Language Models Encode Clinical Knowledge}, 
      author={Karan Singhal and Shekoofeh Azizi and Tao Tu and S. Sara Mahdavi and Jason Wei and Hyung Won Chung and Nathan Scales and Ajay Tanwani and Heather Cole-Lewis and Stephen Pfohl and Perry Payne and Martin Seneviratne and Paul Gamble and Chris Kelly and Nathaneal Scharli and Aakanksha Chowdhery and Philip Mansfield and Blaise Aguera y Arcas and Dale Webster and Greg S. Corrado and Yossi Matias and Katherine Chou and Juraj Gottweis and Nenad Tomasev and Yun Liu and Alvin Rajkomar and Joelle Barral and Christopher Semturs and Alan Karthikesalingam and Vivek Natarajan},
      year={2022},
      eprint={2212.13138},
      archivePrefix={arXiv},
      primaryClass={cs.CL},
      url={https://arxiv.org/abs/2212.13138}, 
}

@misc{xiao2021hallucinationpredictiveuncertaintyconditional_detect3,
      title={On Hallucination and Predictive Uncertainty in Conditional Language Generation}, 
      author={Yijun Xiao and William Yang Wang},
      year={2021},
      eprint={2103.15025},
      archivePrefix={arXiv},
      primaryClass={cs.CL},
      url={https://arxiv.org/abs/2103.15025}, 
}

@misc{med42v2,
Author = {Cl{\'e}ment Christophe and Praveen K Kanithi and Tathagata Raha and Shadab Khan and Marco AF Pimentel},
Title = {Med42-v2: A Suite of Clinical LLMs},
Year = {2024},
Eprint = {arXiv:2408.06142},
url={https://arxiv.org/abs/2408.06142}, 
}

@misc{OpenBioLLMs,
  author = {Ankit Pal, Malaikannan Sankarasubbu},
  title = {OpenBioLLMs: Advancing Open-Source Large Language Models for Healthcare and Life Sciences},
  year = {2024},
  publisher = {Hugging Face},
  journal = {Hugging Face repository},
  howpublished = {\url{https://huggingface.co/aaditya/OpenBioLLM-Llama3-70B}}
}

@misc{zhang2024ultramedical,
      title={UltraMedical: Building Specialized Generalists in Biomedicine}, 
      author={Kaiyan Zhang and Sihang Zeng and Ermo Hua and Ning Ding and Zhang-Ren Chen and Zhiyuan Ma and Haoxin Li and Ganqu Cui and Biqing Qi and Xuekai Zhu and Xingtai Lv and Hu Jinfang and Zhiyuan Liu and Bowen Zhou},
      year={2024},
      eprint={2406.03949},
      archivePrefix={arXiv},
      primaryClass={cs.CL}
}

@misc{lewis2021retrievalaugmentedgenerationknowledgeintensivenlp_241,
      title={Retrieval-Augmented Generation for Knowledge-Intensive NLP Tasks}, 
      author={Patrick Lewis and Ethan Perez and Aleksandra Piktus and Fabio Petroni and Vladimir Karpukhin and Naman Goyal and Heinrich KÃ¼ttler and Mike Lewis and Wen-tau Yih and Tim RocktÃ¤schel and Sebastian Riedel and Douwe Kiela},
      year={2021},
      eprint={2005.11401},
      archivePrefix={arXiv},
      primaryClass={cs.CL},
      url={https://arxiv.org/abs/2005.11401}, 
}

@misc{li2023weboysterimprovinglarge_242,
      title={The Web Can Be Your Oyster for Improving Large Language Models}, 
      author={Junyi Li and Tianyi Tang and Wayne Xin Zhao and Jingyuan Wang and Jian-Yun Nie and Ji-Rong Wen},
      year={2023},
      eprint={2305.10998},
      archivePrefix={arXiv},
      primaryClass={cs.CL},
      url={https://arxiv.org/abs/2305.10998}, 
}

@misc{cao2024learnrefusemakinglarge_244,
      title={Learn to Refuse: Making Large Language Models More Controllable and Reliable through Knowledge Scope Limitation and Refusal Mechanism}, 
      author={Lang Cao},
      year={2024},
      eprint={2311.01041},
      archivePrefix={arXiv},
      primaryClass={cs.CL},
      url={https://arxiv.org/abs/2311.01041}, 
}

@misc{yadkori2024mitigatingllmhallucinationsconformal_245,
      title={Mitigating LLM Hallucinations via Conformal Abstention}, 
      author={Yasin Abbasi Yadkori and Ilja Kuzborskij and David Stutz and AndrÃ¡s GyÃ¶rgy and Adam Fisch and Arnaud Doucet and Iuliya Beloshapka and Wei-Hung Weng and Yao-Yuan Yang and Csaba SzepesvÃ¡ri and Ali Taylan Cemgil and Nenad Tomasev},
      year={2024},
      eprint={2405.01563},
      archivePrefix={arXiv},
      primaryClass={cs.LG},
      url={https://arxiv.org/abs/2405.01563}, 
}

@misc{xu2024rejectionimprovesreliabilitytraining_246,
      title={Rejection Improves Reliability: Training LLMs to Refuse Unknown Questions Using RL from Knowledge Feedback}, 
      author={Hongshen Xu and Zichen Zhu and Situo Zhang and Da Ma and Shuai Fan and Lu Chen and Kai Yu},
      year={2024},
      eprint={2403.18349},
      archivePrefix={arXiv},
      primaryClass={cs.CL},
      url={https://arxiv.org/abs/2403.18349}, 
}

@misc{zhang2023sirenssongaiocean_247,
      title={Siren's Song in the AI Ocean: A Survey on Hallucination in Large Language Models}, 
      author={Yue Zhang and Yafu Li and Leyang Cui and Deng Cai and Lemao Liu and Tingchen Fu and Xinting Huang and Enbo Zhao and Yu Zhang and Yulong Chen and Longyue Wang and Anh Tuan Luu and Wei Bi and Freda Shi and Shuming Shi},
      year={2023},
      eprint={2309.01219},
      archivePrefix={arXiv},
      primaryClass={cs.CL},
      url={https://arxiv.org/abs/2309.01219}, 
}

@misc{cole2023selectivelyansweringambiguousquestions_248,
      title={Selectively Answering Ambiguous Questions}, 
      author={Jeremy R. Cole and Michael J. Q. Zhang and Daniel Gillick and Julian Martin Eisenschlos and Bhuwan Dhingra and Jacob Eisenstein},
      year={2023},
      eprint={2305.14613},
      archivePrefix={arXiv},
      primaryClass={cs.CL},
      url={https://arxiv.org/abs/2305.14613}, 
}

@misc{luo2023zeroresourcehallucinationpreventionlarge_249,
      title={Zero-Resource Hallucination Prevention for Large Language Models}, 
      author={Junyu Luo and Cao Xiao and Fenglong Ma},
      year={2023},
      eprint={2309.02654},
      archivePrefix={arXiv},
      primaryClass={cs.CL},
      url={https://arxiv.org/abs/2309.02654}, 
}

@misc{arteaga2024hallucinationdetectionllmsfast,
      title={Hallucination Detection in LLMs: Fast and Memory-Efficient Fine-Tuned Models}, 
      author={Gabriel Y. Arteaga and Thomas B. SchÃ¶n and Nicolas Pielawski},
      year={2024},
      eprint={2409.02976},
      archivePrefix={arXiv},
      primaryClass={cs.LG},
      url={https://arxiv.org/abs/2409.02976}, 
}

@misc{chen2022improvingfaithfulnessabstractivesummarization_overconfident,
      title={Towards Improving Faithfulness in Abstractive Summarization}, 
      author={Xiuying Chen and Mingzhe Li and Xin Gao and Xiangliang Zhang},
      year={2022},
      eprint={2210.01877},
      archivePrefix={arXiv},
      primaryClass={cs.CL},
      url={https://arxiv.org/abs/2210.01877}, 
}

@misc{miao2021preventlanguagemodeloverconfident_overconfident,
      title={Prevent the Language Model from being Overconfident in Neural Machine Translation}, 
      author={Mengqi Miao and Fandong Meng and Yijin Liu and Xiao-Hua Zhou and Jie Zhou},
      year={2021},
      eprint={2105.11098},
      archivePrefix={arXiv},
      primaryClass={cs.CL},
      url={https://arxiv.org/abs/2105.11098}, 
}

@misc{xiong2024llmsexpressuncertaintyempirical,
      title={Can LLMs Express Their Uncertainty? An Empirical Evaluation of Confidence Elicitation in LLMs}, 
      author={Miao Xiong and Zhiyuan Hu and Xinyang Lu and Yifei Li and Jie Fu and Junxian He and Bryan Hooi},
      year={2024},
      eprint={2306.13063},
      archivePrefix={arXiv},
      primaryClass={cs.CL},
      url={https://arxiv.org/abs/2306.13063}, 
}

@misc{labrak2024biomistral,
      title={BioMistral: A Collection of Open-Source Pretrained Large Language Models for Medical Domains}, 
      author={Yanis Labrak and Adrien Bazoge and Emmanuel Morin and Pierre-Antoine Gourraud and Mickael Rouvier and Richard Dufour},
      year={2024},
      eprint={2402.10373},
      archivePrefix={arXiv},
      primaryClass={cs.CL}
}

@misc{nie2024surveylargelanguagemodels,
      title={A Survey of Large Language Models for Financial Applications: Progress, Prospects and Challenges}, 
      author={Yuqi Nie and Yaxuan Kong and Xiaowen Dong and John M. Mulvey and H. Vincent Poor and Qingsong Wen and Stefan Zohren},
      year={2024},
      eprint={2406.11903},
      archivePrefix={arXiv},
      primaryClass={q-fin.GN},
      url={https://arxiv.org/abs/2406.11903}, 
}

@misc{lee2023factualityenhancedlanguagemodels_fact1,
      title={Factuality Enhanced Language Models for Open-Ended Text Generation}, 
      author={Nayeon Lee and Wei Ping and Peng Xu and Mostofa Patwary and Pascale Fung and Mohammad Shoeybi and Bryan Catanzaro},
      year={2023},
      eprint={2206.04624},
      archivePrefix={arXiv},
      primaryClass={cs.CL},
      url={https://arxiv.org/abs/2206.04624}, 
}

@misc{min2023factscorefinegrainedatomicevaluation_fact2,
      title={FActScore: Fine-grained Atomic Evaluation of Factual Precision in Long Form Text Generation}, 
      author={Sewon Min and Kalpesh Krishna and Xinxi Lyu and Mike Lewis and Wen-tau Yih and Pang Wei Koh and Mohit Iyyer and Luke Zettlemoyer and Hannaneh Hajishirzi},
      year={2023},
      eprint={2305.14251},
      archivePrefix={arXiv},
      primaryClass={cs.CL},
      url={https://arxiv.org/abs/2305.14251}, 
}

@misc{chern2023factoolfactualitydetectiongenerative_fact3,
      title={FacTool: Factuality Detection in Generative AI -- A Tool Augmented Framework for Multi-Task and Multi-Domain Scenarios}, 
      author={I-Chun Chern and Steffi Chern and Shiqi Chen and Weizhe Yuan and Kehua Feng and Chunting Zhou and Junxian He and Graham Neubig and Pengfei Liu},
      year={2023},
      eprint={2307.13528},
      archivePrefix={arXiv},
      primaryClass={cs.CL},
      url={https://arxiv.org/abs/2307.13528}, 
}

@misc{ming2024faithevallanguagemodelstay_fact4,
      title={FaithEval: Can Your Language Model Stay Faithful to Context, Even If "The Moon is Made of Marshmallows"}, 
      author={Yifei Ming and Senthil Purushwalkam and Shrey Pandit and Zixuan Ke and Xuan-Phi Nguyen and Caiming Xiong and Shafiq Joty},
      year={2024},
      eprint={2410.03727},
      archivePrefix={arXiv},
      primaryClass={cs.CL},
      url={https://arxiv.org/abs/2410.03727}, 
}

@misc{wei2024longformfactualitylargelanguage_fact5,
      title={Long-form factuality in large language models}, 
      author={Jerry Wei and Chengrun Yang and Xinying Song and Yifeng Lu and Nathan Hu and Jie Huang and Dustin Tran and Daiyi Peng and Ruibo Liu and Da Huang and Cosmo Du and Quoc V. Le},
      year={2024},
      eprint={2403.18802},
      archivePrefix={arXiv},
      primaryClass={cs.CL},
      url={https://arxiv.org/abs/2403.18802}, 
}

@misc{hu2024refcheckerreferencebasedfinegrainedhallucination,
      title={RefChecker: Reference-based Fine-grained Hallucination Checker and Benchmark for Large Language Models}, 
      author={Xiangkun Hu and Dongyu Ru and Lin Qiu and Qipeng Guo and Tianhang Zhang and Yang Xu and Yun Luo and Pengfei Liu and Yue Zhang and Zheng Zhang},
      year={2024},
      eprint={2405.14486},
      archivePrefix={arXiv},
      primaryClass={cs.CL},
      url={https://arxiv.org/abs/2405.14486}, 
}