@misc{Hallueval,
      title={HaluEval: A Large-Scale Hallucination Evaluation Benchmark for Large Language Models}, 
      author={Junyi Li and Xiaoxue Cheng and Wayne Xin Zhao and Jian-Yun Nie and Ji-Rong Wen},
      year={2023},
      eprint={2305.11747},
      archivePrefix={arXiv},
      primaryClass={cs.CL},
      url={https://arxiv.org/abs/2305.11747}, 
}

@article{Huang_2025_survey11,
   title={A Survey on Hallucination in Large Language Models: Principles, Taxonomy, Challenges, and Open Questions},
   volume={43},
   ISSN={1558-2868},
   url={http://dx.doi.org/10.1145/3703155},
   DOI={10.1145/3703155},
   number={2},
   journal={ACM Transactions on Information Systems},
   publisher={Association for Computing Machinery (ACM)},
   author={Huang, Lei and Yu, Weijiang and Ma, Weitao and Zhong, Weihong and Feng, Zhangyin and Wang, Haotian and Chen, Qianglong and Peng, Weihua and Feng, Xiaocheng and Qin, Bing and Liu, Ting},
   year={2025},
   month=jan, pages={1–55} }

@article{Ji_2023_12RW,
   title={Survey of Hallucination in Natural Language Generation},
   volume={55},
   ISSN={1557-7341},
   url={http://dx.doi.org/10.1145/3571730},
   DOI={10.1145/3571730},
   number={12},
   journal={ACM Computing Surveys},
   publisher={Association for Computing Machinery (ACM)},
   author={Ji, Ziwei and Lee, Nayeon and Frieske, Rita and Yu, Tiezheng and Su, Dan and Xu, Yan and Ishii, Etsuko and Bang, Ye Jin and Madotto, Andrea and Fung, Pascale},
   year={2023},
   month=mar, pages={1–38} }

@inproceedings{balakrishnan-etal-2019-constrained_14RW,
    title = "Constrained Decoding for Neural {NLG} from Compositional Representations in Task-Oriented Dialogue",
    author = "Balakrishnan, Anusha  and
      Rao, Jinfeng  and
      Upasani, Kartikeya  and
      White, Michael  and
      Subba, Rajen",
    editor = "Korhonen, Anna  and
      Traum, David  and
      M{\`a}rquez, Llu{\'i}s",
    booktitle = "Proceedings of the 57th Annual Meeting of the Association for Computational Linguistics",
    month = jul,
    year = "2019",
    address = "Florence, Italy",
    publisher = "Association for Computational Linguistics",
    url = "https://aclanthology.org/P19-1080/",
    doi = "10.18653/v1/P19-1080",
    pages = "831--844",
}

@misc{cao2024learnrefusemakinglarge_244,
      title={Learn to Refuse: Making Large Language Models More Controllable and Reliable through Knowledge Scope Limitation and Refusal Mechanism}, 
      author={Lang Cao},
      year={2024},
      eprint={2311.01041},
      archivePrefix={arXiv},
      primaryClass={cs.CL},
      url={https://arxiv.org/abs/2311.01041}, 
}

@misc{chen2022improvingfaithfulnessabstractivesummarization_overconfident,
      title={Towards Improving Faithfulness in Abstractive Summarization}, 
      author={Xiuying Chen and Mingzhe Li and Xin Gao and Xiangliang Zhang},
      year={2022},
      eprint={2210.01877},
      archivePrefix={arXiv},
      primaryClass={cs.CL},
      url={https://arxiv.org/abs/2210.01877}, 
}

@misc{cole2023selectivelyansweringambiguousquestions_248,
      title={Selectively Answering Ambiguous Questions}, 
      author={Jeremy R. Cole and Michael J. Q. Zhang and Daniel Gillick and Julian Martin Eisenschlos and Bhuwan Dhingra and Jacob Eisenstein},
      year={2023},
      eprint={2305.14613},
      archivePrefix={arXiv},
      primaryClass={cs.CL},
      url={https://arxiv.org/abs/2305.14613}, 
}

@inproceedings{durmus-etal-2020-feqa_15RW,
    title = "{FEQA}: A Question Answering Evaluation Framework for Faithfulness Assessment in Abstractive Summarization",
    author = "Durmus, Esin  and
      He, He  and
      Diab, Mona",
    editor = "Jurafsky, Dan  and
      Chai, Joyce  and
      Schluter, Natalie  and
      Tetreault, Joel",
    booktitle = "Proceedings of the 58th Annual Meeting of the Association for Computational Linguistics",
    month = jul,
    year = "2020",
    address = "Online",
    publisher = "Association for Computational Linguistics",
    url = "https://aclanthology.org/2020.acl-main.454/",
    doi = "10.18653/v1/2020.acl-main.454",
    pages = "5055--5070",
}

@misc{lewis2021retrievalaugmentedgenerationknowledgeintensivenlp_241,
      title={Retrieval-Augmented Generation for Knowledge-Intensive NLP Tasks}, 
      author={Patrick Lewis and Ethan Perez and Aleksandra Piktus and Fabio Petroni and Vladimir Karpukhin and Naman Goyal and Heinrich Küttler and Mike Lewis and Wen-tau Yih and Tim Rocktäschel and Sebastian Riedel and Douwe Kiela},
      year={2021},
      eprint={2005.11401},
      archivePrefix={arXiv},
      primaryClass={cs.CL},
      url={https://arxiv.org/abs/2005.11401}, 
}

@misc{li2023weboysterimprovinglarge_242,
      title={The Web Can Be Your Oyster for Improving Large Language Models}, 
      author={Junyi Li and Tianyi Tang and Wayne Xin Zhao and Jingyuan Wang and Jian-Yun Nie and Ji-Rong Wen},
      year={2023},
      eprint={2305.10998},
      archivePrefix={arXiv},
      primaryClass={cs.CL},
      url={https://arxiv.org/abs/2305.10998}, 
}

@misc{liu2022tokenlevelreferencefreehallucinationdetection,
      title={A Token-level Reference-free Hallucination Detection Benchmark for Free-form Text Generation}, 
      author={Tianyu Liu and Yizhe Zhang and Chris Brockett and Yi Mao and Zhifang Sui and Weizhu Chen and Bill Dolan},
      year={2022},
      eprint={2104.08704},
      archivePrefix={arXiv},
      primaryClass={cs.CL},
      url={https://arxiv.org/abs/2104.08704}, 
}

@misc{miao2021preventlanguagemodeloverconfident_overconfident,
      title={Prevent the Language Model from being Overconfident in Neural Machine Translation}, 
      author={Mengqi Miao and Fandong Meng and Yijin Liu and Xiao-Hua Zhou and Jie Zhou},
      year={2021},
      eprint={2105.11098},
      archivePrefix={arXiv},
      primaryClass={cs.CL},
      url={https://arxiv.org/abs/2105.11098}, 
}

@misc{pal2023medhaltmedicaldomainhallucination,
      title={Med-HALT: Medical Domain Hallucination Test for Large Language Models}, 
      author={Ankit Pal and Logesh Kumar Umapathi and Malaikannan Sankarasubbu},
      year={2023},
      eprint={2307.15343},
      archivePrefix={arXiv},
      primaryClass={cs.CL},
      url={https://arxiv.org/abs/2307.15343}, 
}

@misc{ravi2024lynxopensourcehallucination,
      title={Lynx: An Open Source Hallucination Evaluation Model}, 
      author={Selvan Sunitha Ravi and Bartosz Mielczarek and Anand Kannappan and Douwe Kiela and Rebecca Qian},
      year={2024},
      eprint={2407.08488},
      archivePrefix={arXiv},
      primaryClass={cs.AI},
      url={https://arxiv.org/abs/2407.08488}, 
}

@misc{sellam2020bleurtlearningrobustmetrics_16RW,
      title={BLEURT: Learning Robust Metrics for Text Generation}, 
      author={Thibault Sellam and Dipanjan Das and Ankur P. Parikh},
      year={2020},
      eprint={2004.04696},
      archivePrefix={arXiv},
      primaryClass={cs.CL},
      url={https://arxiv.org/abs/2004.04696}, 
}

@misc{xu2024rejectionimprovesreliabilitytraining_246,
      title={Rejection Improves Reliability: Training LLMs to Refuse Unknown Questions Using RL from Knowledge Feedback}, 
      author={Hongshen Xu and Zichen Zhu and Situo Zhang and Da Ma and Shuai Fan and Lu Chen and Kai Yu},
      year={2024},
      eprint={2403.18349},
      archivePrefix={arXiv},
      primaryClass={cs.CL},
      url={https://arxiv.org/abs/2403.18349}, 
}

@misc{yadkori2024mitigatingllmhallucinationsconformal_245,
      title={Mitigating LLM Hallucinations via Conformal Abstention}, 
      author={Yasin Abbasi Yadkori and Ilja Kuzborskij and David Stutz and András György and Adam Fisch and Arnaud Doucet and Iuliya Beloshapka and Wei-Hung Weng and Yao-Yuan Yang and Csaba Szepesvári and Ali Taylan Cemgil and Nenad Tomasev},
      year={2024},
      eprint={2405.01563},
      archivePrefix={arXiv},
      primaryClass={cs.LG},
      url={https://arxiv.org/abs/2405.01563}, 
}

@misc{zhang2023sirenssongaiocean_247,
      title={Siren's Song in the AI Ocean: A Survey on Hallucination in Large Language Models}, 
      author={Yue Zhang and Yafu Li and Leyang Cui and Deng Cai and Lemao Liu and Tingchen Fu and Xinting Huang and Enbo Zhao and Yu Zhang and Yulong Chen and Longyue Wang and Anh Tuan Luu and Wei Bi and Freda Shi and Shuming Shi},
      year={2023},
      eprint={2309.01219},
      archivePrefix={arXiv},
      primaryClass={cs.CL},
      url={https://arxiv.org/abs/2309.01219}, 
}

