@article{Co-driver,
  title={Co-driver: VLM-based Autonomous Driving Assistant with Human-like Behavior and Understanding for Complex Road Scenes},
  author={Guo, Ziang and Lykov, Artem and Yagudin, Zakhar and Konenkov, Mikhail and Tsetserukou, Dzmitry},
  journal={arXiv preprint arXiv:2405.05885},
  year={2024}
}

@article{DER,
  title={Dark experience for general continual learning: a strong, simple baseline},
  author={Buzzega, Pietro and Boschini, Matteo and Porrello, Angelo and Abati, Davide and Calderara, Simone},
  journal={Advances in neural information processing systems},
  volume={33},
  pages={15920--15930},
  year={2020}
}

@article{Drivevlm,
  title={Drivevlm: The convergence of autonomous driving and large vision-language models},
  author={Tian, Xiaoyu and Gu, Junru and Li, Bailin and Liu, Yicheng and Hu, Chenxu and Wang, Yang and Zhan, Kun and Jia, Peng and Lang, Xianpeng and Zhao, Hang},
  journal={arXiv preprint arXiv:2402.12289},
  year={2024}
}

@article{EM-VLM4AD,
  title={Multi-Frame, Lightweight \& Efficient Vision-Language Models for Question Answering in Autonomous Driving},
  author={Gopalkrishnan, Akshay and Greer, Ross and Trivedi, Mohan},
  journal={arXiv preprint arXiv:2403.19838},
  year={2024}
}

@article{EWC,
  title={Overcoming catastrophic forgetting in neural networks},
  author={Kirkpatrick, James and Pascanu, Razvan and Rabinowitz, Neil and Veness, Joel and Desjardins, Guillaume and Rusu, Andrei A and Milan, Kieran and Quan, John and Ramalho, Tiago and Grabska-Barwinska, Agnieszka and others},
  journal={Proceedings of the national academy of sciences},
  volume={114},
  number={13},
  pages={3521--3526},
  year={2017},
  publisher={National Acad Sciences}
}

@article{EWC++,
  title={Online structured laplace approximations for overcoming catastrophic forgetting},
  author={Ritter, Hippolyt and Botev, Aleksandar and Barber, David},
  journal={Advances in Neural Information Processing Systems},
  volume={31},
  year={2018}
}

@article{GEM,
  title={Gradient episodic memory for continual learning},
  author={Lopez-Paz, David and Ranzato, Marc'Aurelio},
  journal={Advances in neural information processing systems},
  volume={30},
  year={2017}
}

@inproceedings{MAS,
  title={Memory aware synapses: Learning what (not) to forget},
  author={Aljundi, Rahaf and Babiloni, Francesca and Elhoseiny, Mohamed and Rohrbach, Marcus and Tuytelaars, Tinne},
  booktitle={Proceedings of the European conference on computer vision (ECCV)},
  pages={139--154},
  year={2018}
}

@inproceedings{OGD,
  title={Orthogonal gradient descent for continual learning},
  author={Farajtabar, Mehrdad and Azizan, Navid and Mott, Alex and Li, Ang},
  booktitle={International Conference on Artificial Intelligence and Statistics},
  pages={3762--3773},
  year={2020},
  organization={PMLR}
}

@article{chaudhry2019tiny,
  title={On tiny episodic memories in continual learning},
  author={Chaudhry, Arslan and Rohrbach, Marcus and Elhoseiny, Mohamed and Ajanthan, Thalaiyasingam and Dokania, Puneet K and Torr, Philip HS and Ranzato, Marc'Aurelio},
  journal={arXiv preprint arXiv:1902.10486},
  year={2019}
}

@article{drivelm,
  title={Drivelm: Driving with graph visual question answering},
  author={Sima, Chonghao and Renz, Katrin and Chitta, Kashyap and Chen, Li and Zhang, Hanxue and Xie, Chengen and Luo, Ping and Geiger, Andreas and Li, Hongyang},
  journal={arXiv preprint arXiv:2312.14150},
  year={2023}
}

@article{drivlme,
  title={DriVLMe: Enhancing LLM-based Autonomous Driving Agents with Embodied and Social Experiences},
  author={Huang, Yidong and Sansom, Jacob and Ma, Ziqiao and Gervits, Felix and Chai, Joyce},
  journal={arXiv preprint arXiv:2406.03008},
  year={2024}
}

@inproceedings{iCaRL,
   author = { Sylvestre-Alvise Rebuffi and Alexander Kolesnikov and Georg Sperl and Christoph H. Lampert },
   title = {{iCaRL:} Incremental Classifier and Representation Learning},
   booktitle = CVPR,
   year = 2017,
}

@inproceedings{nuscenesqa,
  title={Nuscenes-qa: A multi-modal visual question answering benchmark for autonomous driving scenario},
  author={Qian, Tianwen and Chen, Jingjing and Zhuo, Linhai and Jiao, Yang and Jiang, Yu-Gang},
  booktitle={Proceedings of the AAAI Conference on Artificial Intelligence},
  volume={38},
  number={5},
  pages={4542--4550},
  year={2024}
}

@article{vlmsurvey,
  title={Vision-language models for vision tasks: A survey},
  author={Zhang, Jingyi and Huang, Jiaxing and Jin, Sheng and Lu, Shijian},
  journal={IEEE Transactions on Pattern Analysis and Machine Intelligence},
  year={2024},
  publisher={IEEE}
}

@article{you2024v2x,
  title={V2X-VLM: End-to-End V2X Cooperative Autonomous Driving Through Large Vision-Language Models},
  author={You, Junwei and Shi, Haotian and Jiang, Zhuoyu and Huang, Zilin and Gan, Rui and Wu, Keshu and Cheng, Xi and Li, Xiaopeng and Ran, Bin},
  journal={arXiv preprint arXiv:2408.09251},
  year={2024}
}

