% Use this file for citations not found in the ACL Anthology (contained in "anthology.bib").

@book{Aho:72,
    author  = {Alfred V. Aho and Jeffrey D. Ullman},
    title   = {The Theory of Parsing, Translation and Compiling},
    year    = "1972",
    volume  = "1",
    publisher = {Prentice-Hall},
    address = {Englewood Cliffs, NJ}
}

@book{APA:83,
    author  = {{American Psychological Association}},
    title   = {Publications Manual},
    year    = "1983",
    publisher = {American Psychological Association},
    address = {Washington, DC}
}

@article{Chandra:81,
	author = {Ashok K. Chandra and Dexter C. Kozen and Larry J. Stockmeyer},
	year = "1981",
	title = {Alternation},
	journal = {Journal of the Association for Computing Machinery},
	volume = "28",
	number = "1",
	pages = "114--133",
	doi = "10.1145/322234.322243",
}

@inproceedings{andrew2007scalable,
  title={Scalable training of {L1}-regularized log-linear models},
  author={Andrew, Galen and Gao, Jianfeng},
  booktitle={Proceedings of the 24th International Conference on Machine Learning},
  pages={33--40},
  year={2007},
}

@book{Gusfield:97,
    author  = {Dan Gusfield},
    title   = {Algorithms on Strings, Trees and Sequences},
    year    = "1997",
    publisher = {Cambridge University Press},
    address = {Cambridge, UK}
}

@article{rasooli-tetrault-2015,
    author    = {Mohammad Sadegh Rasooli and Joel R. Tetreault},
    title     = {Yara Parser: {A} Fast and Accurate Dependency Parser},
    journal   = {Computing Research Repository},
    volume    = {arXiv:1503.06733},
    year      = {2015},
    url       = {http://arxiv.org/abs/1503.06733},
    note    = {version 2}
}

@article{Ando2005,
	Acmid = {1194905},
	Author = {Ando, Rie Kubota and Zhang, Tong},
	Issn = {1532-4435},
	Issue_Date = {12/1/2005},
	Journal = {Journal of Machine Learning Research},
	Month = dec,
	Numpages = {37},
	Pages = {1817--1853},
	Publisher = {JMLR.org},
	Title = {A Framework for Learning Predictive Structures from Multiple Tasks and Unlabeled Data},
	Volume = {6},
	Year = {2005}
}

@article{erkan2004lexrank,
  title={Lexrank: Graph-based lexical centrality as salience in text summarization},
  author={Erkan, G{\"u}nes and Radev, Dragomir R},
  journal={Journal of artificial intelligence research},
  volume={22},
  pages={457--479},
  year={2004}
}

@inproceedings{waibel1998meeting,
  title={Meeting browser: Tracking and summarizing meetings},
  author={Waibel, Alex and Bett, Michael and Finke, Michael and Stiefelhagen, Rainer},
  booktitle={Proceedings of the DARPA broadcast news workshop},
  pages={281--286},
  year={1998}
}

@inproceedings{garg2009clusterrank,
  title={ClusterRank: A Graph Based Method for Meeting Summarization},
  author={Garg, Nikhil and Favre, Benoit and Reidhammer, Korbinian and Hakkani-T{\"u}r, Dilek},
  booktitle={Interspeech, Brighton (UK)},
  year={2009}
}

@article{fabbri2021summeval,
  title={Summeval: Re-evaluating summarization evaluation},
  author={Fabbri, Alexander R and Kry{\'s}ci{\'n}ski, Wojciech and McCann, Bryan and Xiong, Caiming and Socher, Richard and Radev, Dragomir},
  journal={Transactions of the Association for Computational Linguistics},
  volume={9},
  pages={391--409},
  year={2021},
  publisher={MIT Press One Rogers Street, Cambridge, MA 02142-1209, USA journals-info~…}
}

@article{ma2020simuleval,
  title={SIMULEVAL: An Evaluation Toolkit for Simultaneous Translation},
  author={Ma, Xutai and Dousti, Mohammad Javad and Wang, Changhan and Gu, Jiatao and Pino, Juan},
  journal={EMNLP 2020},
  pages={144},
  year={2020}
}

@inproceedings{asi2022end,
  title={An End-to-End Dialogue Summarization System for Sales Calls},
  author={Asi, Abedelkadir and Wang, Song and Eisenstadt, Roy and Geckt, Dean and Kuper, Yarin and Mao, Yi and Ronen, Royi},
  booktitle={Proceedings of the 2022 Conference of the North American Chapter of the Association for Computational Linguistics: Human Language Technologies: Industry Track},
  pages={45--53},
  year={2022}
}
@article{alemi2015text,
  title={Text segmentation based on semantic word embeddings},
  author={Alemi, Alexander A and Ginsparg, Paul},
  journal={arXiv preprint arXiv:1503.05543},
  year={2015}
}

@inproceedings{pham2023select,
  title={Select, Prompt, Filter: Distilling Large Language Models for Summarizing Conversations},
  author={Pham, Minh Quang and Indurthi, Sathish Reddy and Chollampatt, Shamil and Turchi, Marco},
  booktitle={Proceedings of the 2023 Conference on Empirical Methods in Natural Language Processing},
  pages={12257--12265},
  year={2023}
}

@inproceedings{kraaij2005ami,
  title={The AMI meeting corpus},
  author={Kraaij, Wessel and Hain, Thomas and Lincoln, Mike and Post, Wilfried},
  booktitle={Proc. International Conference on Methods and Techniques in Behavioral Research},
  year={2005}
}

@inproceedings{janin2003icsi,
  title={The ICSI meeting corpus},
  author={Janin, Adam and Baron, Don and Edwards, Jane and Ellis, Dan and Gelbart, David and Morgan, Nelson and Peskin, Barbara and Pfau, Thilo and Shriberg, Elizabeth and Stolcke, Andreas and others},
  booktitle={2003 IEEE International Conference on Acoustics, Speech, and Signal Processing, 2003. Proceedings.(ICASSP'03).},
  volume={1},
  pages={I--I},
  year={2003},
  organization={IEEE}
}

@inproceedings{zhong2021qmsum,
  title={QMSum: A New Benchmark for Query-based Multi-domain Meeting Summarization},
  author={Zhong, Ming and Yin, Da and Yu, Tao and Zaidi, Ahmad and Mutuma, Mutethia and Jha, Rahul and Hassan, Ahmed and Celikyilmaz, Asli and Liu, Yang and Qiu, Xipeng and others},
  booktitle={Proceedings of the 2021 Conference of the North American Chapter of the Association for Computational Linguistics: Human Language Technologies},
  pages={5905--5921},
  year={2021}
}

@inproceedings{lewis2020bart,
  title={BART: Denoising Sequence-to-Sequence Pre-training for Natural Language Generation, Translation, and Comprehension},
  author={Lewis, Mike and Liu, Yinhan and Goyal, Naman and Ghazvininejad, Marjan and Mohamed, Abdelrahman and Levy, Omer and Stoyanov, Veselin and Zettlemoyer, Luke},
  booktitle={Proceedings of the 58th Annual Meeting of the Association for Computational Linguistics},
  pages={7871--7880},
  year={2020}
}

@inproceedings{gliwa2019samsum,
  title={SAMSum Corpus: A Human-annotated Dialogue Dataset for Abstractive Summarization},
  author={Gliwa, Bogdan and Mochol, Iwona and Biesek, Maciej and Wawer, Aleksander},
  booktitle={Proceedings of the 2nd Workshop on New Frontiers in Summarization},
  pages={70--79},
  year={2019}
}

@misc{claude2,
  title = {Model Card and Evaluations for Claude Models},
  author = {Anthropic},
  note  =  {\url{https://www-files.anthropic.com/production/images/Model-Card-Claude-2.pdf?dm=1689034733}},
  note = {Accessed: 20 Dec 2023},
  year={2023}
}

@misc{gpt4,
  title = {GPT-4 Technical Report},
  author = {OpenAI},
  note = {\url{https://cdn.openai.com/papers/gpt-4.pdf}},
  year = {2023}
}

@inproceedings{lin2004rouge,
  title={Rouge: A package for automatic evaluation of summaries},
  author={Lin, Chin-Yew},
  booktitle={Text summarization branches out},
  pages={74--81},
  year={2004}
}

@inproceedings{arivazhagan2020re,
  title={Re-translation strategies for long form, simultaneous, spoken language translation},
  author={Arivazhagan, Naveen and Cherry, Colin and Te, Isabelle and Macherey, Wolfgang and Baljekar, Pallavi and Foster, George},
  booktitle={ICASSP 2020-2020 IEEE International Conference on Acoustics, Speech and Signal Processing (ICASSP)},
  pages={7919--7923},
  year={2020},
  organization={IEEE}
}

@inproceedings{papi2022over,
  title={Over-Generation Cannot Be Rewarded: Length-Adaptive Average Lagging for Simultaneous Speech Translation},
  author={Papi, Sara and Gaido, Marco and Negri, Matteo and Turchi, Marco},
  booktitle={Proceedings of the Third Workshop on Automatic Simultaneous Translation},
  pages={12--17},
  year={2022}
}

@article{porter2018ceos,
  title={How CEOs manage time},
  author={Porter, Michael E and Nohria, Nitin},
  journal={Harvard Business Review},
  volume={96},
  number={4},
  pages={42--51},
  year={2018}
}

@inproceedings{tur2008calo,
  title={The CALO meeting speech recognition and understanding system},
  author={Tur, Gokhan and Stolcke, Andreas and Voss, Lynn and Dowding, John and Favre, Beno{\^\i}t and Fern{\'a}ndez, Raquel and Frampton, Matthew and Frandsen, Michael and Frederickson, Clint and Graciarena, Martin and others},
  booktitle={2008 IEEE Spoken Language Technology Workshop},
  pages={69--72},
  year={2008},
  organization={IEEE}
}

@inproceedings{tixier2017combining,
  title={Combining graph degeneracy and submodularity for unsupervised extractive summarization},
  author={Tixier, Antoine and Meladianos, Polykarpos and Vazirgiannis, Michalis},
  booktitle={Proceedings of the workshop on new frontiers in summarization},
  pages={48--58},
  year={2017}
}

@article{zechner2002automatic,
  title={Automatic summarization of open-domain multiparty dialogues in diverse genres},
  author={Zechner, Klaus},
  journal={Computational Linguistics},
  volume={28},
  number={4},
  pages={447--485},
  year={2002},
  publisher={MIT Press One Rogers Street, Cambridge, MA 02142-1209, USA journals-info~…}
}
@inproceedings{zhong2020extractive,
  title={Extractive Summarization as Text Matching},
  author={Zhong, Ming and Liu, Pengfei and Chen, Yiran and Wang, Danqing and Qiu, Xipeng and Huang, Xuan-Jing},
  booktitle={Proceedings of the 58th Annual Meeting of the Association for Computational Linguistics},
  pages={6197--6208},
  year={2020}
}

@inproceedings{murray2010generating,
  title={Generating and validating abstracts of meeting conversations: a user study},
  author={Murray, Gabriel and Carenini, Giuseppe and Ng, Raymond},
  booktitle={Proceedings of the 6th international natural language generation conference},
  year={2010}
}

@article{vaswani2017attention,
  title={Attention is all you need},
  author={Vaswani, Ashish and Shazeer, Noam and Parmar, Niki and Uszkoreit, Jakob and Jones, Llion and Gomez, Aidan N and Kaiser, {\L}ukasz and Polosukhin, Illia},
  journal={Advances in neural information processing systems},
  volume={30},
  year={2017}
}

@inproceedings{fabbri2021convosumm,
  title={ConvoSumm: Conversation Summarization Benchmark and Improved Abstractive Summarization with Argument Mining},
  author={Fabbri, Alexander Richard and Rahman, Faiaz and Rizvi, Imad and Wang, Borui and Li, Haoran and Mehdad, Yashar and Radev, Dragomir},
  booktitle={Proceedings of the 59th Annual Meeting of the Association for Computational Linguistics and the 11th International Joint Conference on Natural Language Processing (Volume 1: Long Papers)},
  pages={6866--6880},
  year={2021}
}

@inproceedings{zhong2022dialoglm,
  title={Dialoglm: Pre-trained model for long dialogue understanding and summarization},
  author={Zhong, Ming and Liu, Yang and Xu, Yichong and Zhu, Chenguang and Zeng, Michael},
  booktitle={Proceedings of the AAAI Conference on Artificial Intelligence},
  volume={36},
  number={10},
  pages={11765--11773},
  year={2022}
}

@inproceedings{zhu2020hierarchical,
  title={A Hierarchical Network for Abstractive Meeting Summarization with Cross-Domain Pretraining},
  author={Zhu, Chenguang and Xu, Ruochen and Zeng, Michael and Huang, Xuedong},
  booktitle={Findings of the Association for Computational Linguistics: EMNLP 2020},
  pages={194--203},
  year={2020}
}

@inproceedings{zhang2022summn,
  title={SummN: A Multi-Stage Summarization Framework for Long Input Dialogues and Documents: A Multi-Stage Summarization Framework for Long Input Dialogues and Documents},
  author={Zhang, Yusen and Ni, Ansong and Mao, Ziming and Wu, Chen Henry and Zhu, Chenguang and Deb, Budhaditya and Awadallah, Ahmed and Radev, Dragomir and Zhang, Rui},
  booktitle={Proceedings of the 60th Annual Meeting of the Association for Computational Linguistics (Volume 1: Long Papers)},
  pages={1592--1604},
  year={2022}
}

@article{ghosal2021overview,
  title={Overview of the first shared task on automatic minuting (automin) at interspeech 2021},
  author={Ghosal, Tirthankar and Bojar, Ond{\v{r}}ej and Singh, Muskaan and Nedoluzhko, Anja},
  journal={Proceedings of the First Shared Task on Automatic Minuting at Interspeech},
  pages={1--25},
  year={2021}
}

@inproceedings{olariu2014efficient,
  title={Efficient online summarization of microblogging streams},
  author={Olariu, Andrei},
  booktitle={Proceedings of the 14th Conference of the European Chapter of the Association for Computational Linguistics, volume 2: Short Papers},
  pages={236--240},
  year={2014}
}

@inproceedings{lal2019online,
  title={Online video summarization: Predicting future to better summarize present},
  author={Lal, Shamit and Duggal, Shivam and Sreedevi, Indu},
  booktitle={2019 IEEE Winter Conference on applications of computer vision (WACV)},
  pages={471--480},
  year={2019},
  organization={IEEE}
}

@article{niehues2018low,
  title={Low-Latency Neural Speech Translation},
  author={Niehues, Jan and Pham, Ngoc-Quan and Ha, Thanh-Le and Sperber, Matthias and Waibel, Alex},
  journal={arXiv preprint arXiv:1808.00491},
  year={2018}
}

@article{zhang2021summ,
  title={Summ\^{} n: A multi-stage summarization framework for long input dialogues and documents},
  author={Zhang, Yusen and Ni, Ansong and Mao, Ziming and Wu, Chen Henry and Zhu, Chenguang and Deb, Budhaditya and Awadallah, Ahmed H and Radev, Dragomir and Zhang, Rui},
  journal={arXiv preprint arXiv:2110.10150},
  year={2021}
}

@inproceedings{sequiera2018overview,
  title={Overview of the TREC 2018 Real-Time Summarization Track.},
  author={Sequiera, Royal and Tan, Luchen and Lin, Jimmy},
  booktitle={TREC},
  year={2018}
}

@article{zhang2023benchmarking,
  title={Benchmarking large language models for news summarization},
  author={Zhang, Tianyi and Ladhak, Faisal and Durmus, Esin and Liang, Percy and McKeown, Kathleen and Hashimoto, Tatsunori B},
  journal={arXiv preprint arXiv:2301.13848},
  year={2023}
}

@inproceedings{brown2020language,
 author = {Brown, Tom and Mann, Benjamin and Ryder, Nick and Subbiah, Melanie and Kaplan, Jared D and Dhariwal, Prafulla and Neelakantan, Arvind and Shyam, Pranav and Sastry, Girish and Askell, Amanda and Agarwal, Sandhini and Herbert-Voss, Ariel and Krueger, Gretchen and Henighan, Tom and Child, Rewon and Ramesh, Aditya and Ziegler, Daniel and Wu, Jeffrey and Winter, Clemens and Hesse, Chris and Chen, Mark and Sigler, Eric and Litwin, Mateusz and Gray, Scott and Chess, Benjamin and Clark, Jack and Berner, Christopher and McCandlish, Sam and Radford, Alec and Sutskever, Ilya and Amodei, Dario},
 booktitle = {Advances in Neural Information Processing Systems},
 editor = {H. Larochelle and M. Ranzato and R. Hadsell and M.F. Balcan and H. Lin},
 pages = {1877--1901},
 publisher = {Curran Associates, Inc.},
 title = {Language Models are Few-Shot Learners},
 url = {https://proceedings.neurips.cc/paper_files/paper/2020/file/1457c0d6bfcb4967418bfb8ac142f64a-Paper.pdf},
 volume = {33},
 year = {2020}
}

@inproceedings{liu2022dynamic,
  title={Dynamic Sliding Window Modeling for Abstractive Meeting Summarization.},
  author={Liu, Zhengyuan and Chen, Nancy F},
  booktitle={INTERSPEECH},
  pages={5150--5154},
  year={2022}
}

@inproceedings{ge2016news,
  title={News stream summarization using burst information networks},
  author={Ge, Tao and Cui, Lei and Chang, Baobao and Li, Sujian and Zhou, Ming and Sui, Zhifang},
  booktitle={Proceedings of the 2016 Conference on Empirical Methods in Natural Language Processing},
  pages={784--794},
  year={2016}
}

@article{apostolidis2021video,
  title={Video summarization using deep neural networks: A survey},
  author={Apostolidis, Evlampios and Adamantidou, Eleni and Metsai, Alexandros I and Mezaris, Vasileios and Patras, Ioannis},
  journal={Proceedings of the IEEE},
  volume={109},
  number={11},
  pages={1838--1863},
  year={2021},
  publisher={IEEE}
}

@inproceedings{zhao2014quasi,
  title={Quasi real-time summarization for consumer videos},
  author={Zhao, Bin and Xing, Eric P},
  booktitle={Proceedings of the IEEE conference on computer vision and pattern recognition},
  pages={2513--2520},
  year={2014}
}

@inproceedings{gu2017learning,
  title={Learning to translate in real-time with neural machine translation},
  author={Gu, J and Neubig, G and Cho, K and Li, VOK},
  booktitle={European Chapter of the Association for Computational Linguistics (EACL) Conference, 2017},
  year={2017},
  organization={The Association for Computational Linguistics.}
}

@inproceedings{papi2022does,
  title={Does Simultaneous Speech Translation need Simultaneous Models?},
  author={Papi, Sara and Gaido, Marco and Negri, Matteo and Turchi, Marco},
  booktitle={Findings of the Association for Computational Linguistics: EMNLP 2022},
  pages={141--153},
  year={2022}
}