@article{apostolidis2021video,
  title={Video summarization using deep neural networks: A survey},
  author={Apostolidis, Evlampios and Adamantidou, Eleni and Metsai, Alexandros I and Mezaris, Vasileios and Patras, Ioannis},
  journal={Proceedings of the IEEE},
  volume={109},
  number={11},
  pages={1838--1863},
  year={2021},
  publisher={IEEE}
}

@inproceedings{asi2022end,
  title={An End-to-End Dialogue Summarization System for Sales Calls},
  author={Asi, Abedelkadir and Wang, Song and Eisenstadt, Roy and Geckt, Dean and Kuper, Yarin and Mao, Yi and Ronen, Royi},
  booktitle={Proceedings of the 2022 Conference of the North American Chapter of the Association for Computational Linguistics: Human Language Technologies: Industry Track},
  pages={45--53},
  year={2022}
}

@inproceedings{brown2020language,
 author = {Brown, Tom and Mann, Benjamin and Ryder, Nick and Subbiah, Melanie and Kaplan, Jared D and Dhariwal, Prafulla and Neelakantan, Arvind and Shyam, Pranav and Sastry, Girish and Askell, Amanda and Agarwal, Sandhini and Herbert-Voss, Ariel and Krueger, Gretchen and Henighan, Tom and Child, Rewon and Ramesh, Aditya and Ziegler, Daniel and Wu, Jeffrey and Winter, Clemens and Hesse, Chris and Chen, Mark and Sigler, Eric and Litwin, Mateusz and Gray, Scott and Chess, Benjamin and Clark, Jack and Berner, Christopher and McCandlish, Sam and Radford, Alec and Sutskever, Ilya and Amodei, Dario},
 booktitle = {Advances in Neural Information Processing Systems},
 editor = {H. Larochelle and M. Ranzato and R. Hadsell and M.F. Balcan and H. Lin},
 pages = {1877--1901},
 publisher = {Curran Associates, Inc.},
 title = {Language Models are Few-Shot Learners},
 url = {https://proceedings.neurips.cc/paper_files/paper/2020/file/1457c0d6bfcb4967418bfb8ac142f64a-Paper.pdf},
 volume = {33},
 year = {2020}
}

@inproceedings{fabbri2021convosumm,
  title={ConvoSumm: Conversation Summarization Benchmark and Improved Abstractive Summarization with Argument Mining},
  author={Fabbri, Alexander Richard and Rahman, Faiaz and Rizvi, Imad and Wang, Borui and Li, Haoran and Mehdad, Yashar and Radev, Dragomir},
  booktitle={Proceedings of the 59th Annual Meeting of the Association for Computational Linguistics and the 11th International Joint Conference on Natural Language Processing (Volume 1: Long Papers)},
  pages={6866--6880},
  year={2021}
}

@inproceedings{garg2009clusterrank,
  title={ClusterRank: A Graph Based Method for Meeting Summarization},
  author={Garg, Nikhil and Favre, Benoit and Reidhammer, Korbinian and Hakkani-T{\"u}r, Dilek},
  booktitle={Interspeech, Brighton (UK)},
  year={2009}
}

@inproceedings{ge2016news,
  title={News stream summarization using burst information networks},
  author={Ge, Tao and Cui, Lei and Chang, Baobao and Li, Sujian and Zhou, Ming and Sui, Zhifang},
  booktitle={Proceedings of the 2016 Conference on Empirical Methods in Natural Language Processing},
  pages={784--794},
  year={2016}
}

@inproceedings{lal2019online,
  title={Online video summarization: Predicting future to better summarize present},
  author={Lal, Shamit and Duggal, Shivam and Sreedevi, Indu},
  booktitle={2019 IEEE Winter Conference on applications of computer vision (WACV)},
  pages={471--480},
  year={2019},
  organization={IEEE}
}

@inproceedings{lin2004rouge,
  title={Rouge: A package for automatic evaluation of summaries},
  author={Lin, Chin-Yew},
  booktitle={Text summarization branches out},
  pages={74--81},
  year={2004}
}

@inproceedings{liu2022dynamic,
  title={Dynamic Sliding Window Modeling for Abstractive Meeting Summarization.},
  author={Liu, Zhengyuan and Chen, Nancy F},
  booktitle={INTERSPEECH},
  pages={5150--5154},
  year={2022}
}

@inproceedings{murray2010generating,
  title={Generating and validating abstracts of meeting conversations: a user study},
  author={Murray, Gabriel and Carenini, Giuseppe and Ng, Raymond},
  booktitle={Proceedings of the 6th international natural language generation conference},
  year={2010}
}

@inproceedings{olariu2014efficient,
  title={Efficient online summarization of microblogging streams},
  author={Olariu, Andrei},
  booktitle={Proceedings of the 14th Conference of the European Chapter of the Association for Computational Linguistics, volume 2: Short Papers},
  pages={236--240},
  year={2014}
}

@inproceedings{sequiera2018overview,
  title={Overview of the TREC 2018 Real-Time Summarization Track.},
  author={Sequiera, Royal and Tan, Luchen and Lin, Jimmy},
  booktitle={TREC},
  year={2018}
}

@inproceedings{tixier2017combining,
  title={Combining graph degeneracy and submodularity for unsupervised extractive summarization},
  author={Tixier, Antoine and Meladianos, Polykarpos and Vazirgiannis, Michalis},
  booktitle={Proceedings of the workshop on new frontiers in summarization},
  pages={48--58},
  year={2017}
}

@inproceedings{tur2008calo,
  title={The CALO meeting speech recognition and understanding system},
  author={Tur, Gokhan and Stolcke, Andreas and Voss, Lynn and Dowding, John and Favre, Beno{\^\i}t and Fern{\'a}ndez, Raquel and Frampton, Matthew and Frandsen, Michael and Frederickson, Clint and Graciarena, Martin and others},
  booktitle={2008 IEEE Spoken Language Technology Workshop},
  pages={69--72},
  year={2008},
  organization={IEEE}
}

@article{vaswani2017attention,
  title={Attention is all you need},
  author={Vaswani, Ashish and Shazeer, Noam and Parmar, Niki and Uszkoreit, Jakob and Jones, Llion and Gomez, Aidan N and Kaiser, {\L}ukasz and Polosukhin, Illia},
  journal={Advances in neural information processing systems},
  volume={30},
  year={2017}
}

@inproceedings{waibel1998meeting,
  title={Meeting browser: Tracking and summarizing meetings},
  author={Waibel, Alex and Bett, Michael and Finke, Michael and Stiefelhagen, Rainer},
  booktitle={Proceedings of the DARPA broadcast news workshop},
  pages={281--286},
  year={1998}
}

@article{zechner2002automatic,
  title={Automatic summarization of open-domain multiparty dialogues in diverse genres},
  author={Zechner, Klaus},
  journal={Computational Linguistics},
  volume={28},
  number={4},
  pages={447--485},
  year={2002},
  publisher={MIT Press One Rogers Street, Cambridge, MA 02142-1209, USA journals-info~â€¦}
}

@inproceedings{zhang2022summn,
  title={SummN: A Multi-Stage Summarization Framework for Long Input Dialogues and Documents: A Multi-Stage Summarization Framework for Long Input Dialogues and Documents},
  author={Zhang, Yusen and Ni, Ansong and Mao, Ziming and Wu, Chen Henry and Zhu, Chenguang and Deb, Budhaditya and Awadallah, Ahmed and Radev, Dragomir and Zhang, Rui},
  booktitle={Proceedings of the 60th Annual Meeting of the Association for Computational Linguistics (Volume 1: Long Papers)},
  pages={1592--1604},
  year={2022}
}

@article{zhang2023benchmarking,
  title={Benchmarking large language models for news summarization},
  author={Zhang, Tianyi and Ladhak, Faisal and Durmus, Esin and Liang, Percy and McKeown, Kathleen and Hashimoto, Tatsunori B},
  journal={arXiv preprint arXiv:2301.13848},
  year={2023}
}

@inproceedings{zhao2014quasi,
  title={Quasi real-time summarization for consumer videos},
  author={Zhao, Bin and Xing, Eric P},
  booktitle={Proceedings of the IEEE conference on computer vision and pattern recognition},
  pages={2513--2520},
  year={2014}
}

@inproceedings{zhong2020extractive,
  title={Extractive Summarization as Text Matching},
  author={Zhong, Ming and Liu, Pengfei and Chen, Yiran and Wang, Danqing and Qiu, Xipeng and Huang, Xuan-Jing},
  booktitle={Proceedings of the 58th Annual Meeting of the Association for Computational Linguistics},
  pages={6197--6208},
  year={2020}
}

@inproceedings{zhong2022dialoglm,
  title={Dialoglm: Pre-trained model for long dialogue understanding and summarization},
  author={Zhong, Ming and Liu, Yang and Xu, Yichong and Zhu, Chenguang and Zeng, Michael},
  booktitle={Proceedings of the AAAI Conference on Artificial Intelligence},
  volume={36},
  number={10},
  pages={11765--11773},
  year={2022}
}

@inproceedings{zhu2020hierarchical,
  title={A Hierarchical Network for Abstractive Meeting Summarization with Cross-Domain Pretraining},
  author={Zhu, Chenguang and Xu, Ruochen and Zeng, Michael and Huang, Xuedong},
  booktitle={Findings of the Association for Computational Linguistics: EMNLP 2020},
  pages={194--203},
  year={2020}
}

