@article{albani2007virtual,
  title={Virtual reality-assisted robotic surgery simulation},
  author={Albani, Justin M and Lee, David I},
  journal={Journal of endourology},
  volume={21},
  number={3},
  pages={285--287},
  year={2007},
  publisher={Mary Ann Liebert, Inc. 2 Madison Avenue Larchmont, NY 10538 USA}
}

@article{brizzi2017effects,
  title={Effects of augmented reality on the performance of teleoperated industrial assembly tasks in a robotic embodiment},
  author={Brizzi, Filippo and Peppoloni, Lorenzo and Graziano, Alessandro and Di Stefano, Erika and Avizzano, Carlo Alberto and Ruffaldi, Emanuele},
  journal={IEEE Transactions on Human-Machine Systems},
  volume={48},
  number={2},
  pages={197--206},
  year={2017},
  publisher={IEEE}
}

@article{brutsch2011virtual,
  title={Virtual reality for enhancement of robot-assisted gait training in children with central gait disorders},
  author={Br{\"u}tsch, Karin and Koenig, Alexander and Zimmerli, Lukas and M{\'e}rillat-Koeneke, Susan and Riener, Robert and J{\"a}ncke, Lutz and van Hedel, Hubertus JA and Meyer-Heim, Andreas},
  journal={Journal of rehabilitation medicine},
  volume={43},
  number={6},
  pages={493--499},
  year={2011},
  publisher={Stiftelsen Rehabiliteringsinformation}
}

@article{burghardt2020programming,
  title={Programming of industrial robots using virtual reality and digital twins},
  author={Burghardt, Andrzej and Szybicki, Dariusz and Gierlak, Piotr and Kurc, Krzysztof and Pietru{\'s}, Paulina and Cygan, Rafa{\l}},
  journal={Applied Sciences},
  volume={10},
  number={2},
  pages={486},
  year={2020},
  publisher={MDPI}
}

@inproceedings{frisoli2007arm,
  title={Arm rehabilitation with a robotic exoskeleleton in Virtual Reality},
  author={Frisoli, Antonio and Borelli, Luigi and Montagner, Alberto and Marcheschi, Simone and Procopio, Caterina and Salsedo, Fabio and Bergamasco, Massimo and Carboncini, Maria C and Tolaini, Martina and Rossi, Bruno},
  booktitle={2007 IEEE 10th International Conference on Rehabilitation Robotics},
  pages={631--642},
  year={2007},
  organization={IEEE}
}

@inproceedings{hashimoto2011touchme,
  title={Touchme: An augmented reality based remote robot manipulation},
  author={Hashimoto, Sunao and Ishida, Akihiko and Inami, Masahiko and Igarashi, Takeo},
  booktitle={The 21st International Conference on Artificial Reality and Telexistence, Proceedings of ICAT2011},
  volume={2},
  year={2011}
}

@inproceedings{hedayati2018improving,
  title={Improving collocated robot teleoperation with augmented reality},
  author={Hedayati, Hooman and Walker, Michael and Szafir, Daniel},
  booktitle={Proceedings of the 2018 ACM/IEEE International Conference on Human-Robot Interaction},
  pages={78--86},
  year={2018}
}

@article{lee2012validation,
  title={Validation study of a virtual reality robotic simulator—role as an assessment tool?},
  author={Lee, Jason Y and Mucksavage, Phillip and Kerbl, David C and Huynh, Victor B and Etafy, Mohamed and McDougall, Elspeth M},
  journal={The Journal of urology},
  volume={187},
  number={3},
  pages={998--1002},
  year={2012},
  publisher={Wolters Kluwer Philadelphia, PA}
}

@inproceedings{marin2002very,
  title={A very high level interface to teleoperate a robot via Web including augmented reality},
  author={Marin, Roque and Sanz, Pedro J and S{\'a}nchez, J Salvador},
  booktitle={Proceedings 2002 IEEE International Conference on Robotics and Automation (Cat. No. 02CH37292)},
  volume={3},
  pages={2725--2730},
  year={2002},
  organization={IEEE}
}

@article{matsas2017design,
  title={Design of a virtual reality training system for human--robot collaboration in manufacturing tasks},
  author={Matsas, Elias and Vosniakos, George-Christopher},
  journal={International Journal on Interactive Design and Manufacturing (IJIDeM)},
  volume={11},
  pages={139--153},
  year={2017},
  publisher={Springer}
}

@article{michalos2016augmented,
  title={Augmented reality (AR) applications for supporting human-robot interactive cooperation},
  author={Michalos, George and Karagiannis, Panagiotis and Makris, Sotiris and Tok{\c{c}}alar, {\"O}nder and Chryssolouris, George},
  journal={Procedia CIRP},
  volume={41},
  pages={370--375},
  year={2016},
  publisher={Elsevier}
}

@article{mirelman2009effects,
  title={Effects of training with a robot-virtual reality system compared with a robot alone on the gait of individuals after stroke},
  author={Mirelman, Anat and Bonato, Paolo and Deutsch, Judith E},
  journal={Stroke},
  volume={40},
  number={1},
  pages={169--174},
  year={2009},
  publisher={Am Heart Assoc}
}

@inproceedings{nowak2021augmented,
  title={Augmented reality with industrial process tomography: to support complex data analysis in 3D space},
  author={Nowak, Adam and Zhang, Yuchong and Romanowski, Andrzej and Fjeld, Morten},
  booktitle={Adjunct Proceedings of the 2021 ACM International Joint Conference on Pervasive and Ubiquitous Computing and Proceedings of the 2021 ACM International Symposium on Wearable Computers},
  pages={56--58},
  year={2021}
}

@inproceedings{ojha1994application,
  title={An application of virtual reality in rehabilitation},
  author={Ojha, Anand K},
  booktitle={Proceedings of SOUTHEASTCON'94},
  pages={4--6},
  year={1994},
  organization={IEEE}
}

@article{sethi2009validation,
  title={Validation of a novel virtual reality robotic simulator},
  author={Sethi, Amanjot S and Peine, William J and Mohammadi, Yousef and Sundaram, Chandru P},
  journal={Journal of endourology},
  volume={23},
  number={3},
  pages={503--508},
  year={2009},
  publisher={Mary Ann Liebert, Inc. 140 Huguenot Street, 3rd Floor New Rochelle, NY 10801 USA}
}

@article{solanes2020teleoperation,
  title={Teleoperation of industrial robot manipulators based on augmented reality},
  author={Solanes, J Ernesto and Mu{\~n}oz, Adolfo and Gracia, Luis and Mart{\'\i}, Ana and Girb{\'e}s-Juan, Vicent and Tornero, Josep},
  journal={The International Journal of Advanced Manufacturing Technology},
  volume={111},
  pages={1077--1097},
  year={2020},
  publisher={Springer}
}

@article{togias2021virtual,
  title={Virtual reality environment for industrial robot control and path design},
  author={Togias, Theodoros and Gkournelos, Christos and Angelakis, Panagiotis and Michalos, George and Makris, Sotiris},
  journal={Procedia CIRP},
  volume={100},
  pages={133--138},
  year={2021},
  publisher={Elsevier}
}

@inproceedings{van2024puppeteer,
  title={Puppeteer your robot: Augmented reality leader-follower teleoperation},
  author={Van Haastregt, Jonne and Welle, Michael C and Zhang, Yuchong and Kragic, Danica},
  booktitle={2024 IEEE-RAS 23rd International Conference on Humanoid Robots (Humanoids)},
  pages={1019--1026},
  year={2024},
  organization={IEEE}
}

@article{wade2011virtual,
  title={Virtual reality and robotics for stroke rehabilitation: where do we go from here?},
  author={Wade, Eric and Winstein, Carolee J},
  journal={Topics in stroke rehabilitation},
  volume={18},
  number={6},
  pages={685--700},
  year={2011},
  publisher={Taylor \& Francis}
}

@inproceedings{walker2018communicating,
  title={Communicating robot motion intent with augmented reality},
  author={Walker, Michael and Hedayati, Hooman and Lee, Jennifer and Szafir, Daniel},
  booktitle={Proceedings of the 2018 ACM/IEEE International Conference on Human-Robot Interaction},
  pages={316--324},
  year={2018}
}

@inproceedings{whitney2019comparing,
  title={Comparing robot grasping teleoperation across desktop and virtual reality with ROS reality},
  author={Whitney, David and Rosen, Eric and Phillips, Elizabeth and Konidaris, George and Tellex, Stefanie},
  booktitle={Robotics Research: The 18th International Symposium ISRR},
  pages={335--350},
  year={2019},
  organization={Springer}
}

@article{zhang2021supporting,
  title={Supporting visualization analysis in industrial process tomography by using augmented reality—a case study of an industrial microwave drying system},
  author={Zhang, Yuchong and Omrani, Adel and Yadav, Rahul and Fjeld, Morten},
  journal={Sensors},
  volume={21},
  number={19},
  pages={6515},
  year={2021},
  publisher={MDPI}
}

