@inproceedings{van2024puppeteer,
  title={Puppeteer your robot: Augmented reality leader-follower teleoperation},
  author={Van Haastregt, Jonne and Welle, Michael C and Zhang, Yuchong and Kragic, Danica},
  booktitle={2024 IEEE-RAS 23rd International Conference on Humanoid Robots (Humanoids)},
  pages={1019--1026},
  year={2024},
  organization={IEEE}
}

@inproceedings{hedayati2018improving,
  title={Improving collocated robot teleoperation with augmented reality},
  author={Hedayati, Hooman and Walker, Michael and Szafir, Daniel},
  booktitle={Proceedings of the 2018 ACM/IEEE International Conference on Human-Robot Interaction},
  pages={78--86},
  year={2018}
}

@article{pan2021augmented,
  title={Augmented reality-based robot teleoperation system using RGB-D imaging and attitude teaching device},
  author={Pan, Yong and Chen, Chengjun and Li, Dongnian and Zhao, Zhengxu and Hong, Jun},
  journal={Robotics and Computer-Integrated Manufacturing},
  volume={71},
  pages={102167},
  year={2021},
  publisher={Elsevier}
}

@inproceedings{walker2019robot,
  title={Robot teleoperation with augmented reality virtual surrogates},
  author={Walker, Michael E and Hedayati, Hooman and Szafir, Daniel},
  booktitle={2019 14th ACM/IEEE International Conference on Human-Robot Interaction (HRI)},
  pages={202--210},
  year={2019},
  organization={IEEE}
}

@inproceedings{arevalo2021assisting,
  title={Assisting manipulation and grasping in robot teleoperation with augmented reality visual cues},
  author={Arevalo Arboleda, Stephanie and R{\"u}cker, Franziska and Dierks, Tim and Gerken, Jens},
  booktitle={Proceedings of the 2021 CHI conference on human factors in computing systems},
  pages={1--14},
  year={2021}
}

@article{sethi2009validation,
  title={Validation of a novel virtual reality robotic simulator},
  author={Sethi, Amanjot S and Peine, William J and Mohammadi, Yousef and Sundaram, Chandru P},
  journal={Journal of endourology},
  volume={23},
  number={3},
  pages={503--508},
  year={2009},
  publisher={Mary Ann Liebert, Inc. 140 Huguenot Street, 3rd Floor New Rochelle, NY 10801 USA}
}

@article{lee2012validation,
  title={Validation study of a virtual reality robotic simulatorâ€”role as an assessment tool?},
  author={Lee, Jason Y and Mucksavage, Phillip and Kerbl, David C and Huynh, Victor B and Etafy, Mohamed and McDougall, Elspeth M},
  journal={The Journal of urology},
  volume={187},
  number={3},
  pages={998--1002},
  year={2012},
  publisher={Wolters Kluwer Philadelphia, PA}
}

@article{matsas2017design,
  title={Design of a virtual reality training system for human--robot collaboration in manufacturing tasks},
  author={Matsas, Elias and Vosniakos, George-Christopher},
  journal={International Journal on Interactive Design and Manufacturing (IJIDeM)},
  volume={11},
  pages={139--153},
  year={2017},
  publisher={Springer}
}

@article{albani2007virtual,
  title={Virtual reality-assisted robotic surgery simulation},
  author={Albani, Justin M and Lee, David I},
  journal={Journal of endourology},
  volume={21},
  number={3},
  pages={285--287},
  year={2007},
  publisher={Mary Ann Liebert, Inc. 2 Madison Avenue Larchmont, NY 10538 USA}
}

@article{wade2011virtual,
  title={Virtual reality and robotics for stroke rehabilitation: where do we go from here?},
  author={Wade, Eric and Winstein, Carolee J},
  journal={Topics in stroke rehabilitation},
  volume={18},
  number={6},
  pages={685--700},
  year={2011},
  publisher={Taylor \& Francis}
}

@inproceedings{whitney2019comparing,
  title={Comparing robot grasping teleoperation across desktop and virtual reality with ROS reality},
  author={Whitney, David and Rosen, Eric and Phillips, Elizabeth and Konidaris, George and Tellex, Stefanie},
  booktitle={Robotics Research: The 18th International Symposium ISRR},
  pages={335--350},
  year={2019},
  organization={Springer}
}

@article{brutsch2011virtual,
  title={Virtual reality for enhancement of robot-assisted gait training in children with central gait disorders},
  author={Br{\"u}tsch, Karin and Koenig, Alexander and Zimmerli, Lukas and M{\'e}rillat-Koeneke, Susan and Riener, Robert and J{\"a}ncke, Lutz and van Hedel, Hubertus JA and Meyer-Heim, Andreas},
  journal={Journal of rehabilitation medicine},
  volume={43},
  number={6},
  pages={493--499},
  year={2011},
  publisher={Stiftelsen Rehabiliteringsinformation}
}

@article{mirelman2009effects,
  title={Effects of training with a robot-virtual reality system compared with a robot alone on the gait of individuals after stroke},
  author={Mirelman, Anat and Bonato, Paolo and Deutsch, Judith E},
  journal={Stroke},
  volume={40},
  number={1},
  pages={169--174},
  year={2009},
  publisher={Am Heart Assoc}
}

@inproceedings{frisoli2007arm,
  title={Arm rehabilitation with a robotic exoskeleleton in Virtual Reality},
  author={Frisoli, Antonio and Borelli, Luigi and Montagner, Alberto and Marcheschi, Simone and Procopio, Caterina and Salsedo, Fabio and Bergamasco, Massimo and Carboncini, Maria C and Tolaini, Martina and Rossi, Bruno},
  booktitle={2007 IEEE 10th International Conference on Rehabilitation Robotics},
  pages={631--642},
  year={2007},
  organization={IEEE}
}

@article{burghardt2020programming,
  title={Programming of industrial robots using virtual reality and digital twins},
  author={Burghardt, Andrzej and Szybicki, Dariusz and Gierlak, Piotr and Kurc, Krzysztof and Pietru{\'s}, Paulina and Cygan, Rafa{\l}},
  journal={Applied Sciences},
  volume={10},
  number={2},
  pages={486},
  year={2020},
  publisher={MDPI}
}

@article{togias2021virtual,
  title={Virtual reality environment for industrial robot control and path design},
  author={Togias, Theodoros and Gkournelos, Christos and Angelakis, Panagiotis and Michalos, George and Makris, Sotiris},
  journal={Procedia CIRP},
  volume={100},
  pages={133--138},
  year={2021},
  publisher={Elsevier}
}

@inproceedings{ojha1994application,
  title={An application of virtual reality in rehabilitation},
  author={Ojha, Anand K},
  booktitle={Proceedings of SOUTHEASTCON'94},
  pages={4--6},
  year={1994},
  organization={IEEE}
}

@inproceedings{walker2018communicating,
  title={Communicating robot motion intent with augmented reality},
  author={Walker, Michael and Hedayati, Hooman and Lee, Jennifer and Szafir, Daniel},
  booktitle={Proceedings of the 2018 ACM/IEEE International Conference on Human-Robot Interaction},
  pages={316--324},
  year={2018}
}

@inproceedings{hashimoto2011touchme,
  title={Touchme: An augmented reality based remote robot manipulation},
  author={Hashimoto, Sunao and Ishida, Akihiko and Inami, Masahiko and Igarashi, Takeo},
  booktitle={The 21st International Conference on Artificial Reality and Telexistence, Proceedings of ICAT2011},
  volume={2},
  year={2011}
}

@article{michalos2016augmented,
  title={Augmented reality (AR) applications for supporting human-robot interactive cooperation},
  author={Michalos, George and Karagiannis, Panagiotis and Makris, Sotiris and Tok{\c{c}}alar, {\"O}nder and Chryssolouris, George},
  journal={Procedia CIRP},
  volume={41},
  pages={370--375},
  year={2016},
  publisher={Elsevier}
}

@article{xia2024shaping,
  title={Shaping high-performance wearable robots for human motor and sensory reconstruction and enhancement},
  author={Xia, Haisheng and Zhang, Yuchong and Rajabi, Nona and Taleb, Farzaneh and Yang, Qunting and Kragic, Danica and Li, Zhijun},
  journal={Nature Communications},
  volume={15},
  number={1},
  pages={1760},
  year={2024},
  publisher={Nature Publishing Group UK London}
}

@inproceedings{zhang2024vision,
  title={Vision beyond boundaries: An initial design space of domain-specific large vision models in human-robot interaction},
  author={Zhang, Yuchong and Ma, Yong and Kragic, Danica},
  booktitle={Adjunct Proceedings of the 26th International Conference on Mobile Human-Computer Interaction},
  pages={1--8},
  year={2024}
}

@inproceedings{ma2024haid,
  title={HAID: Human-AI Interaction for Dementia Care},
  author={Ma, Yong and Zhang, Yuchong and Fu, Di and Jahanshahikhabisi, Mahya and Matviienko, Andrii and Bachinski, Miroslav and Fjeld, Morten and Kragic, Danica},
  booktitle={Adjunct Proceedings of the 2024 Nordic Conference on Human-Computer Interaction},
  pages={1--4},
  year={2024}
}

@inproceedings{zhang2024human,
  title={Human-centered AI Technologies in Human-robot Interaction for Social Settings},
  author={Zhang, Yuchong and Kassem, Khaled and Gong, Zhengya and Mo, Fan and Ma, Yong and Kirjavainen, Emma and H{\"a}kkil{\"a}, Jonna},
  booktitle={Proceedings of the International Conference on Mobile and Ubiquitous Multimedia},
  pages={501--505},
  year={2024}
}

@inproceedings{zhang2023see,
  title={See or Hear? Exploring the Effect of Visual/Audio Hints and Gaze-assisted Instant Post-task Feedback for Visual Search Tasks in AR},
  author={Zhang, Yuchong and Nowak, Adam and Xuan, Yueming and Romanowski, Andrzej and Fjeld, Morten},
  booktitle={2023 IEEE International Symposium on Mixed and Augmented Reality (ISMAR)},
  pages={1113--1122},
  year={2023},
  organization={IEEE}
}

@inproceedings{zhang2023playing,
  title={Playing with data: An augmented reality approach to interact with visualizations of industrial process tomography},
  author={Zhang, Yuchong and Xuan, Yueming and Yadav, Rahul and Omrani, Adel and Fjeld, Morten},
  booktitle={IFIP Conference on Human-Computer Interaction},
  pages={123--144},
  year={2023},
  organization={Springer}
}

@inproceedings{zhang2024will,
  title={Will You Participate? Exploring the Potential of Robotics Competitions on Human-Centric Topics},
  author={Zhang, Yuchong and Vasco, Miguel and Bj{\"o}rkman, M{\aa}rten and Kragic, Danica},
  booktitle={International Conference on Human-Computer Interaction},
  pages={240--255},
  year={2024},
  organization={Springer}
}

@inproceedings{wallace2024imitation,
  title={Imitation or Innovation? Translating Features of Expressive Motion from Humans to Robots},
  author={Wallace, Benedikte and van Otterdijk, Marieke and Zhang, Yuchong and Rajabi, Nona and Marin-Bucio, Diego and Kragic, Danica and Torresen, Jim},
  booktitle={Proceedings of the 12th International Conference on Human-Agent Interaction},
  pages={296--304},
  year={2024}
}

@article{ma2024bridging,
  title={Bridging the Gap: Advancements in Technology to Support Dementia Care--A Scoping Review},
  author={Ma, Yong and Nordberg, Oda Elise and Hubbers, Jessica and Zhang, Yuchong and Rongve, Arvid and Bachinski, Miroslav and Fjeld, Morten},
  journal={arXiv preprint arXiv:2404.09685},
  year={2024}
}

@article{zhang20241st,
  title={The 1st InterAI Workshop: Interactive AI for Human-centered Robotics},
  author={Zhang, Yuchong and Yadollahi, Elmira and Ma, Yong and Fu, Di and Leite, Iolanda and Kragic, Danica},
  journal={arXiv preprint arXiv:2409.11150},
  year={2024}
}

@article{zhang2020validation,
  title={Validation of prognostic accuracy of the SOFA score, SIRS criteria, and qSOFA score for in-hospital mortality among cardiac-, thoracic-, and vascular-surgery patients admitted to a cardiothoracic intensive care unit},
  author={Zhang, Yuchong and Luo, Haidong and Wang, Hai and Zheng, Zhichao and Ooi, Oon Cheong},
  journal={Journal of cardiac surgery},
  volume={35},
  number={1},
  pages={118--127},
  year={2020},
  publisher={Wiley Online Library}
}

@inproceedings{ma2024understanding,
  title={Understanding Dementia Speech: Towards an Adaptive Voice Assistant for Enhanced Communication},
  author={Ma, Yong and Nordberg, Oda Elise and Zhang, Yuchong and Rongve, Arvid and Bachinski, Miroslav and Fjeld, Morten},
  booktitle={Companion Proceedings of the 16th ACM SIGCHI Symposium on Engineering Interactive Computing Systems},
  pages={15--21},
  year={2024}
}

@article{zhang2021supporting,
  title={Supporting visualization analysis in industrial process tomography by using augmented realityâ€”a case study of an industrial microwave drying system},
  author={Zhang, Yuchong and Omrani, Adel and Yadav, Rahul and Fjeld, Morten},
  journal={Sensors},
  volume={21},
  number={19},
  pages={6515},
  year={2021},
  publisher={MDPI}
}

@inproceedings{nowak2021augmented,
  title={Augmented reality with industrial process tomography: to support complex data analysis in 3D space},
  author={Nowak, Adam and Zhang, Yuchong and Romanowski, Andrzej and Fjeld, Morten},
  booktitle={Adjunct Proceedings of the 2021 ACM International Joint Conference on Pervasive and Ubiquitous Computing and Proceedings of the 2021 ACM International Symposium on Wearable Computers},
  pages={56--58},
  year={2021}
}

@article{solanes2020teleoperation,
  title={Teleoperation of industrial robot manipulators based on augmented reality},
  author={Solanes, J Ernesto and Mu{\~n}oz, Adolfo and Gracia, Luis and Mart{\'\i}, Ana and Girb{\'e}s-Juan, Vicent and Tornero, Josep},
  journal={The International Journal of Advanced Manufacturing Technology},
  volume={111},
  pages={1077--1097},
  year={2020},
  publisher={Springer}
}

@inproceedings{marin2002very,
  title={A very high level interface to teleoperate a robot via Web including augmented reality},
  author={Marin, Roque and Sanz, Pedro J and S{\'a}nchez, J Salvador},
  booktitle={Proceedings 2002 IEEE International Conference on Robotics and Automation (Cat. No. 02CH37292)},
  volume={3},
  pages={2725--2730},
  year={2002},
  organization={IEEE}
}

@article{brizzi2017effects,
  title={Effects of augmented reality on the performance of teleoperated industrial assembly tasks in a robotic embodiment},
  author={Brizzi, Filippo and Peppoloni, Lorenzo and Graziano, Alessandro and Di Stefano, Erika and Avizzano, Carlo Alberto and Ruffaldi, Emanuele},
  journal={IEEE Transactions on Human-Machine Systems},
  volume={48},
  number={2},
  pages={197--206},
  year={2017},
  publisher={IEEE}
}

@article{goel2020robotics,
  title={Robotics and industry 4.0},
  author={Goel, Ruchi and Gupta, Pooja},
  journal={A Roadmap to Industry 4.0: Smart Production, Sharp Business and Sustainable Development},
  pages={157--169},
  year={2020},
  publisher={Springer}
}

@article{javaid2021substantial,
  title={Substantial capabilities of robotics in enhancing industry 4.0 implementation},
  author={Javaid, Mohd and Haleem, Abid and Singh, Ravi Pratap and Suman, Rajiv},
  journal={Cognitive Robotics},
  volume={1},
  pages={58--75},
  year={2021},
  publisher={Elsevier}
}

@article{riek2017healthcare,
  title={Healthcare robotics},
  author={Riek, Laurel D},
  journal={Communications of the ACM},
  volume={60},
  number={11},
  pages={68--78},
  year={2017},
  publisher={ACM New York, NY, USA}
}

@article{sarker2021robotics,
  title={Robotics and artificial intelligence in healthcare during COVID-19 pandemic: A systematic review},
  author={Sarker, Sujan and Jamal, Lafifa and Ahmed, Syeda Faiza and Irtisam, Niloy},
  journal={Robotics and autonomous systems},
  volume={146},
  pages={103902},
  year={2021},
  publisher={Elsevier}
}

@article{cresswell2018health,
  title={Health care robotics: qualitative exploration of key challenges and future directions},
  author={Cresswell, Kathrin and Cunningham-Burley, Sarah and Sheikh, Aziz},
  journal={Journal of medical Internet research},
  volume={20},
  number={7},
  pages={e10410},
  year={2018},
  publisher={JMIR Publications Toronto, Canada}
}

@article{breazeal2016social,
  title={Social robotics},
  author={Breazeal, Cynthia and Dautenhahn, Kerstin and Kanda, Takayuki},
  journal={Springer handbook of robotics},
  pages={1935--1972},
  year={2016},
  publisher={Springer}
}

@article{tapus2007socially,
  title={Socially assistive robotics [grand challenges of robotics]},
  author={Tapus, Adriana and Mataric, Maja J and Scassellati, Brian},
  journal={IEEE robotics \& automation magazine},
  volume={14},
  number={1},
  pages={35--42},
  year={2007},
  publisher={IEEE}
}

@inproceedings{ghiringhelli2014interactive,
  title={Interactive augmented reality for understanding and analyzing multi-robot systems},
  author={Ghiringhelli, Fabrizio and Guzzi, J{\'e}r{\^o}me and Di Caro, Gianni A and Caglioti, Vincenzo and Gambardella, Luca M and Giusti, Alessandro},
  booktitle={2014 IEEE/RSJ International Conference on Intelligent Robots and Systems},
  pages={1195--1201},
  year={2014},
  organization={IEEE}
}

@article{fang2012interactive,
  title={Interactive robot trajectory planning and simulation using augmented reality},
  author={Fang, HC and Ong, SK and Nee, AYC},
  journal={Robotics and Computer-Integrated Manufacturing},
  volume={28},
  number={2},
  pages={227--237},
  year={2012},
  publisher={Elsevier}
}

@article{green2008human,
  title={Human-robot collaboration: A literature review and augmented reality approach in design},
  author={Green, Scott A and Billinghurst, Mark and Chen, XiaoQi and Chase, J Geoffrey},
  journal={International journal of advanced robotic systems},
  volume={5},
  number={1},
  pages={1},
  year={2008},
  publisher={SAGE Publications Sage UK: London, England}
}

@inproceedings{kyjanek2019implementation,
  title={Implementation of an augmented reality AR workflow for human robot collaboration in timber prefabrication},
  author={Kyjanek, Ondrej and Al Bahar, Bahar and Vasey, Lauren and Wannemacher, Benedikt and Menges, Achim},
  booktitle={Proceedings of the 36th international symposium on automation and robotics in construction, ISARC},
  pages={1223--1230},
  year={2019},
  organization={International Association for Automation and Robotics in Construction (IAARC~â€¦}
}

@article{de2020systematic,
  title={A systematic review of Augmented Reality interfaces for collaborative industrial robots},
  author={De Pace, Francesco and Manuri, Federico and Sanna, Andrea and Fornaro, Claudio},
  journal={Computers \& Industrial Engineering},
  volume={149},
  pages={106806},
  year={2020},
  publisher={Elsevier}
}

@inproceedings{sahin2024using,
  title={Using Augmented Reality to Enhance Worker Situational Awareness In Human Robot Interaction},
  author={Sahin, Melis and Subramanian, Karthik and Sahin, Ferat},
  booktitle={2024 IEEE Conference on Telepresence},
  pages={217--224},
  year={2024},
  organization={IEEE}
}

@inproceedings{de2019intuitive,
  title={An Intuitive augmented reality interface for task scheduling, monitoring, and work performance improvement in human-robot collaboration},
  author={De Franco, Alessandro and Lamon, Edoardo and Balatti, Pietro and De Momi, Elena and Ajoudani, Arash},
  booktitle={2019 IEEE International Work Conference on Bioinspired Intelligence (IWOBI)},
  pages={75--80},
  year={2019},
  organization={IEEE}
}
@article{chan2022design,
  title={Design and evaluation of an augmented reality head-mounted display interface for human robot teams collaborating in physically shared manufacturing tasks},
  author={Chan, Wesley P and Hanks, Geoffrey and Sakr, Maram and Zhang, Haomiao and Zuo, Tiger and Van der Loos, HF Machiel and Croft, Elizabeth},
  journal={ACM Transactions on Human-Robot Interaction (THRI)},
  volume={11},
  number={3},
  pages={1--19},
  year={2022},
  publisher={ACM New York, NY}
}

@article{zhang2023large,
  title={Large language models for human-robot interaction: A review},
  author={Zhang, Ceng and Chen, Junxin and Li, Jiatong and Peng, Yanhong and Mao, Zebing},
  journal={Biomimetic Intelligence and Robotics},
  pages={100131},
  year={2023},
  publisher={Elsevier}
}

@article{zeng2023large,
  title={Large language models for robotics: A survey},
  author={Zeng, Fanlong and Gan, Wensheng and Wang, Yongheng and Liu, Ning and Yu, Philip S},
  journal={arXiv preprint arXiv:2311.07226},
  year={2023}
}

@inproceedings{gao2024physically,
  title={Physically grounded vision-language models for robotic manipulation},
  author={Gao, Jensen and Sarkar, Bidipta and Xia, Fei and Xiao, Ted and Wu, Jiajun and Ichter, Brian and Majumdar, Anirudha and Sadigh, Dorsa},
  booktitle={2024 IEEE International Conference on Robotics and Automation (ICRA)},
  pages={12462--12469},
  year={2024},
  organization={IEEE}
}

@inproceedings{kim2024understanding,
  title={Understanding large-language model (llm)-powered human-robot interaction},
  author={Kim, Callie Y and Lee, Christine P and Mutlu, Bilge},
  booktitle={Proceedings of the 2024 ACM/IEEE International Conference on Human-Robot Interaction},
  pages={371--380},
  year={2024}
}

@article{song2024vlm,
  title={VLM-Social-Nav: Socially Aware Robot Navigation through Scoring using Vision-Language Models},
  author={Song, Daeun and Liang, Jing and Payandeh, Amirreza and Raj, Amir Hossain and Xiao, Xuesu and Manocha, Dinesh},
  journal={IEEE Robotics and Automation Letters},
  year={2024},
  publisher={IEEE}
}
@article{lee2023developing,
  title={Developing social robots with empathetic non-verbal cues using large language models},
  author={Lee, Yoon Kyung and Jung, Yoonwon and Kang, Gyuyi and Hahn, Sowon},
  journal={arXiv preprint arXiv:2308.16529},
  year={2023}
}
@inproceedings{li2024manipllm,
  title={Manipllm: Embodied multimodal large language model for object-centric robotic manipulation},
  author={Li, Xiaoqi and Zhang, Mingxu and Geng, Yiran and Geng, Haoran and Long, Yuxing and Shen, Yan and Zhang, Renrui and Liu, Jiaming and Dong, Hao},
  booktitle={Proceedings of the IEEE/CVF Conference on Computer Vision and Pattern Recognition},
  pages={18061--18070},
  year={2024}
}

@article{chu2023accelerating,
  title={Accelerating reinforcement learning of robotic manipulations via feedback from large language models},
  author={Chu, Kun and Zhao, Xufeng and Weber, Cornelius and Li, Mengdi and Wermter, Stefan},
  journal={arXiv preprint arXiv:2311.02379},
  year={2023}
}
@article{chen2024rlingua,
  title={RLingua: Improving Reinforcement Learning Sample Efficiency in Robotic Manipulations With Large Language Models},
  author={Chen, Liangliang and Lei, Yutian and Jin, Shiyu and Zhang, Ying and Zhang, Liangjun},
  journal={IEEE Robotics and Automation Letters},
  year={2024},
  publisher={IEEE}
}

@article{norberto2005robot,
  title={Robot-by-voice: experiments on commanding an industrial robot using the human voice},
  author={Norberto Pires, J},
  journal={Industrial Robot: An International Journal},
  volume={32},
  number={6},
  pages={505--511},
  year={2005},
  publisher={Emerald Group Publishing Limited}
}

@article{rogowski2022scenario,
  title={Scenario-based programming of voice-controlled medical robotic systems},
  author={Rogowski, Adam},
  journal={Sensors},
  volume={22},
  number={23},
  pages={9520},
  year={2022},
  publisher={MDPI}
}
@inproceedings{pulikottil2018voice,
  title={A voice control system for assistive robotic arms: preliminary usability tests on patients},
  author={Pulikottil, Terrin Babu and Caimmi, Marco and D'Angelo, Maria Grazia and Biffi, Emilia and Pellegrinelli, Stefania and Tosatti, Lorenzo Molinari},
  booktitle={2018 7th IEEE International Conference on Biomedical Robotics and Biomechatronics (Biorob)},
  pages={167--172},
  year={2018},
  organization={IEEE}
}

@article{zhang2024mind,
  title={Mind Meets Robots: A Review of EEG-Based Brain-Robot Interaction Systems},
  author={Zhang, Yuchong and Rajabi, Nona and Taleb, Farzaneh and Matviienko, Andrii and Ma, Yong and Bj{\"o}rkman, M{\aa}rten and Kragic, Danica},
  journal={arXiv preprint arXiv:2403.06186},
  year={2024}
}

@article{he2017survey,
  title={A survey of human-centered intelligent robots: issues and challenges},
  author={He, Wei and Li, Zhijun and Chen, CL Philip},
  journal={IEEE/CAA Journal of Automatica Sinica},
  volume={4},
  number={4},
  pages={602--609},
  year={2017},
  publisher={IEEE}
}

@inproceedings{zhang2022site,
  title={On-site or remote working?: An initial solution on how covid-19 pandemic may impact augmented reality users},
  author={Zhang, Yuchong and Nowak, Adam and Romanowski, Andrzej and Fjeld, Morten},
  booktitle={Proceedings of the 2022 International Conference on Advanced Visual Interfaces},
  pages={1--3},
  year={2022}
}

@inproceedings{baytas2019design,
  title={The design of social drones: A review of studies on autonomous flyers in inhabited environments},
  author={Baytas, Mehmet Aydin and {\c{C}}ay, Damla and Zhang, Yuchong and Obaid, Mohammad and Yanta{\c{c}}, Asim Evren and Fjeld, Morten},
  booktitle={Proceedings of the 2019 CHI Conference on Human Factors in Computing Systems},
  pages={1--13},
  year={2019}
}

@article{dzedzickis2021advanced,
  title={Advanced applications of industrial robotics: New trends and possibilities},
  author={Dzedzickis, Andrius and Suba{\v{c}}i{\=u}t{\.e}-{\v{Z}}emaitien{\.e}, Jurga and {\v{S}}utinys, Ernestas and Samukait{\.e}-Bubnien{\.e}, Urt{\.e} and Bu{\v{c}}inskas, Vytautas},
  journal={Applied Sciences},
  volume={12},
  number={1},
  pages={135},
  year={2021},
  publisher={MDPI}
}

@article{zhao2017augmented,
  title={Augmented reality for enhancing tele-robotic system with force feedback},
  author={Zhao, Zhou and Huang, Panfeng and Lu, Zhenyu and Liu, Zhengxiong},
  journal={Robotics and Autonomous Systems},
  volume={96},
  pages={93--101},
  year={2017},
  publisher={Elsevier}
}

@article{zhong2003designing,
  title={Designing a Vision-based Collaborative Augmented Reality Application for Industrial Training.},
  author={Zhong, Xiaowei and Liu, Peiran and Georganas, Nicolas D and Boulanger, Pierre},
  journal={it Inf. Technol.},
  volume={45},
  number={1},
  pages={7--19},
  year={2003}
}

@inproceedings{zhang2023industrial,
  title={Is industrial tomography ready for augmented reality? a need-finding study of how augmented reality can be adopted by industrial tomography experts},
  author={Zhang, Yuchong and Nowak, Adam and Rao, Guruprasad and Romanowski, Andrzej and Fjeld, Morten},
  booktitle={International Conference on Human-Computer Interaction},
  pages={523--535},
  year={2023},
  organization={Springer}
}