% Journals

% First the Full Name is given, then the abbreviation used in the AMS Math
% Reviews, with an indication if it could not be found there.
% Note the 2nd overwrites the 1st, so swap them if you want the full name.

 %{AMS}
 @String{AMSTrans = "American Mathematical Society Translations" }
 @String{AMSTrans = "Amer. Math. Soc. Transl." }
 @String{BullAMS = "Bulletin of the American Mathematical Society" }
 @String{BullAMS = "Bull. Amer. Math. Soc." }
 @String{ProcAMS = "Proceedings of the American Mathematical Society" }
 @String{ProcAMS = "Proc. Amer. Math. Soc." }
 @String{TransAMS = "Transactions of the American Mathematical Society" }
 @String{TransAMS = "Trans. Amer. Math. Soc." }

 %ACM
 @String{CACM = "Communications of the {ACM}" }
 @String{CACM = "Commun. {ACM}" }
 @String{CompServ = "Comput. Surveys" }
 @String{JACM = "J. ACM" }
 @String{ACMMathSoft = "{ACM} Transactions on Mathematical Software" }
 @String{ACMMathSoft = "{ACM} Trans. Math. Software" }
 @String{SIGNUM = "{ACM} {SIGNUM} Newsletter" }
 @String{SIGNUM = "{ACM} {SIGNUM} Newslett." }

 @String{AmerSocio = "American Journal of Sociology" }
 @String{AmerStatAssoc = "Journal of the American Statistical Association" }
 @String{AmerStatAssoc = "J. Amer. Statist. Assoc." }
 @String{ApplMathComp = "Applied Mathematics and Computation" }
 @String{ApplMathComp = "Appl. Math. Comput." }
 @String{AmerMathMonthly = "American Mathematical Monthly" }
 @String{AmerMathMonthly = "Amer. Math. Monthly" }
 @String{BIT = "{BIT}" }
 @String{BritStatPsych = "British Journal of Mathematical and Statistical
          Psychology" }
 @String{BritStatPsych = "Brit. J. Math. Statist. Psych." }
 @String{CanMathBull = "Canadian Mathematical Bulletin" }
 @String{CanMathBull = "Canad. Math. Bull." }
 @String{CompApplMath = "Journal of Computational and Applied Mathematics" }
 @String{CompApplMath = "J. Comput. Appl. Math." }
 @String{CompPhys = "Journal of Computational Physics" }
 @String{CompPhys = "J. Comput. Phys." }
 @String{CompStruct = "Computers and Structures" }
 @String{CompStruct = "Comput. \& Structures" }
 @String{CompJour = "The Computer Journal" }
 @String{CompJour = "Comput. J." }
 @String{CompSysSci = "Journal of Computer and System Sciences" }
 @String{CompSysSci = "J. Comput. System Sci." }
 @String{Computing = "Computing" }
 @String{ContempMath = "Contemporary Mathematics" }
 @String{ContempMath = "Contemp. Math." }
 @String{Crelle = "Crelle's Journal" }
 @String{GiornaleMath = "Giornale di Mathematiche" }
 @String{GiornaleMath = "Giorn. Mat." } % didn't find in AMS MR., ibid.

 %IEEE
 @String{Computer = "{IEEE} Computer" }
 @String{IEEETransComp = "{IEEE} Transactions on Computers" }
 @String{IEEETransComp = "{IEEE} Trans. Comput." }
 @String{IEEETransAC = "{IEEE} Transactions on Automatic Control" }
 @String{IEEETransAC = "{IEEE} Trans. Automat. Control" }
 @String{IEEESpec = "{IEEE} Spectrum" } % didn't find in AMS MR
 @String{ProcIEEE = "Proceedings of the {IEEE}" }
 @String{ProcIEEE = "Proc. {IEEE}" } % didn't find in AMS MR
 @String{IEEETransAeroElec = "{IEEE} Transactions on Aerospace and Electronic
     Systems" }
 @String{IEEETransAeroElec = "{IEEE} Trans. Aerospace Electron. Systems" }

 @String{IMANumerAna = "{IMA} Journal of Numerical Analysis" }
 @String{IMANumerAna = "{IMA} J. Numer. Anal." }
 @String{InfProcLet = "Information Processing Letters" }
 @String{InfProcLet = "Inform. Process. Lett." }
 @String{InstMathApp = "Journal of the Institute of Mathematics and
     its Applications" }
 @String{InstMathApp = "J. Inst. Math. Appl." }
 @String{IntControl = "International Journal of Control" }
 @String{IntControl = "Internat. J. Control" }
 @String{IntNumerEng = "International Journal for Numerical Methods in
     Engineering" }
 @String{IntNumerEng = "Internat. J. Numer. Methods Engrg." }
 @String{IntSuper = "International Journal of Supercomputing Applications" }
 @String{IntSuper = "Internat. J. Supercomputing Applic." } % didn't find
%% in AMS MR
 @String{Kibernetika = "Kibernetika" }
 @String{JResNatBurStand = "Journal of Research of the National Bureau
     of Standards" }
 @String{JResNatBurStand = "J. Res. Nat. Bur. Standards" }
 @String{LinAlgApp = "Linear Algebra and its Applications" }
 @String{LinAlgApp = "Linear Algebra Appl." }
 @String{MathAnaAppl = "Journal of Mathematical Analysis and Applications" }
 @String{MathAnaAppl = "J. Math. Anal. Appl." }
 @String{MathAnnalen = "Mathematische Annalen" }
 @String{MathAnnalen = "Math. Ann." }
 @String{MathPhys = "Journal of Mathematical Physics" }
 @String{MathPhys = "J. Math. Phys." }
 @String{MathComp = "Mathematics of Computation" }
 @String{MathComp = "Math. Comp." }
 @String{MathScand = "Mathematica Scandinavica" }
 @String{MathScand = "Math. Scand." }
 @String{TablesAidsComp = "Mathematical Tables and Other Aids to Computation" }
 @String{TablesAidsComp = "Math. Tables Aids Comput." }
 @String{NumerMath = "Numerische Mathematik" }
 @String{NumerMath = "Numer. Math." }
 @String{PacificMath = "Pacific Journal of Mathematics" }
 @String{PacificMath = "Pacific J. Math." }
 @String{ParDistComp = "Journal of Parallel and Distributed Computing" }
 @String{ParDistComp = "J. Parallel and Distrib. Comput." } % didn't find
%% in AMS MR
 @String{ParComputing = "Parallel Computing" }
 @String{ParComputing = "Parallel Comput." }
 @String{PhilMag = "Philosophical Magazine" }
 @String{PhilMag = "Philos. Mag." }
 @String{ProcNAS = "Proceedings of the National Academy of Sciences
                    of the USA" }
 @String{ProcNAS = "Proc. Nat. Acad. Sci. U. S. A." }
 @String{Psychometrika = "Psychometrika" }
 @String{QuartMath = "Quarterly Journal of Mathematics, Oxford, Series (2)" }
 @String{QuartMath = "Quart. J. Math. Oxford Ser. (2)" }
 @String{QuartApplMath = "Quarterly of Applied Mathematics" }
 @String{QuartApplMath = "Quart. Appl. Math." }
 @String{RevueInstStat = "Review of the International Statisical Institute" }
 @String{RevueInstStat = "Rev. Inst. Internat. Statist." }

 %SIAM
 @String{JSIAM = "Journal of the Society for Industrial and Applied
     Mathematics" }
 @String{JSIAM = "J. Soc. Indust. Appl. Math." }
 @String{JSIAMB = "Journal of the Society for Industrial and Applied
     Mathematics, Series B, Numerical Analysis" }
 @String{JSIAMB = "J. Soc. Indust. Appl. Math. Ser. B Numer. Anal." }
 @String{SIAMAlgMeth = "{SIAM} Journal on Algebraic and Discrete Methods" }
 @String{SIAMAlgMeth = "{SIAM} J. Algebraic Discrete Methods" }
 @String{SIAMAppMath = "{SIAM} Journal on Applied Mathematics" }
 @String{SIAMAppMath = "{SIAM} J. Appl. Math." }
 @String{SIAMComp = "{SIAM} Journal on Computing" }
 @String{SIAMComp = "{SIAM} J. Comput." }
 @String{SIAMMatrix = "{SIAM} Journal on Matrix Analysis and Applications" }
 @String{SIAMMatrix = "{SIAM} J. Matrix Anal. Appl." }
 @String{SIAMNumAnal = "{SIAM} Journal on Numerical Analysis" }
 @String{SIAMNumAnal = "{SIAM} J. Numer. Anal." }
 @String{SIAMReview = "{SIAM} Review" }
 @String{SIAMReview = "{SIAM} Rev." }
 @String{SIAMSciStat = "{SIAM} Journal on Scientific and Statistical
     Computing" }
 @String{SIAMSciStat = "{SIAM} J. Sci. Statist. Comput." }

 @String{SoftPracExp = "Software Practice and Experience" }
 @String{SoftPracExp = "Software Prac. Experience" } % didn't find in AMS MR
 @String{StatScience = "Statistical Science" }
 @String{StatScience = "Statist. Sci." }
 @String{Techno = "Technometrics" }
 @String{USSRCompMathPhys = "{USSR} Computational Mathematics and Mathematical
     Physics" }
 @String{USSRCompMathPhys = "{U. S. S. R.} Comput. Math. and Math. Phys." }
 @String{VLSICompSys = "Journal of {VLSI} and Computer Systems" }
 @String{VLSICompSys = "J. {VLSI} Comput. Syst." }
 @String{ZAngewMathMech = "Zeitschrift fur Angewandte Mathematik und
     Mechanik" }
 @String{ZAngewMathMech = "Z. Angew. Math. Mech." }
 @String{ZAngewMathPhys = "Zeitschrift fur Angewandte Mathematik und Physik" }
 @String{ZAngewMathPhys = "Z. Angew. Math. Phys." }

% Publishers % ================================================= |

 @String{Academic = "Academic Press" }
 @String{ACMPress = "{ACM} Press" }
 @String{AdamHilger = "Adam Hilger" }
 @String{AddisonWesley = "Addison-Wesley" }
 @String{AllynBacon = "Allyn and Bacon" }
 @String{AMS = "American Mathematical Society" }
 @String{Birkhauser = "Birkha{\"u}ser" }
 @String{CambridgePress = "Cambridge University Press" }
 @String{Chelsea = "Chelsea" }
 @String{ClaredonPress = "Claredon Press" }
 @String{DoverPub = "Dover Publications" }
 @String{Eyolles = "Eyolles" }
 @String{HoltRinehartWinston = "Holt, Rinehart and Winston" }
 @String{Interscience = "Interscience" }
 @String{JohnsHopkinsPress = "The Johns Hopkins University Press" }
 @String{JohnWileySons = "John Wiley and Sons" }
 @String{Macmillan = "Macmillan" }
 @String{MathWorks = "The Math Works Inc." }
 @String{McGrawHill = "McGraw-Hill" }
 @String{NatBurStd = "National Bureau of Standards" }
 @String{NorthHolland = "North-Holland" }
 @String{OxfordPress = "Oxford University Press" }  %address Oxford or London?
 @String{PergamonPress = "Pergamon Press" }
 @String{PlenumPress = "Plenum Press" }
 @String{PrenticeHall = "Prentice-Hall" }
 @String{SIAMPub = "{SIAM} Publications" }
 @String{Springer = "Springer-Verlag" }
 @String{TexasPress = "University of Texas Press" }
 @String{VanNostrand = "Van Nostrand" }
 @String{WHFreeman = "W. H. Freeman and Co." }

@article{guan2023intelligent,
  title={Intelligent virtual assistants with llm-based process automation},
  author={Guan, Yanchu and Wang, Dong and Chu, Zhixuan and Wang, Shiyu and Ni, Feiyue and Song, Ruihua and Li, Longfei and Gu, Jinjie and Zhuang, Chenyi},
  journal={arXiv preprint arXiv:2312.06677},
  year={2023}
}

@article{wen2023empowering,
  title={Empowering llm to use smartphone for intelligent task automation},
  author={Wen, Hao and Li, Yuanchun and Liu, Guohong and Zhao, Shanhui and Yu, Tao and Li, Toby Jia-Jun and Jiang, Shiqi and Liu, Yunhao and Zhang, Yaqin and Liu, Yunxin},
  journal={arXiv preprint arXiv:2308.15272},
  year={2023}
}

@inproceedings{li2020mapping,
  title={Mapping Natural Language Instructions to Mobile UI Action Sequences},
  author={Li, Yang and He, Jiacong and Zhou, Xin and Zhang, Yuan and Baldridge, Jason},
  booktitle={Proceedings of the 58th Annual Meeting of the Association for Computational Linguistics},
  pages={8198--8210},
  year={2020}
}

@article{li2021learning,
  title={Learning ui navigation through demonstrations composed of macro actions},
  author={Li, Wei},
  journal={arXiv preprint arXiv:2110.08653},
  year={2021}
}

@article{burns2022interactive,
  title={Interactive mobile app navigation with uncertain or under-specified natural language commands},
  author={Burns, Andrea and Arsan, Deniz and Agrawal, Sanjna and Kumar, Ranjitha and Saenko, Kate and Plummer, Bryan A},
  journal={arXiv preprint arXiv:2202.02312},
  year={2022}
}

@inproceedings{wang2021screen2words,
  title={Screen2words: Automatic mobile UI summarization with multimodal learning},
  author={Wang, Bryan and Li, Gang and Zhou, Xin and Chen, Zhourong and Grossman, Tovi and Li, Yang},
  booktitle={The 34th Annual ACM Symposium on User Interface Software and Technology},
  pages={498--510},
  year={2021}
}

@inproceedings{li2021screen2vec,
  title={Screen2vec: Semantic embedding of gui screens and gui components},
  author={Li, Toby Jia-Jun and Popowski, Lindsay and Mitchell, Tom and Myers, Brad A},
  booktitle={Proceedings of the 2021 CHI Conference on Human Factors in Computing Systems},
  pages={1--15},
  year={2021}
}

@inproceedings{zhang2021screen,
  title={Screen recognition: Creating accessibility metadata for mobile applications from pixels},
  author={Zhang, Xiaoyi and De Greef, Lilian and Swearngin, Amanda and White, Samuel and Murray, Kyle and Yu, Lisa and Shan, Qi and Nichols, Jeffrey and Wu, Jason and Fleizach, Chris and others},
  booktitle={Proceedings of the 2021 CHI Conference on Human Factors in Computing Systems},
  pages={1--15},
  year={2021}
}

@inproceedings{li2020widget,
  title={Widget Captioning: Generating Natural Language Description for Mobile User Interface Elements},
  author={Li, Yang and Li, Gang and He, Luheng and Zheng, Jingjie and Li, Hong and Guan, Zhiwei},
  booktitle={Proceedings of the 2020 Conference on Empirical Methods in Natural Language Processing (EMNLP)},
  pages={5495--5510},
  year={2020}
}

@inproceedings{chen2022towards,
  title={Towards complete icon labeling in mobile applications},
  author={Chen, Jieshan and Swearngin, Amanda and Wu, Jason and Barik, Titus and Nichols, Jeffrey and Zhang, Xiaoyi},
  booktitle={Proceedings of the 2022 CHI Conference on Human Factors in Computing Systems},
  pages={1--14},
  year={2022}
}

@article{bai2021uibert,
  title={Uibert: Learning generic multimodal representations for ui understanding},
  author={Bai, Chongyang and Zang, Xiaoxue and Xu, Ying and Sunkara, Srinivas and Rastogi, Abhinav and Chen, Jindong and others},
  journal={arXiv preprint arXiv:2107.13731},
  year={2021}
}

@inproceedings{burns2022dataset,
  title={A dataset for interactive vision-language navigation with unknown command feasibility},
  author={Burns, Andrea and Arsan, Deniz and Agrawal, Sanjna and Kumar, Ranjitha and Saenko, Kate and Plummer, Bryan A},
  booktitle={European Conference on Computer Vision},
  pages={312--328},
  year={2022},
  organization={Springer}
}

@inproceedings{li2023spotlight,
  title={Spotlight: Mobile UI Understanding using Vision-Language Models with a Focus},
  author={Li, Gang and Li, Yang},
  year={2023},
  booktitle={The Eleventh International Conference on Learning Representations}
}

@article{venkatesh2022ugif,
  title={Ugif: Ui grounded instruction following},
  author={Venkatesh, Sagar Gubbi and Talukdar, Partha and Narayanan, Srini},
  journal={arXiv preprint arXiv:2211.07615},
  year={2022}
}

@article{yan2023gpt,
  title={Gpt-4v in wonderland: Large multimodal models for zero-shot smartphone gui navigation},
  author={Yan, An and Yang, Zhengyuan and Zhu, Wanrong and Lin, Kevin and Li, Linjie and Wang, Jianfeng and Yang, Jianwei and Zhong, Yiwu and McAuley, Julian and Gao, Jianfeng and others},
  journal={arXiv preprint arXiv:2311.07562},
  year={2023}
}

@inproceedings{wang2023enabling,
  title={Enabling conversational interaction with mobile ui using large language models},
  author={Wang, Bryan and Li, Gang and Li, Yang},
  booktitle={Proceedings of the 2023 CHI Conference on Human Factors in Computing Systems},
  pages={1--17},
  year={2023}
}

@inproceedings{zheng2024gpt,
  title={GPT-4V (ision) is a Generalist Web Agent, if Grounded},
  author={Zheng, Boyuan and Gou, Boyu and Kil, Jihyung and Sun, Huan and Su, Yu},
  booktitle={Forty-first International Conference on Machine Learning},
  year={2024}
}

@article{zhan2023you,
  title={You only look at screens: Multimodal chain-of-action agents},
  author={Zhan, Zhuosheng and Zhang, Aston},
  journal={arXiv preprint arXiv:2309.11436},
  year={2023}
}

@inproceedings{sun2022meta,
  title={META-GUI: Towards Multi-modal Conversational Agents on Mobile GUI},
  author={Sun, Liangtai and Chen, Xingyu and Chen, Lu and Dai, Tianle and Zhu, Zichen and Yu, Kai},
  booktitle={Proceedings of the 2022 Conference on Empirical Methods in Natural Language Processing},
  pages={6699--6712},
  year={2022}
}

@article{rawles2024androidinthewild,
  title={Androidinthewild: A large-scale dataset for android device control},
  author={Rawles, Christopher and Li, Alice and Rodriguez, Daniel and Riva, Oriana and Lillicrap, Timothy},
  journal={Advances in Neural Information Processing Systems},
  volume={36},
  year={2024}
}

@article{zhang2024android,
  title={Android in the zoo: Chain-of-action-thought for gui agents},
  author={Zhang, Jiwen and Wu, Jihao and Teng, Yihua and Liao, Minghui and Xu, Nuo and Xiao, Xiao and Wei, Zhongyu and Tang, Duyu},
  journal={arXiv preprint arXiv:2403.02713},
  year={2024}
}

@inproceedings{hong2024cogagent,
  title={Cogagent: A visual language model for gui agents},
  author={Hong, Wenyi and Wang, Weihan and Lv, Qingsong and Xu, Jiazheng and Yu, Wenmeng and Ji, Junhui and Wang, Yan and Wang, Zihan and Dong, Yuxiao and Ding, Ming and others},
  booktitle={Proceedings of the IEEE/CVF Conference on Computer Vision and Pattern Recognition},
  pages={14281--14290},
  year={2024}
}

@article{baechler2024screenai,
  title={Screenai: A vision-language model for ui and infographics understanding},
  author={Baechler, Gilles and Sunkara, Srinivas and Wang, Maria and Zubach, Fedir and Mansoor, Hassan and Etter, Vincent and C{\u{a}}rbune, Victor and Lin, Jason and Chen, Jindong and Sharma, Abhanshu},
  journal={arXiv preprint arXiv:2402.04615},
  year={2024}
}


@inproceedings{dorka2024training,
  title={Training a Vision Language Model as Smartphone Assistant},
  author={Dorka, Nicolai and Marecki, Janusz and Anwar, Ammar},
  booktitle={The Workshop on Generative Models for Decision Making of Eleventh International Conference on Learning Representations},
  year={2024}
}

@article{yang2023appagent,
  title={Appagent: Multimodal agents as smartphone users},
  author={Yang, Zhao and Liu, Jiaxuan and Han, Yucheng and Chen, Xin and Huang, Zebiao and Fu, Bin and Yu, Gang},
  journal={arXiv preprint arXiv:2312.13771},
  year={2023}
}

@article{wen2023droidbot,
  title={Droidbot-gpt: Gpt-powered ui automation for android},
  author={Wen, Hao and Wang, Hongming and Liu, Jiaxuan and Li, Yuanchun},
  journal={arXiv preprint arXiv:2304.07061},
  year={2023}
}

@article{ma2024comprehensive,
  title={Comprehensive Cognitive LLM Agent for Smartphone GUI Automation},
  author={Ma, Xinbei and Zhang, Zhuosheng and Zhao, Hai},
  journal={arXiv preprint arXiv:2402.11941},
  year={2024}
}

@article{wang2024mobile,
  title={Mobile-agent: Autonomous multi-modal mobile device agent with visual perception},
  author={Wang, Junyang and Xu, Haiyang and Ye, Jiabo and Yan, Ming and Shen, Weizhou and Zhang, Ji and Huang, Fei and Sang, Jitao},
  journal={arXiv preprint arXiv:2401.16158},
  year={2024}
}

@article{deng2024mobile,
  title={Mobile-Bench: An Evaluation Benchmark for LLM-based Mobile Agents},
  author={Deng, Shihan and Xu, Weikai and Sun, Hongda and Liu, Wei and Tan, Tao and Liu, Jianfeng and Li, Ang and Luan, Jian and Wang, Bin and Yan, Rui and others},
  journal={arXiv preprint arXiv:2407.00993},
  year={2024}
}

@article{lee2023explore,
  title={Explore, Select, Derive, and Recall: Augmenting LLM with Human-like Memory for Mobile Task Automation},
  author={Lee, Sunjae and Choi, Junyoung and Lee, Jungjae and Choi, Hojun and Ko, Steven Y and Oh, Sangeun and Shin, Insik},
  journal={arXiv preprint arXiv:2312.03003},
  year={2023}
}

@inproceedings{wen2024autodroid,
  title={Autodroid: Llm-powered task automation in android},
  author={Wen, Hao and Li, Yuanchun and Liu, Guohong and Zhao, Shanhui and Yu, Tao and Li, Toby Jia-Jun and Jiang, Shiqi and Liu, Yunhao and Zhang, Yaqin and Liu, Yunxin},
  booktitle={Proceedings of the 30th Annual International Conference on Mobile Computing and Networking},
  pages={543--557},
  year={2024}
}

@article{ge2024openagi,
  title={Openagi: When llm meets domain experts},
  author={Ge, Yingqiang and Hua, Wenyue and Mei, Kai and Tan, Juntao and Xu, Shuyuan and Li, Zelong and Zhang, Yongfeng and others},
  journal={Advances in Neural Information Processing Systems},
  volume={36},
  year={2024}
}

@article{shen2024hugginggpt,
  title={Hugginggpt: Solving ai tasks with chatgpt and its friends in hugging face},
  author={Shen, Yongliang and Song, Kaitao and Tan, Xu and Li, Dongsheng and Lu, Weiming and Zhuang, Yueting},
  journal={Advances in Neural Information Processing Systems},
  volume={36},
  year={2024}
}

@misc{autogpt,
  author = {AutoGPT Team},
  year = {2023},
  url = {https://github.com/Significant-Gravitas/AutoGPT},
  title = {AutoGPT}
}

@inproceedings{guo2024large,
  title={Large Language Model based Multi-Agents: A Survey of Progress and Challenges.},
  author={Guo, T and Chen, X and Wang, Y and Chang, R and Pei, S and Chawla, NV and Wiest, O and Zhang, X},
  booktitle={33rd International Joint Conference on Artificial Intelligence (IJCAI 2024)},
  year={2024},
  organization={IJCAI; Cornell arxiv}
}

@article{qian2023communicative,
  title={Communicative agents for software development},
  author={Qian, Chen and Cong, Xin},
  journal={arXiv preprint arXiv:2307.07924},
  volume={6},
  year={2023}
}

@inproceedings{hongmetagpt,
  title={MetaGPT: Meta Programming for A Multi-Agent Collaborative Framework},
  author={Hong, Sirui and Zhuge, Mingchen and Chen, Jonathan and Zheng, Xiawu and Cheng, Yuheng and Wang, Jinlin and Zhang, Ceyao and Wang, Zili and Yau, Steven Ka Shing and Lin, Zijuan and others},
  booktitle={The Twelfth International Conference on Learning Representations},
  year={2024}
}

@article{wang2024multi,
  title={Multi-Agent Collaboration Framework for Recommender Systems},
  author={Wang, Zhefan and Yu, Yuanqing and Zheng, Wendi and Ma, Weizhi and Zhang, Min},
  journal={arXiv preprint arXiv:2402.15235},
  year={2024}
}

@article{li2023camel,
  title={Camel: Communicative agents for" mind" exploration of large language model society},
  author={Li, Guohao and Hammoud, Hasan and Itani, Hani and Khizbullin, Dmitrii and Ghanem, Bernard},
  journal={Advances in Neural Information Processing Systems},
  volume={36},
  pages={51991--52008},
  year={2023}
}

@article{wu2023autogen,
  title={Autogen: Enabling next-gen llm applications via multi-agent conversation framework},
  author={Wu, Qingyun and Bansal, Gagan and Zhang, Jieyu and Wu, Yiran and Zhang, Shaokun and Zhu, Erkang and Li, Beibin and Jiang, Li and Zhang, Xiaoyun and Wang, Chi},
  journal={arXiv preprint arXiv:2308.08155},
  year={2023}
}

@inproceedings{zhang2024generative,
  title={On generative agents in recommendation},
  author={Zhang, An and Chen, Yuxin and Sheng, Leheng and Wang, Xiang and Chua, Tat-Seng},
  booktitle={Proceedings of the 47th International ACM SIGIR Conference on Research and Development in Information Retrieval},
  pages={1807--1817},
  year={2024}
}

@article{du2023improving,
  title={Improving factuality and reasoning in language models through multiagent debate},
  author={Du, Yilun and Li, Shuang and Torralba, Antonio and Tenenbaum, Joshua B and Mordatch, Igor},
  journal={arXiv preprint arXiv:2305.14325},
  year={2023}
}

@article{chan2023chateval,
  title={Chateval: Towards better llm-based evaluators through multi-agent debate},
  author={Chan, Chi-Min and Chen, Weize and Su, Yusheng and Yu, Jianxuan and Xue, Wei and Zhang, Shanghang and Fu, Jie and Liu, Zhiyuan},
  journal={arXiv preprint arXiv:2308.07201},
  year={2023}
}

@inproceedings{sun2024harnessing,
  title={Harnessing Multi-Role Capabilities of Large Language Models for Open-Domain Question Answering},
  author={Sun, Hongda and Liu, Yuxuan and Wu, Chengwei and Yan, Haiyu and Tai, Cheng and Gao, Xin and Shang, Shuo and Yan, Rui},
  booktitle={Proceedings of the ACM on Web Conference 2024},
  pages={4372--4382},
  year={2024}
}

@inproceedings{sun2024determlr,
  title={Determlr: Augmenting llm-based logical reasoning from indeterminacy to determinacy},
  author={Sun, Hongda and Xu, Weikai and Liu, Wei and Luan, Jian and Wang, Bin and Shang, Shuo and Wen, Ji-Rong and Yan, Rui},
  booktitle={Proceedings of the 62nd Annual Meeting of the Association for Computational Linguistics (Volume 1: Long Papers)},
  pages={9828--9862},
  year={2024}
}

@article{sun2024facilitating,
  title={Facilitating Multi-Role and Multi-Behavior Collaboration of Large Language Models for Online Job Seeking and Recruiting},
  author={Sun, Hongda and Lin, Hongzhan and Yan, Haiyu and Zhu, Chen and Song, Yang and Gao, Xin and Shang, Shuo and Yan, Rui},
  journal={arXiv preprint arXiv:2405.18113},
  year={2024}
}

@article{kim2024can,
  title={Can LLMs Produce Faithful Explanations For Fact-checking? Towards Faithful Explainable Fact-Checking via Multi-Agent Debate},
  author={Kim, Kyungha and Lee, Sangyun and Huang, Kung-Hsiang and Chan, Hou Pong and Li, Manling and Ji, Heng},
  journal={arXiv preprint arXiv:2402.07401},
  year={2024}
}

@inproceedings{park2023generative,
  title={Generative agents: Interactive simulacra of human behavior},
  author={Park, Joon Sung and O'Brien, Joseph and Cai, Carrie Jun and Morris, Meredith Ringel and Liang, Percy and Bernstein, Michael S},
  booktitle={Proceedings of the 36th annual acm symposium on user interface software and technology},
  pages={1--22},
  year={2023}
}

@article{zhang2023exploring,
  title={Exploring collaboration mechanisms for llm agents: A social psychology view},
  author={Zhang, Jintian and Xu, Xin and Deng, Shumin},
  journal={arXiv preprint arXiv:2310.02124},
  year={2023}
}

@article{kaiya2023lyfe,
  title={Lyfe agents: Generative agents for low-cost real-time social interactions},
  author={Kaiya, Zhao and Naim, Michelangelo and Kondic, Jovana and Cortes, Manuel and Ge, Jiaxin and Luo, Shuying and Yang, Guangyu Robert and Ahn, Andrew},
  journal={arXiv preprint arXiv:2310.02172},
  year={2023}
}

@article{wang2024mobilev2,
  title={Mobile-Agent-v2: Mobile Device Operation Assistant with Effective Navigation via Multi-Agent Collaboration},
  author={Wang, Junyang and Xu, Haiyang and Jia, Haitao and Zhang, Xi and Yan, Ming and Shen, Weizhou and Zhang, Ji and Huang, Fei and Sang, Jitao},
  journal={arXiv preprint arXiv:2406.01014},
  year={2024}
}

@article{zhu2024player,
  title={PLAYER*: Enhancing LLM-based Multi-Agent Communication and Interaction in Murder Mystery Games},
  author={Zhu, Qinglin and Zhao, Runcong and Du, Jinhua and Gui, Lin and He, Yulan},
  journal={arXiv preprint arXiv:2404.17662},
  year={2024}
}

@article{noh2024llms,
  title={LLMs with Personalities in Multi-issue Negotiation Games},
  author={Noh, Sean and Chang, Ho-Chun Herbert},
  journal={arXiv preprint arXiv:2405.05248},
  year={2024}
}

@article{huang2024far,
  title={How Far Are We on the Decision-Making of LLMs? Evaluating LLMs' Gaming Ability in Multi-Agent Environments},
  author={Huang, Jen-tse and Li, Eric John and Lam, Man Ho and Liang, Tian and Wang, Wenxuan and Yuan, Youliang and Jiao, Wenxiang and Wang, Xing and Tu, Zhaopeng and Lyu, Michael R},
  journal={CoRR},
  year={2024}
}

@article{robertson2009probabilistic,
  title={The probabilistic relevance framework: BM25 and beyond},
  author={Robertson, Stephen and Zaragoza, Hugo and others},
  journal={Foundations and Trends{\textregistered} in Information Retrieval},
  volume={3},
  number={4},
  pages={333--389},
  year={2009},
  publisher={Now Publishers, Inc.}
}

@article{lieberherr1988object,
  title={Object-oriented programming: An objective sense of style},
  author={Lieberherr, Karl and Holland, Ian and Riel, Arthur},
  journal={ACM Sigplan Notices},
  volume={23},
  number={11},
  pages={323--334},
  year={1988},
  publisher={ACM New York, NY, USA}
}

@inproceedings{wu2024mobilevlm,
  title={MobileVLM: A Vision-Language Model for Better Intra-and Inter-UI Understanding},
  author={Wu, Qinzhuo and Xu, Weikai and Liu, Wei and Tan, Tao and Liujianfeng, Liujian and Li, Ang and Luan, Jian and Wang, Bin and Shang, Shuo},
  booktitle={Findings of the Association for Computational Linguistics: EMNLP 2024},
  pages={10231--10251},
  year={2024}
}

@inproceedings{xing2024understanding,
  title={Understanding the weakness of large language model agents within a complex android environment},
  author={Xing, Mingzhe and Zhang, Rongkai and Xue, Hui and Chen, Qi and Yang, Fan and Xiao, Zhen},
  booktitle={Proceedings of the 30th ACM SIGKDD Conference on Knowledge Discovery and Data Mining},
  pages={6061--6072},
  year={2024}
}

@article{wang2024mobileagentbench,
  title={MobileAgentBench: An Efficient and User-Friendly Benchmark for Mobile LLM Agents},
  author={Wang, Luyuan and Deng, Yongyu and Zha, Yiwei and Mao, Guodong and Wang, Qinmin and Min, Tianchen and Chen, Wei and Chen, Shoufa},
  journal={arXiv preprint arXiv:2406.08184},
  year={2024}
}

@inproceedings{liu2025bidev,
  title={BiDeV: Bilateral Defusing Verification for Complex Claim Fact-Checking},
  author={Yuxuan Liu and Hongda Sun and Wenya Guo and Xinyan Xiao and Cunli Mao and Zhengtao Yu and Rui Yan},
  booktitle={Proceedings of the AAAI Conference on Artificial Intelligence},
  year={2025}
}

@article{yang2023set,
  title={Set-of-mark prompting unleashes extraordinary visual grounding in gpt-4v},
  author={Yang, Jianwei and Zhang, Hao and Li, Feng and Zou, Xueyan and Li, Chunyuan and Gao, Jianfeng},
  journal={arXiv preprint arXiv:2310.11441},
  year={2023}
}

@article{liu2024skepticism,
  title={From Skepticism to Acceptance: Simulating the Attitude Dynamics Toward Fake News},
  author={Liu, Yuhan and Chen, Xiuying and Zhang, Xiaoqing and Gao, Xing and Zhang, Ji and Yan, Rui},
  journal={arXiv preprint arXiv:2403.09498},
  year={2024}
}

@article{liu2024tiny,
  title={From a tiny slip to a giant leap: An llm-based simulation for fake news evolution},
  author={Liu, Yuhan and Song, Zirui and Zhang, Xiaoqing and Chen, Xiuying and Yan, Rui},
  journal={arXiv preprint arXiv:2410.19064},
  year={2024}
}

