@String(PAMI = {IEEE Trans. Pattern Anal. Mach. Intell.})
@String(IJCV = {Int. J. Comput. Vis.})
@String(CVPR= {IEEE Conf. Comput. Vis. Pattern Recog.})
@String(ICCV= {Int. Conf. Comput. Vis.})
@String(ECCV= {Eur. Conf. Comput. Vis.})
@String(NIPS= {Adv. Neural Inform. Process. Syst.})
@String(ICPR = {Int. Conf. Pattern Recog.})
@String(BMVC= {Brit. Mach. Vis. Conf.})
@String(TOG= {ACM Trans. Graph.})
@String(TIP  = {IEEE Trans. Image Process.})
@String(TVCG  = {IEEE Trans. Vis. Comput. Graph.})
@String(TMM  = {IEEE Trans. Multimedia})
@String(ACMMM= {ACM Int. Conf. Multimedia})
@String(ICME = {Int. Conf. Multimedia and Expo})
@String(ICASSP=	{ICASSP})
@String(ICIP = {IEEE Int. Conf. Image Process.})
@String(ACCV  = {ACCV})
@String(ICLR = {Int. Conf. Learn. Represent.})
@String(IJCAI = {IJCAI})
@String(PR   = {Pattern Recognition})
@String(AAAI = {AAAI})
@String(CVPRW= {IEEE Conf. Comput. Vis. Pattern Recog. Worksh.})
@String(CSVT = {IEEE Trans. Circuit Syst. Video Technol.})

@String(SPL	= {IEEE Sign. Process. Letters})
@String(VR   = {Vis. Res.})
@String(JOV	 = {J. Vis.})
@String(TVC  = {The Vis. Comput.})
@String(JCST  = {J. Comput. Sci. Tech.})
@String(CGF  = {Comput. Graph. Forum})
@String(CVM = {Computational Visual Media})


@String(PAMI  = {IEEE TPAMI})
@String(IJCV  = {IJCV})
@String(CVPR  = {CVPR})
@String(ICCV  = {ICCV})
@String(ECCV  = {ECCV})
@String(NIPS  = {NeurIPS})
@String(ICPR  = {ICPR})
@String(BMVC  =	{BMVC})
@String(TOG   = {ACM TOG})
@String(TIP   = {IEEE TIP})
@String(TVCG  = {IEEE TVCG})
@String(TCSVT = {IEEE TCSVT})
@String(TMM   =	{IEEE TMM})
@String(ACMMM = {ACM MM})
@String(ICME  =	{ICME})
@String(ICASSP=	{ICASSP})
@String(ICIP  = {ICIP})
@String(ACCV  = {ACCV})
@String(ICLR  = {ICLR})
@String(IJCAI = {IJCAI})
@String(PR = {PR})
@String(AAAI = {AAAI})
@String(CVPRW= {CVPRW})
@String(CSVT = {IEEE TCSVT})



@misc{Authors14,
 author = {FirstName LastName},
 title = {The frobnicatable foo filter},
 note = {Face and Gesture submission ID 324. Supplied as supplemental material {\tt fg324.pdf}},
 year = 2014
}

@misc{Authors14b,
 author = {FirstName LastName},
 title = {Frobnication tutorial},
 note = {Supplied as supplemental material {\tt tr.pdf}},
 year = 2014
}

@article{Alpher02,
author = {FirstName Alpher},
title = {Frobnication},
journal = PAMI,
volume = 12,
number = 1,
pages = {234--778},
year = 2002
}

@article{Alpher03,
author = {FirstName Alpher and  FirstName Fotheringham-Smythe},
title = {Frobnication revisited},
journal = {Journal of Foo},
volume = 13,
number = 1,
pages = {234--778},
year = 2003
}

@article{Alpher04,
author = {FirstName Alpher and FirstName Fotheringham-Smythe and FirstName Gamow},
title = {Can a machine frobnicate?},
journal = {Journal of Foo},
volume = 14,
number = 1,
pages = {234--778},
year = 2004
}

@inproceedings{Alpher05,
author = {FirstName Alpher and FirstName Gamow},
title = {Can a computer frobnicate?},
booktitle = CVPR,
pages = {234--778},
year = 2005
}
@incollection{Bengio+chapter2007,
author = {Bengio, Yoshua and LeCun, Yann},
booktitle = {Large Scale Kernel Machines},
publisher = {MIT Press},
title = {Scaling Learning Algorithms Towards {AI}},
year = {2007}
}

@article{Hinton06,
author = {Hinton, Geoffrey E. and Osindero, Simon and Teh, Yee Whye},
journal = {Neural Computation},
pages = {1527--1554},
title = {A Fast Learning Algorithm for Deep Belief Nets},
volume = {18},
year = {2006}
}

@book{goodfellow2016deep,
title={Deep learning},
author={Goodfellow, Ian and Bengio, Yoshua and Courville, Aaron and Bengio, Yoshua},
volume={1},
year={2016},
publisher={MIT Press}
}
@book{Quionero-Candela2009Dataset,
author = {Quionero-Candela, Joaquin and Sugiyama, Masashi and Schwaighofer, Anton and Lawrence, Neil D.},
title = {Dataset Shift in Machine Learning},
year = {2009},
publisher = {The MIT Press},
}
@article{geirhos2020shortcut,
  title={Shortcut learning in deep neural networks},
  author={Geirhos, Robert and Jacobsen, J{\"o}rn-Henrik and Michaelis, Claudio and Zemel, Richard and Brendel, Wieland and Bethge, Matthias and Wichmann, Felix A},
  journal={Nature Machine Intelligence},
  volume={2},
  number={11},
  pages={665--673},
  year={2020},
  publisher={Nature Publishing Group UK London}
}
@article{amodei2016concrete,
  title={Concrete problems in AI safety},
  author={Amodei, Dario and Olah, Chris and Steinhardt, Jacob and Christiano, Paul and Schulman, John and Man{\'e}, Dan},
  journal={arXiv preprint arXiv:1606.06565},
  year={2016}
}
@inproceedings{sagawa2019distributionally,
  title={Distributionally Robust Neural Networks},
  author={Sagawa, Shiori and Koh, Pang Wei and Hashimoto, Tatsunori B and Liang, Percy},
  booktitle={International Conference on Learning Representations},
  year={2019}
}
@inproceedings{liu2021just,
  title={Just train twice: Improving group robustness without training group information},
  author={Liu, Evan Z and Haghgoo, Behzad and Chen, Annie S and Raghunathan, Aditi and Koh, Pang Wei and Sagawa, Shiori and Liang, Percy and Finn, Chelsea},
  booktitle={International Conference on Machine Learning},
  pages={6781--6792},
  year={2021},
  organization={PMLR}
}
@inproceedings{kirichenko2022last,
  title={Last Layer Re-Training is Sufficient for Robustness to Spurious Correlations},
  author={Kirichenko, Polina and Izmailov, Pavel and Wilson, Andrew Gordon},
  booktitle={International Conference on Conference on Learning Representations.},
  year={2023}
}

@inproceedings{he2016deep,
  title={Deep residual learning for image recognition},
  author={He, Kaiming and Zhang, Xiangyu and Ren, Shaoqing and Sun, Jian},
  booktitle={Proceedings of the IEEE conference on computer vision and pattern recognition},
  pages={770--778},
  year={2016}
}
@inproceedings{maini2023can,
  title={Can neural network memorization be localized?},
  author={Maini, Pratyush and Mozer, Michael C and Sedghi, Hanie and Lipton, Zachary C and Kolter, J Zico and Zhang, Chiyuan},
  booktitle={Proceedings of the 40th International Conference on Machine Learning},
  pages={23536--23557},
  year={2023}
}
@inproceedings{sung2019pre,
  title={Pre-training BERT on domain resources for short answer grading},
  author={Sung, Chul and Dhamecha, Tejas and Saha, Swarnadeep and Ma, Tengfei and Reddy, Vinay and Arora, Rishi},
  booktitle={Proceedings of the 2019 Conference on Empirical Methods in Natural Language Processing and the 9th International Joint Conference on Natural Language Processing (EMNLP-IJCNLP)},
  pages={6071--6075},
  year={2019}
}

@article{nam2020learning,
  title={Learning from failure: De-biasing classifier from biased classifier},
  author={Nam, Junhyun and Cha, Hyuntak and Ahn, Sungsoo and Lee, Jaeho and Shin, Jinwoo},
  journal={Advances in Neural Information Processing Systems},
  volume={33},
  pages={20673--20684},
  year={2020}
}

@inproceedings{kangdecoupling,
  title={Decoupling Representation and Classifier for Long-Tailed Recognition},
  author={Kang, Bingyi and Xie, Saining and Rohrbach, Marcus and Yan, Zhicheng and Gordo, Albert and Feng, Jiashi and Kalantidis, Yannis},
  booktitle={International Conference on Learning Representations},
 year = {2020}
}

@inproceedings{japkowicz2000class,
  title={The class imbalance problem: Significance and strategies},
  author={Japkowicz, Nathalie},
  booktitle={Proc. of the Intâ€™l Conf. on artificial intelligence},
  volume={56},
  pages={111--117},
  year={2000}
}
@inproceedings{cui2019class,
  title={Class-balanced loss based on effective number of samples},
  author={Cui, Yin and Jia, Menglin and Lin, Tsung-Yi and Song, Yang and Belongie, Serge},
  booktitle={Proceedings of the IEEE/CVF conference on computer vision and pattern recognition},
  pages={9268--9277},
  year={2019}
}
@article{cao2019learning,
  title={Learning imbalanced datasets with label-distribution-aware margin loss},
  author={Cao, Kaidi and Wei, Colin and Gaidon, Adrien and Arechiga, Nikos and Ma, Tengyu},
  journal={Advances in neural information processing systems},
  volume={32},
  year={2019}
}
@article{ren2020balanced,
  title={Balanced meta-softmax for long-tailed visual recognition},
  author={Ren, Jiawei and Yu, Cunjun and Ma, Xiao and Zhao, Haiyu and Yi, Shuai and others},
  journal={Advances in neural information processing systems},
  volume={33},
  pages={4175--4186},
  year={2020}
}


@article{goel2020model,
  title={Model patching: Closing the subgroup performance gap with data augmentation},
  author={Goel, Karan and Gu, Albert and Li, Yixuan and R{\'e}, Christopher},
  journal={arXiv preprint arXiv:2008.06775},
  year={2020}
}
@article{duchi2021learning,
  title={Learning models with uniform performance via distributionally robust optimization},
  author={Duchi, John C and Namkoong, Hongseok},
  journal={The Annals of Statistics},
  volume={49},
  number={3},
  pages={1378--1406},
  year={2021},
  publisher={Institute of Mathematical Statistics}
}

@inproceedings{sagawa2020investigation,
  title={An investigation of why overparameterization exacerbates spurious correlations},
  author={Sagawa, Shiori and Raghunathan, Aditi and Koh, Pang Wei and Liang, Percy},
  booktitle={International Conference on Machine Learning},
  pages={8346--8356},
  year={2020},
  organization={PMLR}
}

@inproceedings{byrd2019effect,
  title={What is the effect of importance weighting in deep learning?},
  author={Byrd, Jonathon and Lipton, Zachary},
  booktitle={International conference on machine learning},
  pages={872--881},
  year={2019},
  organization={PMLR}
}

@inproceedings{krueger2021out,
  title={Out-of-distribution generalization via risk extrapolation (rex)},
  author={Krueger, David and Caballero, Ethan and Jacobsen, Joern-Henrik and Zhang, Amy and Binas, Jonathan and Zhang, Dinghuai and Le Priol, Remi and Courville, Aaron},
  booktitle={International conference on machine learning},
  pages={5815--5826},
  year={2021},
  organization={PMLR}
}

@article{arjovsky2019invariant,
  title={Invariant risk minimization},
  author={Arjovsky, Martin and Bottou, L{\'e}on and Gulrajani, Ishaan and Lopez-Paz, David},
  journal={arXiv preprint arXiv:1907.02893},
  year={2019}
}

@article{wald2021calibration,
  title={On calibration and out-of-domain generalization},
  author={Wald, Yoav and Feder, Amir and Greenfeld, Daniel and Shalit, Uri},
  journal={Advances in neural information processing systems},
  volume={34},
  pages={2215--2227},
  year={2021}
}

@inproceedings{creager2021environment,
  title={Environment inference for invariant learning},
  author={Creager, Elliot and Jacobsen, J{\"o}rn-Henrik and Zemel, Richard},
  booktitle={International Conference on Machine Learning},
  pages={2189--2200},
  year={2021},
  organization={PMLR}
}
@article{puli2023don,
  title={Donâ€™t blame dataset shift! shortcut learning due to gradients and cross entropy},
  author={Puli, Aahlad Manas and Zhang, Lily and Wald, Yoav and Ranganath, Rajesh},
  journal={Advances in Neural Information Processing Systems},
  volume={36},
  pages={71874--71910},
  year={2023}
}
@article{pezeshki2021gradient,
  title={Gradient starvation: A learning proclivity in neural networks},
  author={Pezeshki, Mohammad and Kaba, Oumar and Bengio, Yoshua and Courville, Aaron C and Precup, Doina and Lajoie, Guillaume},
  journal={Advances in Neural Information Processing Systems},
  volume={34},
  pages={1256--1272},
  year={2021}
}
@inproceedings{zhang2022correct,
  title={Correct-N-Contrast: a Contrastive Approach for Improving Robustness to Spurious Correlations},
  author={Zhang, Michael and Sohoni, Nimit S and Zhang, Hongyang R and Finn, Chelsea and Re, Christopher},
  booktitle={International Conference on Machine Learning},
  pages={26484--26516},
  year={2022},
  organization={PMLR}
}
@inproceedings{qiu2023simple,
  title={Simple and fast group robustness by automatic feature reweighting},
  author={Qiu, Shikai and Potapczynski, Andres and Izmailov, Pavel and Wilson, Andrew Gordon},
  booktitle={International Conference on Machine Learning},
  pages={28448--28467},
  year={2023},
  organization={PMLR}
}
@article{hameed2024not,
  title={Not Only the Last-Layer Features for Spurious Correlations: All Layer Deep Feature Reweighting},
  author={Hameed, Humza Wajid and Nanfack, Geraldin and Belilovsky, Eugene},
  journal={arXiv preprint arXiv:2409.14637},
  year={2024}
}
@article{frenay2013classification,
  title={Classification in the presence of label noise: a survey},
  author={Fr{\'e}nay, Beno{\^\i}t and Verleysen, Michel},
  journal={IEEE transactions on neural networks and learning systems},
  volume={25},
  number={5},
  pages={845--869},
  year={2013},
  publisher={IEEE}
}
@inproceedings{jiang2021characterizing,
  title={Characterizing Structural Regularities of Labeled Data in Overparameterized Models},
  author={Jiang, Ziheng and Zhang, Chiyuan and Talwar, Kunal and Mozer, Michael C},
  booktitle={International Conference on Machine Learning},
  pages={5034--5044},
  year={2021},
  organization={PMLR}
}
@article{carlini2019distribution,
  title={Distribution density, tails, and outliers in machine learning: Metrics and applications},
  author={Carlini, Nicholas and Erlingsson, Ulfar and Papernot, Nicolas},
  journal={arXiv preprint arXiv:1910.13427},
  year={2019}
}
@article{baldock2021deep,
  title={Deep learning through the lens of example difficulty},
  author={Baldock, Robert and Maennel, Hartmut and Neyshabur, Behnam},
  journal={Advances in Neural Information Processing Systems},
  volume={34},
  pages={10876--10889},
  year={2021}
}
@article{liu2020early,
  title={Early-learning regularization prevents memorization of noisy labels},
  author={Liu, Sheng and Niles-Weed, Jonathan and Razavian, Narges and Fernandez-Granda, Carlos},
  journal={Advances in neural information processing systems},
  volume={33},
  pages={20331--20342},
  year={2020}
}
@inproceedings{stephenson2021geometry,
  title={ON THE GEOMETRY OF GENERALIZATION AND MEMORIZATION IN DEEP NEURAL NETWORKS},
  author={Stephenson, Cory and Padhy, Suchismita and Ganesh, Abhinav and Hui, Yue and Tang, Hanlin and Chung, Sue Yeon},
  booktitle={9th International Conference on Learning Representations, ICLR 2021},
  year={2021}
}
@inproceedings{zenke2017continual,
  title={Continual learning through synaptic intelligence},
  author={Zenke, Friedemann and Poole, Ben and Ganguli, Surya},
  booktitle={International conference on machine learning},
  pages={3987--3995},
  year={2017},
  organization={PMLR}
}
@article{cheung2019superposition,
  title={Superposition of many models into one},
  author={Cheung, Brian and Terekhov, Alexander and Chen, Yubei and Agrawal, Pulkit and Olshausen, Bruno},
  journal={Advances in neural information processing systems},
  volume={32},
  year={2019}
}
@inproceedings{hendel2023context,
  title={In-Context Learning Creates Task Vectors},
  author={Hendel, Roee and Geva, Mor and Globerson, Amir},
  booktitle={Findings of the Association for Computational Linguistics: EMNLP 2023},
  pages={9318--9333},
  year={2023}
}
@article{ye2024spurious,
  title={Spurious correlations in machine learning: A survey},
  author={Ye, Wenqian and Zheng, Guangtao and Cao, Xu and Ma, Yunsheng and Hu, Xia and Zhang, Aidong},
  journal={arXiv preprint arXiv:2402.12715},
  year={2024}
}
@inproceedings{liu2015deep,
  title={Deep learning face attributes in the wild},
  author={Liu, Ziwei and Luo, Ping and Wang, Xiaogang and Tang, Xiaoou},
  booktitle={Proceedings of the IEEE international conference on computer vision},
  pages={3730--3738},
  year={2015}
}

@article{krizhevsky2009learning,
  title={Learning Multiple Layers of Features from Tiny Images},
  author={Krizhevsky, A},
  journal={Master's thesis, University of Tront},
  year={2009}
}
@article{deng2012mnist,
  title={The mnist database of handwritten digit images for machine learning research [best of the web]},
  author={Deng, Li},
  journal={IEEE signal processing magazine},
  volume={29},
  number={6},
  pages={141--142},
  year={2012},
  publisher={IEEE}
}
@inproceedings{yang2023change,
  title={Change is Hard: A Closer Look at Subpopulation Shift},
  author={Yang, Yuzhe and Zhang, Haoran and Katabi, Dina and Ghassemi, Marzyeh},
  booktitle={International Conference on Machine Learning},
  pages={39584--39622},
  year={2023},
  organization={PMLR}
}

@article{wah2011caltech,
  title={The caltech-ucsd birds-200-2011 dataset},
  author={Wah, Catherine and Branson, Steve and Welinder, Peter and Perona, Pietro and Belongie, Serge},
  year={2011},
  publisher={California Institute of Technology}
}
@article{liang2022metashift,
  title={Metashift: A dataset of datasets for evaluating contextual distribution shifts and training conflicts},
  author={Liang, Weixin and Zou, James},
  journal={arXiv preprint arXiv:2202.06523},
  year={2022}
}
@article{johnson2019mimic,
  title={MIMIC-CXR-JPG, a large publicly available database of labeled chest radiographs},
  author={Johnson, Alistair EW and Pollard, Tom J and Greenbaum, Nathaniel R and Lungren, Matthew P and Deng, Chih-ying and Peng, Yifan and Lu, Zhiyong and Mark, Roger G and Berkowitz, Seth J and Horng, Steven},
  journal={arXiv e-prints},
  pages={arXiv--1901},
  year={2019}
}
@book{QuioneroCandela2009Dataset,
author = {Quionero-Candela, Joaquin and Sugiyama, Masashi and Schwaighofer, Anton and Lawrence, Neil D.},
title = {Dataset Shift in Machine Learning},
year = {2009},
publisher = {The MIT Press},
}
@article{izmailov2022feature,
  title={On feature learning in the presence of spurious correlations},
  author={Izmailov, Pavel and Kirichenko, Polina and Gruver, Nate and Wilson, Andrew G},
  journal={Advances in Neural Information Processing Systems},
  volume={35},
  pages={38516--38532},
  year={2022}
}
@inproceedings{feldman2020does,
  title={Does learning require memorization? a short tale about a long tail},
  author={Feldman, Vitaly},
  booktitle={Proceedings of the 52nd Annual ACM SIGACT Symposium on Theory of Computing},
  pages={954--959},
  year={2020}
}
@inproceedings{kalibhat2023identifying,
  title={Identifying interpretable subspaces in image representations},
  author={Kalibhat, Neha and Bhardwaj, Shweta and Bruss, C Bayan and Firooz, Hamed and Sanjabi, Maziar and Feizi, Soheil},
  booktitle={International Conference on Machine Learning},
  pages={15623--15638},
  year={2023},
  organization={PMLR}
}
@inproceedings{yao2022improving,
  title={Improving out-of-distribution robustness via selective augmentation},
  author={Yao, Huaxiu and Wang, Yu and Li, Sai and Zhang, Linjun and Liang, Weixin and Zou, James and Finn, Chelsea},
  booktitle={International Conference on Machine Learning},
  pages={25407--25437},
  year={2022},
  organization={PMLR}
}