@INPROCEEDINGS{Utta23haptic,
  author={Uttayopas, Pakorn and Cheng, Xiaoxiao and Burdet, Etienne},
  booktitle={2023 IEEE World Haptics Conference (WHC)}, 
  title={Active Haptic Exploration based on Dual-Stage Perception for Object Recognition}, 
  year={2023},
  volume={},
  number={},
  pages={347-353},
  keywords={Measurement;Fingers;Pressing;Robot sensing systems;Haptic interfaces;Sensors;Computational efficiency;active haptic exploration;object recognition;information theory.},
  doi={10.1109/WHC56415.2023.10224431}}

@article{activetouch, author = {Gibson, J. J.}, title = {Observations on active touch.}, journal = {Psychological Review}, year = {1962}, volume = {69}, issue = {6}, pages = {477-491}, doi = {10.1037/h0046962} }

@INPROCEEDINGS{biotacHaptic24,
  author={Ketchum, Jake and Prabhakar, Ahalya and Murphey, Todd D.},
  booktitle={2024 IEEE International Conference on Robotics and Automation (ICRA)}, 
  title={Active Exploration for Real-Time Haptic Training}, 
  year={2024},
  volume={},
  number={},
  pages={9689-9695},
  keywords={Training;Uncertainty;Biological system modeling;Tactile sensors;Entropy;Real-time systems;Haptic interfaces},
  doi={10.1109/ICRA57147.2024.10610782}}

@INPROCEEDINGS{clothes,
  author={Yuan, Wenzhen and Mo, Yuchen and Wang, Shaoxiong and Adelson, Edward H.},
  booktitle={2018 IEEE International Conference on Robotics and Automation (ICRA)}, 
  title={Active Clothing Material Perception Using Tactile Sensing and Deep Learning}, 
  year={2018},
  volume={},
  number={},
  pages={4842-4849},
  keywords={Clothing;Tactile sensors;Shape;Grippers},
  doi={10.1109/ICRA.2018.8461164}}

@INPROCEEDINGS{com19,
  author={McGovern, Sean and Mao, Huitan and Xiao, Jing},
  booktitle={2019 IEEE/RSJ International Conference on Intelligent Robots and Systems (IROS)}, 
  title={Learning to Estimate Centers of Mass of Arbitrary Objects}, 
  year={2019},
  volume={},
  number={},
  pages={1848-1853},
  keywords={},
  doi={10.1109/IROS40897.2019.8967678}}

@INPROCEEDINGS{com22,
  author={McGovern, Sean and Xiao, Jing},
  booktitle={2022 8th International Conference on Mechatronics and Robotics Engineering (ICMRE)}, 
  title={Learning and Predicting Center of Mass through Manipulation and Torque Sensing}, 
  year={2022},
  volume={},
  number={},
  pages={60-66},
  keywords={Training;Torque;Uncertainty;Mechatronics;Shape;Reinforcement learning;Robot sensing systems;robot intelligence and learning;machine learning;manipulation;grasping},
  doi={10.1109/ICMRE54455.2022.9734112}}

@INPROCEEDINGS{com23,
  author={Hyland, Steven M. and Xiao, Jing and Onal, Cagdas D.},
  booktitle={2023 IEEE/RSJ International Conference on Intelligent Robots and Systems (IROS)}, 
  title={Predicting Center of Mass by Iterative Pushing for Object Transportation and Manipulation}, 
  year={2023},
  volume={},
  number={},
  pages={1615-1620},
  keywords={Transportation;Robot sensing systems;Motion capture;Recording;Mobile robots;Iterative methods;Task analysis},
  doi={10.1109/IROS55552.2023.10341534}}

@INPROCEEDINGS{joe-kitchen,
  author={Huang, Hung-Jui and Xiang, Jingyi and Yuan, Wenzhen},
  booktitle={2024 IEEE International Conference on Robotics and Automation (ICRA)}, 
  title={Kitchen Artist: Precise Control of Liquid Dispensing for Gourmet Plating}, 
  year={2024},
  volume={},
  number={},
  pages={13933-13939},
  keywords={Viscosity;Liquids;Plating;Robot sensing systems;Manipulators;Size control;Task analysis},
  doi={10.1109/ICRA57147.2024.10611646}}

@INPROCEEDINGS{joe-liquid, 
    AUTHOR    = {Hung-Jui Huang AND Xiaofeng Guo AND Wenzhen Yuan}, 
    TITLE     = {{Understanding Dynamic Tactile Sensing for Liquid Property Estimation}}, 
    BOOKTITLE = {Proceedings of Robotics: Science and Systems}, 
    YEAR      = {2022}, 
    ADDRESS   = {New York City, NY, USA}, 
    MONTH     = {June}, 
    DOI       = {10.15607/RSS.2022.XVIII.072} 
}

@INPROCEEDINGS{kruzliak2024interactivelearningphysicalobject,
  author={Kruzliak, Andrej and Hartvich, Jiri and Patni, Shubhan P. and Rustler, Lukas and Behrens, Jan Kristof and Abu-Dakka, Fares J. and Mikolajczyk, Krystian and Kyrki, Ville and Hoffmann, Matej},
  booktitle={2024 IEEE/RSJ International Conference on Intelligent Robots and Systems (IROS)}, 
  title={Interactive Learning of Physical Object Properties Through Robot Manipulation and Database of Object Measurements}, 
  year={2024},
  volume={},
  number={},
  pages={7596-7603},
  keywords={Uncertainty;Databases;Volume measurement;Pipelines;Measurement uncertainty;Inference algorithms;Probability distribution;Bayes methods;Intelligent robots;Material properties},
  doi={10.1109/IROS58592.2024.10802249}}

@INPROCEEDINGS{matl,
  author={Matl, Carolyn and Matthew, Robert and Bajcsy, Ruzena},
  booktitle={2019 IEEE/RSJ International Conference on Intelligent Robots and Systems (IROS)}, 
  title={Haptic Perception of Liquids Enclosed in Containers}, 
  year={2019},
  volume={},
  number={},
  pages={7142-7149},
  doi={10.1109/IROS40897.2019.8968528}}

@INPROCEEDINGS{murooka_physics,
  author={Murooka, Masaki and Nozawa, Shunichi and Bando, Masahiro and Yanokura, Iori and Okada, Kei and Inaba, Masayuki},
  booktitle={2018 IEEE International Conference on Robotics and Automation (ICRA)}, 
  title={Simultaneous Planning and Estimation Based on Physics Reasoning in Robot Manipulation}, 
  year={2018},
  volume={},
  number={},
  pages={3137-3144},
  keywords={Planning;Cognition;Estimation;Force;Robot sensing systems},
  doi={10.1109/ICRA.2018.8463156}}

@INPROCEEDINGS{pancake24,
  author={Luo, Xinyuan and Jin, Shengmiao and Huang, Hung-Jui and Yuan, Wenzhen},
  booktitle={2024 IEEE/RSJ International Conference on Intelligent Robots and Systems (IROS)}, 
  title={An Intelligent Robotic System for Perceptive Pancake Batter Stirring and Precise Pouring}, 
  year={2024},
  volume={},
  number={},
  pages={5970-5977},
  keywords={Water;Automation;Shape;Robot sensing systems;Sensors;Haptic interfaces;Intelligent robots},
  doi={10.1109/IROS58592.2024.10802841}}

@INPROCEEDINGS{stir-to-pour,
  author={Lopez-Guevara, Tatiana and Pucci, Rita and Taylor, Nicholas K. and Gutmann, Michael U. and Ramamoorthy, Suhramanian and Suhr, Kartic},
  booktitle={2020 IEEE/RSJ International Conference on Intelligent Robots and Systems (IROS)}, 
  title={Stir to Pour: Efficient Calibration of Liquid Properties for Pouring Actions}, 
  year={2020},
  volume={},
  number={},
  pages={5351-5357},
  doi={10.1109/IROS45743.2020.9340852}}

@INPROCEEDINGS{swingbot,
  author={Wang, Chen and Wang, Shaoxiong and Romero, Branden and Veiga, Filipe and Adelson, Edward},
  booktitle={2020 IEEE/RSJ International Conference on Intelligent Robots and Systems (IROS)}, 
  title={SwingBot: Learning Physical Features from In-hand Tactile Exploration for Dynamic Swing-up Manipulation}, 
  year={2020},
  volume={},
  number={},
  pages={5633-5640},
  keywords={Pipelines;Optimal control;Aerospace electronics;Robot sensing systems;Task analysis;Manipulator dynamics;Intelligent robots},
  doi={10.1109/IROS45743.2020.9341006}}

@INPROCEEDINGS{xiaofeng-solid,
  author={Guo, Xiaofeng and Huang, Hung-Jui and Yuan, Wenzhen},
  booktitle={2023 IEEE/RSJ International Conference on Intelligent Robots and Systems (IROS)}, 
  title={Estimating Properties of Solid Particles Inside Container Using Touch Sensing}, 
  year={2023},
  volume={},
  number={},
  pages={8985-8992},
  doi={10.1109/IROS55552.2023.10341880}}

@INPROCEEDINGS{xu23tandem3d,
  author={Xu, Jingxi and Lin, Han and Song, Shuran and Ciocarlie, Matei},
  booktitle={2023 IEEE International Conference on Robotics and Automation (ICRA)}, 
  title={TANDEM3D: Active Tactile Exploration for 3D Object Recognition}, 
  year={2023},
  volume={},
  number={},
  pages={10401-10407},
  keywords={Geometry;Three-dimensional displays;Shape;Decision making;Fingers;Tactile sensors;Encoding},
  doi={10.1109/ICRA48891.2023.10161091}}

@inproceedings{zeng2019tossingbot,
  title={TossingBot: Learning to Throw Arbitrary Objects with Residual Physics},
  author={Zeng, Andy and Song, Shuran and Lee, Johnny and Rodriguez, Alberto and Funkhouser, Thomas},
  booktitle={Proceedings of Robotics: Science and Systems (RSS)},
  year={2019} }

