@article{FLAM,
  title={Scaling instruction-finetuned language models},
  author={Chung, Hyung Won and Hou, Le and Longpre, Shayne and Zoph, Barret and Tay, Yi and Fedus, William and Li, Yunxuan and Wang, Xuezhi and Dehghani, Mostafa and Brahma, Siddhartha and others},
  journal={Journal of Machine Learning Research},
  volume={25},
  number={70},
  pages={1--53},
  year={2024}
}

@inproceedings{InstructGPT,
    title = {Training language models to follow instructions with human feedback},
    author = {Ouyang, Long and Wu, Jeffrey and Jiang, Xu and Almeida, Diogo and Wainwright, Carroll and Mishkin, Pamela and Zhang, Chong and Agarwal, Sandhini and Slama, Katarina and Ray, Alex and Schulman, John and Hilton, Jacob and Kelton, Fraser and Miller, Luke and Simens, Maddie and Askell, Amanda and Welinder, Peter and Christiano, Paul F and Leike, Jan and Lowe, Ryan},
    booktitle = {Advances in Neural Information Processing Systems},
    pages = {27730--27744},
    year = {2022}
}

@article{alpaca,
  title={Alpaca: A strong, replicable instruction-following model},
  author={Taori, Rohan and Gulrajani, Ishaan and Zhang, Tianyi and Dubois, Yann and Li, Xuechen and Guestrin, Carlos and Liang, Percy and Hashimoto, Tatsunori B},
  journal={Stanford Center for Research on Foundation Models. https://crfm. stanford. edu/2023/03/13/alpaca. html},
  volume={3},
  number={6},
  pages={7},
  year={2023}
}

@inproceedings{alpagasus,
    title={AlpaGasus: Training a Better Alpaca with Fewer Data},
    author={Lichang Chen and Shiyang Li and Jun Yan and Hai Wang and Kalpa Gunaratna and Vikas Yadav and Zheng Tang and Vijay Srinivasan and Tianyi Zhou and Heng Huang and Hongxia Jin},
    booktitle={The Twelfth International Conference on Learning Representations},
    year={2024},
}

@inproceedings{backtranslation,
    title = {Data augmentation using back-translation for context-aware neural machine translation},
    author = {Sugiyama, Amane and Yoshinaga, Naoki},
    booktitle = {Proceedings of the Fourth Workshop on Discourse in Machine Translation},
    year = {2019},
    pages = {35--44},
}

@inproceedings{eda,
    title = {{EDA}: Easy Data Augmentation Techniques for Boosting Performance on Text Classification Tasks},
    author = {Wei, Jason  and Zou, Kai},
    booktitle = {Proceedings of the 2019 Conference on Empirical Methods in Natural Language Processing and the 9th International Joint Conference on Natural Language Processing},
    year = {2019},
}

@article{gemmait,
  title={Gemma: Open models based on gemini research and technology},
  author={Team, Gemma and Mesnard, Thomas and Hardin, Cassidy and Dadashi, Robert and Bhupatiraju, Surya and Pathak, Shreya and Sifre, Laurent and Rivi{\`e}re, Morgane and Kale, Mihir Sanjay and Love, Juliette and others},
  year={2024},
  journal={arXiv preprint arXiv:2403.08295}
}

@inproceedings{gpt3,
      title={Language Models are Few-Shot Learners}, 
      author={Tom B. Brown and Benjamin Mann and Nick Ryder and Melanie Subbiah and Jared Kaplan and Prafulla Dhariwal and Arvind Neelakantan and Pranav Shyam and Girish Sastry and Amanda Askell and Sandhini Agarwal and Ariel Herbert-Voss and Gretchen Krueger and Tom Henighan and Rewon Child and Aditya Ramesh and Daniel M. Ziegler and Jeffrey Wu and Clemens Winter and Christopher Hesse and Mark Chen and Eric Sigler and Mateusz Litwin and Scott Gray and Benjamin Chess and Jack Clark and Christopher Berner and Sam McCandlish and Alec Radford and Ilya Sutskever and Dario Amodei},
      booktitle={Advances in neural information processing systems},
      volume={33},
      pages={1877--1901},
      year={2020}
}

@article{llama3,
  title={The Llama 3 Herd of Models},
  author={Dubey, Abhimanyu and Jauhri, Abhinav and Pandey, Abhinav and Kadian, Abhishek and Al-Dahle, Ahmad and Letman, Aiesha and Mathur, Akhil and Schelten, Alan and Yang, Amy and Fan, Angela and others},
  year={2024},
  journal={arXiv preprint arXiv:2407.21783}
}

@inproceedings{self-instruct,
    title = {Self-Instruct: Aligning Language Models with Self-Generated Instructions},
    author = {Wang, Yizhong  and
      Kordi, Yeganeh  and
      Mishra, Swaroop  and
      Liu, Alisa  and
      Smith, Noah A.  and
      Khashabi, Daniel  and
      Hajishirzi, Hannaneh},
    booktitle = {Proceedings of the 61st Annual Meeting of the Association for Computational Linguistics},
    year = {2023},
    pages = {13484--13508},
}

