@inproceedings{george2019investigating,
  title={Investigating the Third Dimension for Authentication in Immersive Virtual Reality and in the Real World},
  author={George, Ceenu and Khamis, Mohamed and Buschek, Daniel and Hussmann, Heinrich},
  booktitle={IEEE Conference on Virtual Reality and 3D User Interfaces},
  pages={277--285},
  year={2019}
}

@inproceedings{george2020gazeroomlock,
  title={Gazeroomlock: Using gaze and head-pose to improve the usability and observation resistance of 3d passwords in virtual reality},
  author={George, Ceenu and Buschek, Daniel and Ngao, Andrea and Khamis, Mohamed},
  booktitle={Intl. Conf. on Augmented Reality, Virtual Reality, and Computer Graphics},
  pages={61--81},
  year={2020}
}

@article{giaretta2022security,
  title={Security and Privacy in Virtual Reality--A Literature Survey},
  author={Giaretta, Alberto},
  journal={arXiv preprint arXiv:2205.00208},
  year={2022}
}

@inproceedings{li2024evaluating,
  title={Evaluating Deep Networks for Detecting User Familiarity with VR from Hand Interactions},
  author={Li, Mingjun and Zafar, Numan and Banerjee, Natasha Kholgade and Banerjee, Sean},
  booktitle={2024 IEEE International Conference on Artificial Intelligence and eXtended and Virtual Reality (AIxVR)},
  pages={226--230},
  year={2024},
  organization={IEEE}
}

@inproceedings{li2024using,
  title={Using Motion Forecasting for Behavior-Based Virtual Reality (VR) Authentication},
  author={Mingjun Li and Natasha Kholgade Banerjee and Sean Banerjee},
  booktitle={IEEE International Conference on Artificial Intelligence \& extended and Virtual Reality},
  year={2024},
  organization={IEEE}
}

@inproceedings{liebers2021understanding,
  title={Understanding user identification in virtual reality through behavioral biometrics and the effect of body normalization},
  author={Liebers, Jonathan and Abdelaziz, Mark and Mecke, Lukas and Saad, Alia and Auda, Jonas and Gruenefeld, Uwe and Alt, Florian and Schneegass, Stefan},
  booktitle={CHI Conference on Human Factors in Computing Systems},
  pages={1--11},
  year={2021}
}

@inproceedings{liebers2021using,
  title={Using gaze behavior and head orientation for implicit identification in virtual reality},
  author={Liebers, Jonathan and Horn, Patrick and Burschik, Christian and Gruenefeld, Uwe and Schneegass, Stefan},
  booktitle={ACM Symposium on Virtual Reality Software and Technology},
  pages={1--9},
  year={2021}
}

@inproceedings{liebers2023exploring,
  title={Exploring the Stability of Behavioral Biometrics in Virtual Reality in a Remote Field Study: Towards Implicit and Continuous User Identification through Body Movements},
  author={Liebers, Jonathan and Burschik, Christian and Gruenefeld, Uwe and Schneegass, Stefan},
  booktitle={ACM Symposium on Virtual Reality Software and Technology},
  year={2023}
}

@article{liebers2024kinetic,
  title={Kinetic Signatures: A Systematic Investigation of Movement-Based User Identification in Virtual Reality},
  author={Liebers, Jonathan and Laskowski, Patrick and Rademaker, Florian and Sabel, Leon and Hoppen, Jordan and Gruenefeld, Uwe and Schneegass, Stefan},
  year={2024},
  booktitle={CHI Conference on Human Factors in Computing Systems}
}

@inproceedings{mathis2020knowledge,
  title={Knowledge-driven biometric authentication in virtual reality},
  author={Mathis, Florian and Fawaz, Hassan Ismail and Khamis, Mohamed},
  booktitle={Extended Abstracts of the 2020 CHI Conference on Human Factors in Computing Systems},
  pages={1--10},
  year={2020}
}

@inproceedings{miller2021using,
  title={Using siamese neural networks to perform cross-system behavioral authentication in virtual reality},
  author={Miller, Robert and Banerjee, Natasha Kholgade and Banerjee, Sean},
  booktitle={IEEE Virtual Reality and 3D User Interfaces},
  pages={140--149},
  year={2021},
  organization={IEEE}
}

@inproceedings{miller2022combining,
  title={Combining Real-World Constraints on User Behavior with Deep Neural Networks for Virtual Reality (VR) Biometrics},
  author={Miller, Robert and Banerjee, Natasha Kholgade and Banerjee, Sean},
  booktitle={2022 IEEE Conference on Virtual Reality and 3D User Interfaces (VR)},
  pages={409--418},
  year={2022},
  publisher={IEEE}, address={Piscataway, NJ}
}

@article{odeleye2023virtually,
  title={Virtually secure: A taxonomic assessment of cybersecurity challenges in virtual reality environments},
  author={Odeleye, Blessing and Loukas, George and Heartfield, Ryan and Sakellari, Georgia and Panaousis, Emmanouil and Spyridonis, Fotios},
  journal={Computers \& Security},
  volume={124},
   year={2023}
}

@inproceedings{pfeuffer2019behavioural,
  title={Behavioural biometrics in vr: Identifying people from body motion and relations in virtual reality},
  author={Pfeuffer, Ken and Geiger, Matthias J and Prange, Sarah and Mecke, Lukas and Buschek, Daniel and Alt, Florian},
  booktitle={CHI Conference on Human Factors in Computing Systems},
  pages={1--12},
  year={2019}
}

@article{rack2023alyx,
  title={Who is alyx? a new behavioral biometric dataset for user identification in xr},
  author={Rack, Christian and Fernando, Tamara and Yalcin, Murat and Hotho, Andreas and Latoschik, Marc Erich},
  journal={Frontiers in Virtual Reality},
  volume={4},
  pages={1272234},
  year={2023},
  publisher={Frontiers}
}

@inproceedings{stephenson2022sok,
  title={Sok: Authentication in augmented and virtual reality},
  author={Stephenson, Sophie and Pal, Bijeeta and Fan, Stephen and Fernandes, Earlence and Zhao, Yuhang and Chatterjee, Rahul},
  booktitle={IEEE Symposium on Security and Privacy},
  year={2022},
  organization={IEEE}
}

@inproceedings{suzuki2023pinchkey,
  title={PinchKey: A Natural and User-Friendly Approach to VR User Authentication},
  author={Suzuki, Mei and Iijima, Ryo and Nomoto, Kazuki and Ohki, Tetsushi and Mori, Tatsuya},
  booktitle={European Symposium on Usable Security},
  year={2023}
}

