@misc{Authors12,
 author = {Authors},
 title = {The frobnicatable foo filter},
 note = {ACM MM 2013 submission ID 324. Supplied as additional material {\tt acmmm13.pdf}},
}

@misc{Authors12b,
 author = {Authors},
 title = {Frobnication tutorial},
 note = {Supplied as additional material {\tt tr.pdf}},
 year = {2012}
}

@ARTICLE{cooley65,
  author = {J. W. Cooley and J. W. Tukey},
  title = {An algorithm for the machine computation of complex {F}ourier series},
  journal = {Math. Comp.},
  year = {1965},
  volume = {19},
  pages = {297-301},
  month = {Apr.}
}

@INCOLLECTION{haykin02,
  author = {S. Haykin},
  title = {Adaptive Filter Theory},
  publisher = {Prentice Hall},
  year = {2002},
  series = {Information and System Science},
  edition = {4th}
}

@ARTICLE{Morgan2005,
  author = {Dennis R. Morgan},
  title = {Dos and Don'ts of Technical Writing},
  journal = {IEEE Potentials},
  year = {2005},
  volume = {24},
  pages = {22-25},
  number = {3},
  month = {Aug.}
}

@article{odeleye2023virtually,
  title={Virtually secure: A taxonomic assessment of cybersecurity challenges in virtual reality environments},
  author={Odeleye, Blessing and Loukas, George and Heartfield, Ryan and Sakellari, Georgia and Panaousis, Emmanouil and Spyridonis, Fotios},
  journal={Computers \& Security},
  volume={124},
   year={2023}
}



@inproceedings{yu2016exploration,
  title={An exploration of usable authentication mechanisms for virtual reality systems},
  author={Yu, Zhen and Liang, Hai-Ning and Fleming, Charles and Man, Ka Lok},
  booktitle={IEEE Asia Pacific Conference on Circuits and Systems},
  pages={458--460},
  year={2016}
}

@inproceedings{pfeuffer2019behavioural,
  title={Behavioural biometrics in vr: Identifying people from body motion and relations in virtual reality},
  author={Pfeuffer, Ken and Geiger, Matthias J and Prange, Sarah and Mecke, Lukas and Buschek, Daniel and Alt, Florian},
  booktitle={CHI Conference on Human Factors in Computing Systems},
  pages={1--12},
  year={2019}
}
@inproceedings{liebers2023exploring,
  title={Exploring the Stability of Behavioral Biometrics in Virtual Reality in a Remote Field Study: Towards Implicit and Continuous User Identification through Body Movements},
  author={Liebers, Jonathan and Burschik, Christian and Gruenefeld, Uwe and Schneegass, Stefan},
  booktitle={ACM Symposium on Virtual Reality Software and Technology},
  year={2023}
}

@inproceedings{suzuki2023pinchkey,
  title={PinchKey: A Natural and User-Friendly Approach to VR User Authentication},
  author={Suzuki, Mei and Iijima, Ryo and Nomoto, Kazuki and Ohki, Tetsushi and Mori, Tatsuya},
  booktitle={European Symposium on Usable Security},
  year={2023}
}
@inproceedings{liebers2021using,
  title={Using gaze behavior and head orientation for implicit identification in virtual reality},
  author={Liebers, Jonathan and Horn, Patrick and Burschik, Christian and Gruenefeld, Uwe and Schneegass, Stefan},
  booktitle={ACM Symposium on Virtual Reality Software and Technology},
  pages={1--9},
  year={2021}
}

@inproceedings{george2020gazeroomlock,
  title={Gazeroomlock: Using gaze and head-pose to improve the usability and observation resistance of 3d passwords in virtual reality},
  author={George, Ceenu and Buschek, Daniel and Ngao, Andrea and Khamis, Mohamed},
  booktitle={Intl. Conf. on Augmented Reality, Virtual Reality, and Computer Graphics},
  pages={61--81},
  year={2020}
}

@inproceedings{george2019investigating,
  title={Investigating the Third Dimension for Authentication in Immersive Virtual Reality and in the Real World},
  author={George, Ceenu and Khamis, Mohamed and Buschek, Daniel and Hussmann, Heinrich},
  booktitle={IEEE Conference on Virtual Reality and 3D User Interfaces},
  pages={277--285},
  year={2019}
}

@inproceedings{liebers2021understanding,
  title={Understanding user identification in virtual reality through behavioral biometrics and the effect of body normalization},
  author={Liebers, Jonathan and Abdelaziz, Mark and Mecke, Lukas and Saad, Alia and Auda, Jonas and Gruenefeld, Uwe and Alt, Florian and Schneegass, Stefan},
  booktitle={CHI Conference on Human Factors in Computing Systems},
  pages={1--11},
  year={2021}
}
@article{giaretta2022security,
  title={Security and Privacy in Virtual Reality--A Literature Survey},
  author={Giaretta, Alberto},
  journal={arXiv preprint arXiv:2205.00208},
  year={2022}
}

@inproceedings{stephenson2022sok,
  title={Sok: Authentication in augmented and virtual reality},
  author={Stephenson, Sophie and Pal, Bijeeta and Fan, Stephen and Fernandes, Earlence and Zhao, Yuhang and Chatterjee, Rahul},
  booktitle={IEEE Symposium on Security and Privacy},
  year={2022},
  organization={IEEE}
}


@inproceedings{li2024using,
  title={Using Motion Forecasting for Behavior-Based Virtual Reality (VR) Authentication},
  author={Mingjun Li and Natasha Kholgade Banerjee and Sean Banerjee},
  booktitle={IEEE International Conference on Artificial Intelligence \& extended and Virtual Reality},
  year={2024},
  organization={IEEE}
}

@inproceedings{miller2020within,
  title={Within-system and cross-system behavior-based biometric authentication in virtual reality},
  author={Miller, Robert and Banerjee, Natasha Kholgade and Banerjee, Sean},
  booktitle={IEEE Conference on Virtual Reality and 3D User Interfaces Abstracts and Workshops},
  pages={311--316},
  year={2020},
  organization={IEEE}
}

@article{liebers2024kinetic,
  title={Kinetic Signatures: A Systematic Investigation of Movement-Based User Identification in Virtual Reality},
  author={Liebers, Jonathan and Laskowski, Patrick and Rademaker, Florian and Sabel, Leon and Hoppen, Jordan and Gruenefeld, Uwe and Schneegass, Stefan},
  year={2024},
  booktitle={CHI Conference on Human Factors in Computing Systems}
}


@article{rack2023alyx,
  title={Who is alyx? a new behavioral biometric dataset for user identification in xr},
  author={Rack, Christian and Fernando, Tamara and Yalcin, Murat and Hotho, Andreas and Latoschik, Marc Erich},
  journal={Frontiers in Virtual Reality},
  volume={4},
  pages={1272234},
  year={2023},
  publisher={Frontiers}
}


@article{liebers2024identifying,
  title={Identifying users by their hand tracking data in augmented and virtual reality},
  author={Liebers, Jonathan and Brockel, Sascha and Gruenefeld, Uwe and Schneegass, Stefan},
  journal={International Journal of Human--Computer Interaction},
  volume={40},
  number={2},
  pages={409--424},
  year={2024},
  publisher={Taylor \& Francis}
}


@inproceedings{miller2021using,
  title={Using siamese neural networks to perform cross-system behavioral authentication in virtual reality},
  author={Miller, Robert and Banerjee, Natasha Kholgade and Banerjee, Sean},
  booktitle={IEEE Virtual Reality and 3D User Interfaces},
  pages={140--149},
  year={2021},
  organization={IEEE}
}

# openpose
@inproceedings{cao2017realtime,
  title={Realtime multi-person 2d pose estimation using part affinity fields},
  author={Cao, Zhe and Simon, Tomas and Wei, Shih-En and Sheikh, Yaser},
  booktitle={IEEE Conference on Computer Vvision and Pattern Recognition},
  pages={7291--7299},
  year={2017}
}

# FCN
@inproceedings{wang2017time,
  title={Time series classification from scratch with deep neural networks: A strong baseline},
  author={Wang, Zhiguang and Yan, Weizhong and Oates, Tim},
  booktitle={IEEE International Joint Conference on Neural Networks},
  pages={1578--1585},
  year={2017}
}

% vanilla transformer
@article{vaswani2017attention,
  title={Attention is all you need},
  author={Vaswani, Ashish and Shazeer, Noam and Parmar, Niki and Uszkoreit, Jakob and Jones, Llion and Gomez, Aidan N and Kaiser, {\L}ukasz and Polosukhin, Illia},
  journal={Advances in Neural Information Processing Systems},
  volume={30},
  year={2017}
}


% layer normalization
@article{ba2016layer,
  title={Layer normalization},
  author={Ba, Jimmy Lei and Kiros, Jamie Ryan and Hinton, Geoffrey E},
  journal={arXiv preprint arXiv:1607.06450},
  year={2016}
}

% residual connection
@inproceedings{he2016deep,
  title={Deep residual learning for image recognition},
  author={He, Kaiming and Zhang, Xiangyu and Ren, Shaoqing and Sun, Jian},
  booktitle={Proceedings of the IEEE conference on computer vision and pattern recognition},
  pages={770--778},
  year={2016}
}

% Adam
@article{kingma2014adam,
  title={Adam: A method for stochastic optimization},
  author={Kingma, Diederik P and Ba, Jimmy},
  journal={arXiv preprint arXiv:1412.6980},
  year={2014}
}

# batch normalization
@inproceedings{ioffe2015batch,
  title={Batch normalization: Accelerating deep network training by reducing internal covariate shift},
  author={Ioffe, Sergey and Szegedy, Christian},
  booktitle={International conference on machine learning},
  pages={448--456},
  year={2015},
  organization={pmlr}
}

# global avg pooling
@article{lin2013network,
  title={Network in network},
  author={Lin, Min and Chen, Qiang and Yan, Shuicheng},
  journal={arXiv preprint arXiv:1312.4400},
  year={2013}
}

# FCN is good
@inproceedings{mathis2020knowledge,
  title={Knowledge-driven biometric authentication in virtual reality},
  author={Mathis, Florian and Fawaz, Hassan Ismail and Khamis, Mohamed},
  booktitle={Extended Abstracts of the 2020 CHI Conference on Human Factors in Computing Systems},
  pages={1--10},
  year={2020}
}


@article{alladi2020consumer,
  title={Consumer IoT: Security vulnerability case studies and solutions},
  author={Alladi, Tejasvi and Chamola, Vinay and Sikdar, Biplab and Choo, Kim-Kwang Raymond},
  journal={IEEE Consumer Electronics Magazine},
  volume={9},
  number={2},
  pages={17--25},
  year={2020},
  month={Mar}
}

@inproceedings{miller2022combining,
  title={Combining Real-World Constraints on User Behavior with Deep Neural Networks for Virtual Reality (VR) Biometrics},
  author={Miller, Robert and Banerjee, Natasha Kholgade and Banerjee, Sean},
  booktitle={2022 IEEE Conference on Virtual Reality and 3D User Interfaces (VR)},
  pages={409--418},
  year={2022},
  publisher={IEEE}, address={Piscataway, NJ}
}


@inproceedings{miller2022temporal,
  title={Temporal Effects in Motion Behavior for Virtual Reality (VR) Biometrics},
  author={Miller, Robert and Banerjee, Natasha Kholgade and Banerjee, Sean},
  booktitle={2022 IEEE Conference on Virtual Reality and 3D User Interfaces (VR)},
  pages={563--572},
  year={2022},
  publisher={IEEE}, address={Piscataway, NJ}
}

@inproceedings{miller2022using,
  title={Using external video to attack behavior-based security mechanisms in virtual reality (vr)},
  author={Miller, Robert and Banerjee, Natasha Kholgade and Banerjee, Sean},
  booktitle={2022 IEEE Conference on Virtual Reality and 3D User Interfaces Abstracts and Workshops (VRW)},
  pages={684--685},
  year={2022},
  organization={IEEE}
}

% TARNet
@inproceedings{chowdhury2022tarnet,
  title={TARNet: Task-Aware Reconstruction for Time-Series Transformer},
  author={Chowdhury, Ranak Roy and Zhang, Xiyuan and Shang, Jingbo and Gupta, Rajesh K and Hong, Dezhi},
  booktitle={Proceedings of the 28th ACM SIGKDD Conference on Knowledge Discovery and Data Mining, Washington, DC, USA},
  pages={14--18},
  year={2022},
    publisher={ACM},
  address={New York, NY}
}



@article{li2021dct,
  title={Dct-gan: Dilated convolutional transformer-based gan for time series anomaly detection},
  author={Li, Yifan and Peng, Xiaoyan and Zhang, Jia and Li, Zhiyong and Wen, Ming},
  journal={IEEE Transactions on Knowledge and Data Engineering},
  year={2021},
  publisher={IEEE}
}


@article{nair2023unique,
  title={Unique identification of 50,000+ virtual reality users from head \& hand motion data},
  author={Nair, Vivek and Guo, Wenbo and Mattern, Justus and Wang, Rui and O'Brien, James F and Rosenberg, Louis and Song, Dawn},
  journal={arXiv preprint arXiv:2302.08927},
  year={2023}
}


@book{jain2007handbook,
  title={Handbook of biometrics},
  author={Jain, Anil K and Flynn, Patrick and Ross, Arun A},
  year={2007},
  publisher={Springer Science \& Business Media},
  address={Berlin, Germany}
}

@article{papadatou2020human,
  title={Human handedness: A meta-analysis.},
  author={Papadatou-Pastou, Marietta and Ntolka, Eleni and Schmitz, Judith and Martin, Maryanne and Munaf{\`o}, Marcus R and Ocklenburg, Sebastian and Paracchini, Silvia},
  journal={Psychological bulletin},
  volume={146},
  number={6},
  pages={481},
  year={2020},
  publisher={American Psychological Association}
}


@inproceedings{barquero2022didn,
  title={Didn’t see that coming: a survey on non-verbal social human behavior forecasting},
  author={Barquero, German and N{\'u}nez, Johnny and Escalera, Sergio and Xu, Zhen and Tu, Wei-Wei and Guyon, Isabelle and Palmero, Cristina},
  booktitle={Understanding Social Behavior in Dyadic and Small Group Interactions},
  pages={139--178},
  year={2022},
  publisher={PMLR},
  address={World}
}


% FCN - previous 1
@inproceedings{long2015fully,
  title={Fully convolutional networks for semantic segmentation},
  author={Long, Jonathan and Shelhamer, Evan and Darrell, Trevor},
  booktitle={Proceedings of the IEEE conference on computer vision and pattern recognition},
  pages={3431--3440},
  year={2015},
    publisher={IEEE}, address={Piscataway, NJ}

}

% Adam
@article{kingma2014adam,
  title={Adam: A method for stochastic optimization},
  author={Kingma, Diederik P and Ba, Jimmy},
  journal={arXiv preprint arXiv:1412.6980},
  year={2014},
  volume={1},
  pages={1--1}
}

% BN
@inproceedings{ioffe2015batch,
  title={Batch normalization: Accelerating deep network training by reducing internal covariate shift},
  author={Ioffe, Sergey and Szegedy, Christian},
  booktitle={International conference on machine learning},
  pages={448--456},
  year={2015},
  publisher={pmlr},
  address={World}
}

% global avg pooling
@article{lin2013network,
  title={Network in network},
  author={Lin, Min and Chen, Qiang and Yan, Shuicheng},
  journal={arXiv preprint arXiv:1312.4400},
  year={2013},
  volume={1},
  pages={1--1}
}

% residual connection
@inproceedings{he2016deep,
  title={Deep residual learning for image recognition},
  author={He, Kaiming and Zhang, Xiangyu and Ren, Shaoqing and Sun, Jian},
  booktitle={Proceedings of the IEEE conference on computer vision and pattern recognition},
  pages={770--778},
  year={2016},
    publisher={IEEE}, address={Piscataway, NJ}

}

% layer normalization
@article{ba2016layer,
  title={Layer normalization},
  author={Ba, Jimmy Lei and Kiros, Jamie Ryan and Hinton, Geoffrey E},
  journal={arXiv preprint arXiv:1607.06450},
  year={2016},
  volume={1},
  pages={1--1}
}



% BERT
@article{devlin2018bert,
  title={Bert: Pre-training of deep bidirectional transformers for language understanding},
  author={Devlin, Jacob and Chang, Ming-Wei and Lee, Kenton and Toutanova, Kristina},
  journal={arXiv preprint arXiv:1810.04805},
  year={2018},
  pages={1--1},
  volume={1}
}

@article{ali2020two,
  title={Two-factor authentication scheme for mobile money: A review of threat models and countermeasures},
  author={Ali, Guma and Ally Dida, Mussa and Elikana Sam, Anael},
  journal={Future Internet},
  volume={12},
  number={10},
  pages={160},
  year={2020},
  publisher={MDPI}
}


% Informer
@inproceedings{zhou2021informer,
  title={Informer: Beyond efficient transformer for long sequence time-series forecasting},
  author={Zhou, Haoyi and Zhang, Shanghang and Peng, Jieqi and Zhang, Shuai and Li, Jianxin and Xiong, Hui and Zhang, Wancai},
  booktitle={Proceedings of the AAAI conference on artificial intelligence},
  volume={35},
  pages={11106--11115},
  year={2021},
  publisher={AAAI},
  address={Washington, DC}
}




@article{shorey2021use,
  title={The use of virtual reality simulation among nursing students and registered nurses: A systematic review},
  author={Shorey, Shefaly and Ng, Esperanza Debby},
  journal={Nurse education today},
  volume={98},
  pages={104662},
  year={2021},
  publisher={Elsevier}
}


@article{farrow2019virtual,
  title={Virtual-reality exergaming improves performance during high-intensity interval training},
  author={Farrow, Matthew and Lutteroth, Christof and Rouse, Peter C and Bilzon, James LJ},
  journal={European journal of sport science},
  volume={19},
  number={6},
  pages={719--727},
  year={2019},
  publisher={Taylor \& Francis}
}


@article{vidoni2009manual,
  title={Manual and oculomotor performance develop contemporaneously but independently during continuous tracking},
  author={Vidoni, Eric D and McCarley, Jason S and Edwards, Jodi D and Boyd, Lara A},
  journal={Experimental brain research},
  volume={195},
  number={4},
  pages={611--620},
  year={2009},
  publisher={Springer},
  address={Berlin, Germany}
}


@article{wei2021multi,
  title={Multi-View Merging for Robot Teleoperation With Virtual Reality},
  author={Wei, Dong and Huang, Bidan and Li, Qiang},
  journal={IEEE Robotics and Automation Letters},
  volume={6},
  number={4},
  pages={8537--8544},
  year={2021},
  publisher={IEEE}
}
@article{van2008virtual,
  title={Virtual augmented exercise gaming for older adults},
  author={Van Schaik, Paul and Blake, Jonathan and Pernet, Fred and Spears, Iain and Fencott, Clive},
  journal={CyberPsychology \& Behavior},
  volume={11},
  number={1},
  pages={103--106},
  year={2008},
  publisher={Mary Ann Liebert, Inc. 140 Huguenot Street, 3rd Floor New Rochelle, NY 10801~…}
}
@article{manera2016feasibility,
  title={A feasibility study with image-based rendered virtual reality in patients with mild cognitive impairment and dementia},
  author={Manera, Valeria and Chapoulie, Emmanuelle and Bourgeois, J{\'e}r{\'e}my and Guerchouche, Rachid and David, Renaud and Ondrej, Jan and Drettakis, George and Robert, Philippe},
  journal={PloS one},
  volume={11},
  number={3},
  pages={e0151487},
  year={2016},
  publisher={Public Library of Science San Francisco, CA USA}
}
@article{xu2020results,
  title={Results and guidelines from a repeated-measures design experiment comparing standing and seated full-body gesture-based immersive virtual reality exergames: Within-subjects evaluation},
  author={Xu, Wenge and Liang, Hai-Ning and He, Qiuyu and Li, Xiang and Yu, Kangyou and Chen, Yuzheng and others},
  journal={JMIR serious games},
  volume={8},
  number={3},
  pages={e17972},
  year={2020},
  publisher={JMIR Publications Inc., Toronto, Canada}
}
@inproceedings{happy2012video,
  title={A video database of human faces under near infra-red illumination for human computer interaction applications},
  author={Happy, SL and Dasgupta, Anirban and George, Anjith and Routray, Aurobinda},
  booktitle={2012 4th International Conference on Intelligent Human Computer Interaction (IHCI)},
  pages={1--4},
  year={2012},
  publisher={IEEE}, address={Piscataway, NJ}
}


@article{miller2014effectiveness,
  title={Effectiveness and feasibility of virtual reality and gaming system use at home by older adults for enabling physical activity to improve health-related domains: a systematic review},
  author={Miller, Kimberly J and Adair, Brooke S and Pearce, Alan J and Said, Catherine M and Ozanne, Elizabeth and Morris, Meg M},
  journal={Age and ageing},
  volume={43},
  number={2},
  pages={188--195},
  year={2014},
  publisher={Oxford University Press}
}
@inproceedings{vougioukas2019end,
  title={End-to-End Speech-Driven Realistic Facial Animation with Temporal GANs.},
  author={Vougioukas, Konstantinos and Petridis, Stavros and Pantic, Maja},
  booktitle={CVPR Workshops},
  pages={37--40},
  year={2019}
}
@article{vougioukas2020realistic,
  title={Realistic speech-driven facial animation with gans},
  author={Vougioukas, Konstantinos and Petridis, Stavros and Pantic, Maja},
  journal={International Journal of Computer Vision},
  volume={128},
  number={5},
  pages={1398--1413},
  year={2020},
  publisher={Springer}
}

@inproceedings{zhao2017towards,
  title={Towards more accurate iris recognition using deeply learned spatially corresponding features},
  author={Zhao, Zijing and Kumar, Ajay},
  booktitle={Proceedings of the IEEE international conference on computer vision},
  pages={3809--3818},
  year={2017}
}
@article{sardar2020iris,
  title={Iris segmentation using interactive deep learning},
  author={Sardar, Mousumi and Banerjee, Subhashis and Mitra, Sushmita},
  journal={IEEE Access},
  volume={8},
  pages={219322--219330},
  year={2020},
  publisher={IEEE}
}
@article{varkarakis2020deep,
  title={Deep neural network and data augmentation methodology for off-axis iris segmentation in wearable headsets},
  author={Varkarakis, Viktor and Bazrafkan, Shabab and Corcoran, Peter},
  journal={Neural Networks},
  volume={121},
  pages={101--121},
  year={2020},
  publisher={Elsevier}
}
@article{wang2020towards,
  title={Towards complete and accurate iris segmentation using deep multi-task attention network for non-cooperative iris recognition},
  author={Wang, Caiyong and Muhammad, Jawad and Wang, Yunlong and He, Zhaofeng and Sun, Zhenan},
  journal={IEEE Transactions on information forensics and security},
  volume={15},
  pages={2944--2959},
  year={2020},
  publisher={IEEE}
}
@article{soleymani2021quality,
  title={Quality-aware multimodal biometric recognition},
  author={Soleymani, Sobhan and Dabouei, Ali and Taherkhani, Fariborz and Iranmanesh, Seyed Mehdi and Dawson, Jeremy and Nasrabadi, Nasser M},
  journal={IEEE Transactions on Biometrics, Behavior, and Identity Science},
  volume={4},
  number={1},
  pages={97--116},
  year={2021},
  publisher={IEEE}
}
@article{mostofa2021deep,
  title={Deep gan-based cross-spectral cross-resolution iris recognition},
  author={Mostofa, Moktari and Mohamadi, Salman and Dawson, Jeremy and Nasrabadi, Nasser M},
  journal={IEEE Transactions on Biometrics, Behavior, and Identity Science},
  volume={3},
  number={4},
  pages={443--463},
  year={2021},
  publisher={IEEE}
}
@inproceedings{jones2021literature,
  title={A literature review on virtual reality authentication},
  author={Jones, John M and Duezguen, Reyhan and Mayer, Peter and Volkamer, Melanie and Das, Sanchari},
  booktitle={International Symposium on Human Aspects of Information Security and Assurance},
  pages={189--198},
  year={2021},
  publisher={Springer},
    address={Berlin, Germany}
}


@inproceedings{song2018real,
  title={Real-time 3D Face-Eye Performance Capture of a Person Wearing VR Headset},
  author={Song, Guoxian and Cai, Jianfei and Cham, Tat-Jen and Zheng, Jianmin and Zhang, Juyong and Fuchs, Henry},
  booktitle={Proceedings of the 26th ACM international conference on Multimedia},
  pages={923--931},
  year={2018}
}

@inproceedings{jourabloo2022robust,
  title={Robust Egocentric Photo-realistic Facial Expression Transfer for Virtual Reality},
  author={Jourabloo, Amin and De la Torre, Fernando and Saragih, Jason and Wei, Shih-En and Lombardi, Stephen and Wang, Te-Li and Belko, Danielle and Trimble, Autumn and Badino, Hernan},
  booktitle={Proceedings of the IEEE/CVF Conference on Computer Vision and Pattern Recognition},
  pages={20323--20332},
  year={2022},
    publisher={IEEE}, address={Piscataway, NJ}

}

@inproceedings{lamb2021using,
  title={Using Learned Visual and Geometric Features to Retrieve Complete 3D Proxies for Broken Objects},
  author={Lamb, Nikolas and Wiederhold, Noah and Lamb, Benjamin and Banerjee, Sean and Banerjee, Natasha Kholgade},
  booktitle={Symposium on Computational Fabrication},
  pages={1--15},
  year={2021}
}

@inproceedings{lamb2022,
  title={MendNet: Restoration of Fractured Shapes Using Learned Occupancy Functions},
  author={Lamb, Nikolas and Banerjee, Sean and Banerjee, Natasha Kholgade},
  booktitle={Symposium on Geometry Processing},
  year={2022}
}


@article{evans2022white,
  title={White Paper-The IEEE Global Initiative on Ethics of Extended Reality (XR) Report--Extended Reality (XR) Ethics in Medicine},
  author={Evans, Jason},
  year={2022},
  journal={IEEE},
  publisher={IEEE}
}


@article{schwartz2020eyes,
  title={The eyes have it: An integrated eye and face model for photorealistic facial animation},
  author={Schwartz, Gabriel and Wei, Shih-En and Wang, Te-Li and Lombardi, Stephen and Simon, Tomas and Saragih, Jason and Sheikh, Yaser},
  journal={ACM Transactions on Graphics (TOG)},
  volume={39},
  number={4},
  pages={91--1},
  year={2020},
  publisher={ACM New York, NY, USA}
}

@inproceedings{kocabas2020vibe,
  title={Vibe: Video inference for human body pose and shape estimation},
  author={Kocabas, Muhammed and Athanasiou, Nikos and Black, Michael J},
  booktitle={Proceedings of the IEEE/CVF conference on computer vision and pattern recognition},
  pages={5253--5263},
  year={2020},
    publisher={IEEE}, address={Piscataway, NJ}

}


@article{fisch2021orientation,
  title={Orientation keypoints for 6D human pose estimation},
  author={Fisch, Martin Adrian and Clark, Ronald},
  journal={IEEE Transactions on Pattern Analysis and Machine Intelligence},
  year={2021},
  publisher={IEEE}
}

@article{chen20223d,
  title={3D face reconstruction and gaze tracking in the HMD for virtual interaction},
  author={Chen, Shu-Yu and Lai, Yu-Kun and Xia, Shihong and Rosin, Paul and Gao, Lin},
  journal={IEEE Transactions on Multimedia},
  year={2022},
  publisher={IEEE}
}


@inproceedings{hadjidemetriou2019picture,
  title={Picture passwords in mixed reality: Implementation and evaluation},
  author={Hadjidemetriou, George and Belk, Marios and Fidas, Christos and Pitsillides, Andreas},
  booktitle={Extended Abstracts of the 2019 CHI Conference on Human Factors in Computing Systems},
  pages={1--6},
  year={2019}
}
@article{li2020designing,
  title={Designing leakage-resilient password entry on head-mounted smart wearable glass devices},
  author={Li, Yan and Cheng, Yao and Meng, Weizhi and Li, Yingjiu and Deng, Robert H},
  journal={IEEE Transactions on Information Forensics and security},
  volume={16},
  pages={307--321},
  year={2020},
  publisher={IEEE}
}
@article{alt2022beyond,
  title={Beyond Passwords—Challenges and Opportunities of Future Authentication},
  author={Alt, Florian and Schneegass, Stefan},
  journal={IEEE Security \& Privacy},
  volume={20},
  number={1},
  pages={82--86},
  year={2022},
  publisher={IEEE}
}
@article{kreider2018discoverability,
  title={The discoverability of password entry using virtual keyboards in an augmented reality wearable: an initial proof of concept},
  author={Kreider, Christopher},
  journal={Southern Association for Information Systems},
  year={2018}
}


@inproceedings{thanh2020catastrophic,
  title={Catastrophic forgetting and mode collapse in gans},
  author={Thanh-Tung, Hoang and Tran, Truyen},
  booktitle={2020 international joint conference on neural networks (ijcnn)},
  pages={1--10},
  year={2020},
  publisher={IEEE}, address={Piscataway, NJ}
}

@article{wang2019realtime,
  title={Realtime and accurate 3D eye gaze capture with DCNN-based iris and pupil segmentation},
  author={Wang, Zhiyong and Chai, Jinxiang and Xia, Shihong},
  journal={IEEE transactions on visualization and computer graphics},
  volume={27},
  number={1},
  pages={190--203},
  year={2019},
  publisher={IEEE}
}


@inproceedings{li2019angular,
  title={Angular triplet-center loss for multi-view 3d shape retrieval},
  author={Li, Zhaoqun and Xu, Cheng and Leng, Biao},
  booktitle={Proceedings of the AAAI Conference on Artificial Intelligence},
  volume={33},
  pages={8682--8689},
  year={2019}
}
@inproceedings{wang2017deep,
  title={Deep metric learning with angular loss},
  author={Wang, Jian and Zhou, Feng and Wen, Shilei and Liu, Xiao and Lin, Yuanqing},
  booktitle={Proceedings of the IEEE international conference on computer vision},
  pages={2593--2601},
  year={2017}
}
@article{hughes2018identifying,
  title={Identifying corresponding patches in SAR and optical images with a pseudo-siamese CNN},
  author={Hughes, Lloyd H and Schmitt, Michael and Mou, Lichao and Wang, Yuanyuan and Zhu, Xiao Xiang},
  journal={IEEE Geoscience and Remote Sensing Letters},
  volume={15},
  number={5},
  pages={784--788},
  year={2018},
  publisher={IEEE}
}
@inproceedings{treible2019wildcat,
  title={Wildcat: in-the-wild color-and-thermal patch comparison with deep residual pseudo-Siamese networks},
  author={Treible, Wayne and Saponaro, Philip and Kambhamettu, Chandra},
  booktitle={2019 IEEE International Conference on Image Processing (ICIP)},
  pages={1307--1311},
  year={2019},
  publisher={IEEE}, address={Piscataway, NJ}
}
@inproceedings{zagoruyko2015learning,
  title={Learning to compare image patches via convolutional neural networks},
  author={Zagoruyko, Sergey and Komodakis, Nikos},
  booktitle={Proceedings of the IEEE conference on computer vision and pattern recognition},
  pages={4353--4361},
  year={2015}
}
@article{poh2011unified,
  title={A unified framework for biometric expert fusion incorporating quality measures},
  author={Poh, Norman and Kittler, Josef},
  journal={IEEE transactions on pattern analysis and machine intelligence},
  volume={34},
  number={1},
  pages={3--18},
  year={2011},
  publisher={IEEE}
}
@article{poh2010quality,
  title={Quality-based score normalization with device qualitative information for multimodal biometric fusion},
  author={Poh, Norman and Kittler, Josef and Bourlai, Thirimachos},
  journal={IEEE Transactions on Systems, Man, and Cybernetics-Part A: Systems and Humans},
  volume={40},
  number={3},
  pages={539--554},
  year={2010},
  publisher={IEEE}
}
@article{kumar2009improving,
  title={Improving biometric authentication performance from the user quality},
  author={Kumar, Ajay and Zhang, David},
  journal={IEEE transactions on instrumentation and measurement},
  volume={59},
  number={3},
  pages={730--735},
  year={2009},
  publisher={IEEE}
}
@article{bharadwaj2015qfuse,
  title={QFuse: Online learning framework for adaptive biometric system},
  author={Bharadwaj, Samarth and Bhatt, Himanshu S and Singh, Richa and Vatsa, Mayank and Noore, Afzel},
  journal={Pattern Recognition},
  volume={48},
  number={11},
  pages={3428--3439},
  year={2015},
  publisher={Elsevier}
}
@inproceedings{vishi2017new,
  title={A new approach for multi-biometric fusion based on subjective logic},
  author={Vishi, Kamer and J{\o}sang, Audun},
  booktitle={Proceedings of the 1st International Conference on Internet of Things and Machine Learning},
  pages={1--9},
  year={2017}
}
@inproceedings{khiari2016quality,
  title={Quality dependent multimodal fusion of face and iris biometrics},
  author={Khiari-Hili, Nefissa and Montagne, Christophe and Lelandais, Sylvie and Hamrouni, Kamel},
  booktitle={2016 Sixth International Conference on Image Processing Theory, Tools and Applications (IPTA)},
  pages={1--6},
  year={2016},
  publisher={IEEE}, address={Piscataway, NJ}
}
@inproceedings{sivasankaran2018context,
  title={Context-aware fusion for continuous biometric authentication},
  author={Sivasankaran, Divya and Ragab, Mona and Sim, Terence and Zick, Yair},
  booktitle={2018 International Conference on Biometrics (ICB)},
  pages={233--240},
  year={2018},
  publisher={IEEE}, address={Piscataway, NJ}
}
@article{poh2009benchmarking,
  title={Benchmarking quality-dependent and cost-sensitive score-level multimodal biometric fusion algorithms},
  author={Poh, Norman and Bourlai, Thirimachos and Kittler, Josef and Allano, Lorene and Alonso-Fernandez, Fernando and Ambekar, Onkar and Baker, John and Dorizzi, Bernadette and Fatukasi, Omolara and Fierrez, Julian and others},
  journal={IEEE transactions on information forensics and security},
  volume={4},
  number={4},
  pages={849--866},
  year={2009},
  publisher={IEEE}
}


@inproceedings{wang2019multi,
  title={Multi-similarity loss with general pair weighting for deep metric learning},
  author={Wang, Xun and Han, Xintong and Huang, Weilin and Dong, Dengke and Scott, Matthew R},
  booktitle={Proceedings of the IEEE/CVF Conference on Computer Vision and Pattern Recognition},
  pages={5022--5030},
  year={2019},
    publisher={IEEE}, address={Piscataway, NJ}

}

@article{liu2022virtual,
  title={Virtual Reality Based Tactile Sensing Enhancements for Bilateral Teleoperation System with In-Hand Manipulation},
  author={Liu, Yi and Tsai, Ya-Yen and Huang, Bidan and Guo, Jing},
  journal={IEEE Robotics and Automation Letters},
  year={2022},
  publisher={IEEE}
}


@inproceedings{macchini2021impact,
  title={The Impact of Virtual Reality and Viewpoints in Body Motion Based Drone Teleoperation},
  author={Macchini, Matteo and Lortkipanidze, Manana and Schiano, Fabrizio and Floreano, Dario},
  booktitle={2021 IEEE Virtual Reality and 3D User Interfaces (VR)},
  pages={511--518},
  year={2021},
  publisher={IEEE}, address={Piscataway, NJ}
}


@inproceedings{de2021leveraging,
  title={Leveraging Enhanced Virtual Reality Methods and Environments for Efficient, Intuitive, and Immersive Teleoperation of Robots},
  author={De Pace, Francesco and Gorjup, Gal and Bai, Huidong and Sanna, Andrea and Liarokapis, Minas and Billinghurst, Mark},
  booktitle={2021 IEEE International Conference on Robotics and Automation (ICRA)},
  pages={12967--12973},
  year={2021},
  publisher={IEEE}, address={Piscataway, NJ}
}


@article{barteit2021augmented,
  title={Augmented, mixed, and virtual reality-based head-mounted devices for medical education: systematic review},
  author={Barteit, Sandra and Lanfermann, Lucia and B{\"a}rnighausen, Till and Neuhann, Florian and Beiersmann, Claudia and others},
  journal={JMIR serious games},
  volume={9},
  number={3},
  pages={e29080},
  year={2021},
  publisher={JMIR Publications Inc., Toronto, Canada}
}
@article{clarke2021virtual,
  title={Virtual reality simulation—the future of orthopaedic training? A systematic review and narrative analysis},
  author={Clarke, Elinor},
  journal={Advances in Simulation},
  volume={6},
  number={1},
  pages={1--11},
  year={2021},
  publisher={Springer},
    address={Berlin, Germany}
}
@article{hamilton2021immersive,
  title={Immersive virtual reality as a pedagogical tool in education: a systematic literature review of quantitative learning outcomes and experimental design},
  author={Hamilton, David and McKechnie, Jim and Edgerton, Edward and Wilson, Claire},
  journal={Journal of Computers in Education},
  volume={8},
  number={1},
  pages={1--32},
  year={2021},
  publisher={Springer},
    address={Berlin, Germany}
}
@article{scavarelli2021virtual,
  title={Virtual reality and augmented reality in social learning spaces: a literature review},
  author={Scavarelli, Anthony and Arya, Ali and Teather, Robert J},
  journal={Virtual Reality},
  volume={25},
  number={1},
  pages={257--277},
  year={2021},
  publisher={Springer},
    address={Berlin, Germany}
}
@article{noah2021exploring,
  title={Exploring evolution of augmented and virtual reality education space in 2020 through systematic literature review},
  author={Noah, Naheem and Das, Sanchari},
  journal={Computer Animation and Virtual Worlds},
  volume={32},
  number={3-4},
  pages={e2020},
  year={2021},
  publisher={Wiley Online Library}
}
@article{agbo2021application,
  title={Application of virtual reality in computer science education: a systemic review based on bibliometric and content analysis methods},
  author={Agbo, Friday Joseph and Sanusi, Ismaila Temitayo and Oyelere, Solomon Sunday and Suhonen, Jarkko},
  journal={Education Sciences},
  volume={11},
  number={3},
  pages={142},
  year={2021},
  publisher={Multidisciplinary Digital Publishing Institute}
}
@article{luo2021virtual,
  title={Virtual reality in K-12 and higher education: A systematic review of the literature from 2000 to 2019},
  author={Luo, Heng and Li, Gege and Feng, Qinna and Yang, Yuqin and Zuo, Mingzhang},
  journal={Journal of Computer Assisted Learning},
  volume={37},
  number={3},
  pages={887--901},
  year={2021},
  publisher={Wiley Online Library}
}
@article{chen2020effectiveness,
  title={Effectiveness of virtual reality in nursing education: meta-analysis},
  author={Chen, Feng-Qin and Leng, Yu-Fei and Ge, Jian-Feng and Wang, Dan-Wen and Li, Cheng and Chen, Bin and Sun, Zhi-Ling and others},
  journal={Journal of medical Internet research},
  volume={22},
  number={9},
  pages={e18290},
  year={2020},
  publisher={JMIR Publications Inc., Toronto, Canada}
}
@article{kavanagh2017systematic,
  title={A systematic review of virtual reality in education},
  author={Kavanagh, Sam and Luxton-Reilly, Andrew and Wuensche, Burkhard and Plimmer, Beryl},
  journal={Themes in Science and Technology Education},
  volume={10},
  number={2},
  pages={85--119},
  year={2017},
  publisher={Themes in Science and Technology Education}
}



@inproceedings{mmm2019vr,
  title={Task-driven biometric authentication of users in virtual reality (VR) environments},
  author={Kupin, Alexander and Moeller, Benjamin and Jiang, Yijun and Banerjee, Natasha Kholgade and Banerjee, Sean},
  booktitle={MultiMedia Modeling: 25th International Conference, MMM 2019, Thessaloniki, Greece, January 8--11, 2019, Proceedings, Part I 25},
  pages={55--67},
  year={2019},
  publisher={Springer},
  address={Berlin, Germany}
}


@inproceedings{miller2022using,
  title={Using External Video to Attack Behavior-Based Security Mechanisms in Virtual Reality (VR)},
  author={Miller, Robert and Banerjee, Natasha Kholgade and Banerjee, Sean},
  booktitle={2022 IEEE Conference on Virtual Reality and 3D User Interfaces Abstracts and Workshops (VRW)},
  pages={684--685},
  year={2022},
  publisher={IEEE}, address={Piscataway, NJ}
}
@article{tiong2021cheating,
  title={E-cheating Prevention Measures: Detection of Cheating at Online Examinations Using Deep Learning Approach--A Case Study},
  author={Tiong, Leslie Ching Ow and Lee, HeeJeong Jasmine},
  journal={arXiv preprint arXiv:2101.09841},
  year={2021}
}

@inproceedings{howard2019searching,
  title={Searching for mobilenetv3},
  author={Howard, Andrew and Sandler, Mark and Chu, Grace and Chen, Liang-Chieh and Chen, Bo and Tan, Mingxing and Wang, Weijun and Zhu, Yukun and Pang, Ruoming and Vasudevan, Vijay and others},
  booktitle={Proc. ICCV},
  pages={1314--1324},
  year={2019},
    publisher={IEEE},
    address={New York, USA}

}

@article{balderas2021learning,
  title={Learning Analytics to Detect Evidence of Fraudulent Behaviour in Online Examinations},
  author={Balderas Alberico, Antonio and Palomo Duarte, Manuel and Caballero Hern{\'a}ndez, Juan Antonio and Rodr{\'\i}guez Garc{\'\i}a, Mar{\'\i}a Mercedes and Dodero Beardo, Juan Manuel and others},
  year={2021},
  publisher={UNIV INT RIOJA},
  journal={International Journal of Interactive Multimedia and Artificial Intelligence}
}
@inproceedings{ko2022exam,
  title={Exam Fraud Prevention and Class Concentration Improvement System for an Online Environment},
  author={Ko, Min Soo and Joo, Heeyoung and Song, Hyok},
  booktitle={2022 International Conference on Electronics, Information, and Communication (ICEIC)},
  pages={1--2},
  year={2022},
  publisher={IEEE}, address={Piscataway, NJ}
}
@inproceedings{ghizlane2019new,
  title={A new model of automatic and continuous online exam monitoring},
  author={Ghizlane, Moukhliss and Hicham, Belhadaoui and Reda, Filali Hilali},
  booktitle={2019 International Conference on Systems of Collaboration Big Data, Internet of Things \& Security (SysCoBIoTS)},
  pages={1--5},
  year={2019},
  publisher={IEEE}, address={Piscataway, NJ}
}
@inproceedings{garg2020convolutional,
  title={Convolutional neural network based virtual exam controller},
  author={Garg, Kavish and Verma, Kunal and Patidar, Kunal and Tejra, Nitesh},
  booktitle={2020 4th International Conference on Intelligent Computing and Control Systems (ICICCS)},
  pages={895--899},
  year={2020},
  publisher={IEEE}, address={Piscataway, NJ}
}
@article{ramu2013framework,
  title={A framework of secure biometric based online exam authentication: an alternative to traditional exam},
  author={Ramu, T and Arivoli, T},
  journal={Int J Sci Eng Res},
  volume={4},
  number={11},
  pages={52--60},
  year={2013},
  publisher={Citeseer}
}
@inproceedings{mungai2017using,
  title={Using keystroke dynamics in a multi-level architecture to protect online examinations from impersonation},
  author={Mungai, Peter Kimani and Huang, Runhe},
  booktitle={2017 IEEE 2nd International Conference on Big Data Analysis (ICBDA)},
  pages={622--627},
  year={2017},
  publisher={IEEE}, address={Piscataway, NJ}
}

@inproceedings{cao2021interactive,
  title={Interactive Virtual Reality Game for Online Learning of Science Subject in Primary Schools},
  author={Cao, Qi and Png, Bee Teck and Cai, Yiyu and Cen, Yigang and Xu, Di},
  booktitle={2021 IEEE International Conference on Engineering, Technology \& Education (TALE)},
  pages={383--389},
  year={2021},
  publisher={IEEE}, address={Piscataway, NJ}
}
@article{paes1997impact,
  title={Impact of dosage frequency on patient compliance},
  author={Paes, Arsenio HP and Bakker, Albert and Soe-Agnie, Carmen J},
  journal={Diabetes care},
  volume={20},
  number={10},
  pages={1512--1517},
  year={1997},
  publisher={Am Diabetes Assoc}
}
@article{cramer2004systematic,
  title={A systematic review of adherence with medications for diabetes},
  author={Cramer, Joyce A},
  journal={Diabetes care},
  volume={27},
  number={5},
  pages={1218--1224},
  year={2004},
  publisher={Am Diabetes Assoc}
}
@article{hertz2005adherence,
  title={Adherence with pharmacotherapy for type 2 diabetes: a retrospective cohort study of adults with employer-sponsored health insurance},
  author={Hertz, Robin P and Unger, Alan N and Lustik, Michael B},
  journal={Clinical therapeutics},
  volume={27},
  number={7},
  pages={1064--1073},
  year={2005},
  publisher={Elsevier}
}
@article{yusuff2008adherence,
  title={Adherence to anti-diabetic drug therapy and self management practices among type-2 diabetics in Nigeria},
  author={Yusuff, Kazeem B and Obe, Olubunmi and Joseph, Bonatson Y},
  journal={Pharmacy World \& Science},
  volume={30},
  number={6},
  pages={876--883},
  year={2008},
  publisher={Springer},
    address={Berlin, Germany}
}
@article{mumu2014non,
  title={Non-adherence to life-style modification and its factors among type 2 diabetic patients},
  author={Mumu, Shirin Jahan and Saleh, Farzana and Ara, Ferdous and Afnan, Fadia and Ali, Liaquat and others},
  journal={Indian Journal of Public Health},
  volume={58},
  number={1},
  pages={40},
  year={2014},
  publisher={Medknow Publications}
}
@article{forhan2013predicting,
  title={Predicting exercise adherence for patients with obesity and diabetes referred to a cardiac rehabilitation and secondary prevention program},
  author={Forhan, Mary and Zagorski, Brandon M and Marzonlini, Susan and Oh, Paul and Alter, David A},
  journal={Canadian journal of diabetes},
  volume={37},
  number={3},
  pages={189--194},
  year={2013},
  publisher={Elsevier}
}
@article{saleh2014non,
  title={Non-adherence to self-care practices \& medication and health related quality of life among patients with type 2 diabetes: a cross-sectional study},
  author={Saleh, Farzana and Mumu, Shirin J and Ara, Ferdous and Hafez, Md Abdul and Ali, Liaquat},
  journal={BMC public health},
  volume={14},
  number={1},
  pages={1--8},
  year={2014},
  publisher={Springer},
    address={Berlin, Germany}
}
@article{jenkins2017exercise,
  title={Exercise and diabetes: a narrative review},
  author={Jenkins, David W and Jenks, Alexander},
  journal={The Journal of Foot and Ankle Surgery},
  volume={56},
  number={5},
  pages={968--974},
  year={2017},
  publisher={Elsevier}
}
@article{oldridge1978noncompliance,
  title={Noncompliance in an exercise rehabilitation program for men who have suffered a myocardial infarction},
  author={Oldridge, NB and Wicks, JR and Hanley, C and Sutton, JR and Jones, NL},
  journal={Canadian Medical Association Journal},
  volume={118},
  number={4},
  pages={361},
  year={1978},
  publisher={Canadian Medical Association}
}
@article{bassett2012measuring,
  title={Measuring patient adherence to physiotherapy},
  author={Bassett, S},
  journal={J Nov Physiother},
  volume={2},
  number={07},
  pages={60--66},
  year={2012}
}
@article{sluijs1993correlates,
  title={Correlates of exercise compliance in physical therapy},
  author={Sluijs, Emmy M and Kok, Gerjo J and Van der Zee, Jouke},
  journal={Physical therapy},
  volume={73},
  number={11},
  pages={771--782},
  year={1993},
  publisher={Oxford University Press}
}
@article{argent2018patient,
  title={Patient involvement with home-based exercise programs: can connected health interventions influence adherence?},
  author={Argent, Rob and Daly, Ailish and Caulfield, Brian and others},
  journal={JMIR mHealth and uHealth},
  volume={6},
  number={3},
  pages={e8518},
  year={2018},
  publisher={JMIR Publications Inc., Toronto, Canada}
}
@article{jack2010barriers,
  title={Barriers to treatment adherence in physiotherapy outpatient clinics: a systematic review},
  author={Jack, Kirsten and McLean, Sionnadh Mairi and Moffett, Jennifer Klaber and Gardiner, Eric},
  journal={Manual therapy},
  volume={15},
  number={3},
  pages={220--228},
  year={2010},
  publisher={Elsevier}
}
@article{corvera2004predictors,
  title={Predictors of noncompliance to exercise training in heart failure},
  author={Corvera-Tindel, Teresita and Doering, Lynn V and Gomez, Teresita and Dracup, Kathleen},
  journal={Journal of Cardiovascular Nursing},
  volume={19},
  number={4},
  pages={269--277},
  year={2004},
  publisher={LWW}
}
@article{rijal2022compliance,
  title={Compliance on Diet and Exercise among Diabetic Patient in Referral Hospital of Morang District},
  author={Rijal, Shashi Sharma and Paudel, Diksha and Bhandari, Bhawana and Takma, KC and Mainali, Uttar and Chapagain, Pratiksha and Basnet, Sandhya},
  journal={Journal of Advanced Academic Research},
  volume={9},
  number={1},
  pages={57--70},
  year={2022}
}
@article{marks2005chronic,
  title={Chronic osteoarthritis and adherence to exercise: a review of the literature},
  author={Marks, Ray and Allegrante, John P},
  journal={Journal of aging and physical activity},
  volume={13},
  number={4},
  pages={434--460},
  year={2005},
  publisher={Human Kinetics, Inc.}
}
@inproceedings{kern2019immersive,
  title={Immersive virtual reality and gamification within procedurally generated environments to increase motivation during gait rehabilitation},
  author={Kern, Florian and Winter, Carla and Gall, Dominik and K{\"a}thner, Ivo and Pauli, Paul and Latoschik, Marc Erich},
  booktitle={2019 IEEE Conference on Virtual Reality and 3D User Interfaces (VR)},
  pages={500--509},
  year={2019},
  publisher={IEEE}, address={Piscataway, NJ}
}

@misc{Jintronix,
howpublished={{https://jintronix.com/}}
}

@misc{zenjoi,
howpublished={{http://www.zenjoi.com/}}
}

@misc{FitXR,
howpublished={{https://fitxr.com/}}
}

@misc{RendeverFit,
howpublished={{https://www.rendever.com/rendeverfit}}
}

@misc{xrhealth,
howpublished={{https://www.xr.health/}}
}

@misc{coiereport,
howpublished={{https://arpost.co/2019/03/26/xr-technology-survey-stakeholders-optimistic-mass-adoption/}},
title = {XR Technology Survey: Key Stakeholders Optimistic About Mass Adoption}
}

@misc{2112878,
howpublished={{https://www.nsf.gov/awardsearch/showAward?AWD\_ID{=}2112878}},
title={{HCC: Small: Mitigating Online Risks: Designing Social VR to Prevent New Forms of Online Harassment}}
}

@misc{2026412,
howpublished={{https://www.nsf.gov/awardsearch/showAward?AWD\_ID{=}2026412}},
title={{FW-HTF-P: Immersive Virtual Reality Instructional Modules for Response to Active Shooter Events}}
}

@misc{2050395,
howpublished={{https://www.nsf.gov/awardsearch/showAward?AWD\_ID{=}2050395}},
title={{Improving Secondary STEM Teacher Preparation for High-need Schools Through Diverse Teaching Experiences, Including Simulated Virtual Reality Classrooms}}
}

@misc{2028077,
howpublished={{https://www.nsf.gov/awardsearch/showAward?AWD\_ID{=}2028077}},
title={{RAPID: A Virtual Reality simulator to train first responders involved in health care efforts related to the COVID-19 virus outbreak}}
}

@misc{2013230,
howpublished={https://www.nsf.gov/awardsearch/showAward?AWD\_ID=2013230},
title={{Using Virtual Reality Mathematics and Science Simulations to Prepare Elementary Teachers to Create Successful Learning Experiences for Students in High-Need Urban Schools}},
}

@misc{1912047,
howpublished={https://www.nsf.gov/awardsearch/showAward?AWD\_ID=1912047},
title={{Integration of Virtual Reality (VR) to Support Technology-based Active-learning and Retention: iVR to STAR}}
}

@misc{1915520,
howpublished={https://www.nsf.gov/awardsearch/showAward?AWD\_ID=1915520},
title={{Enhancing Additive Manufacturing Education with Cybersecurity and Virtual Reality}}
}

@misc{2005447,
howpublished={https://www.nsf.gov/awardsearch/showAward?AWD\_ID=2005447},
title={{Broadening Participation in Informal STEM Learning for Autistic Learners and Others through Virtual Reality}}
}

@misc{2126716,
howpublished={https://www.nsf.gov/awardsearch/showAward?AWD\_ID=2126716},
title={{Supporting Active Learning in Introductory STEM Courses with Extended Reality}}
}

@misc{2048987,
howpublished={https://www.nsf.gov/awardsearch/showAward?AWD\_ID=2048987},
title={{Engaging Native American Students in STEM Career Development Through a Culturally-Responsive After-School Program Using Virtual Environments and 3-D Printing}}
}

@misc{2021267,
howpublished={https://www.nsf.gov/awardsearch/showAward?AWD\_ID=2021267},
title={{Assessing the Use of Virtual Reality to Support Additive Manufacturing Education}}}

@misc{2047105,
howpublished={https://www.nsf.gov/awardsearch/showAward?AWD\_ID=2047105},
title={{CAREER: Improving Interracial Contact in STEM: Examining the Effect of Repeated Interracial Contact in VR On Racial Anxiety and Attitudes, Social Networks, and Performance}}}

@misc{2055722,
howpublished={{https://www.nsf.gov/awardsearch/showAward?AWD\_ID{=}2055722}},
title={{Improving Technician Skills in Advanced Manufacturing with a Low-Cost Virtual Reality Platform}}
}

@misc{2026540,
howpublished={{https://www.nsf.gov/awardsearch/showAward?AWD\_ID{=}2026540}},
title={{FW-HTF-P: Advancing the future work of nuclear operators through virtual reality-based training}}
}

@misc{2017019,
howpublished={{https://www.nsf.gov/awardsearch/showAward?AWD\_ID{=}2017019}},
title={{Breaking Risk Habituation to Occupational Hazards using Virtual Reality Interventions with Aversive Sensory Feedback}}
}

@misc{2037297,
howpublished={{https://www.nsf.gov/awardsearch/showAward?AWD\_ID{=}2037297}},
title={{RAPID: Virtual Reality Cyberinfrastructure Enabling Data Visualization, Exploration, and Collaboration Among Distant Individuals}}
}

@misc{1928695,
howpublished={{https://www.nsf.gov/awardsearch/showAward?AWD\_ID{=}1928695}},
title={{FW-HTF-RM: Augmenting Spatial Cognition Capabilities of Future Workforce to Enhance Work Performance in Altered Environments Using Virtual Reality}}
}

@misc{2007755,
howpublished={{https://www.nsf.gov/awardsearch/showAward?AWD\_ID{=}2007755}},
title={{CHS: Small: Collaborative Research: Social Virtual Reality Technology to Improve Networked Meetings}}
}

@misc{steamvrclassroomaq,
howpublished={https://store.steampowered.com/app/293800/Classroom\_Aquatic/},
title={{Classroom Aquatic on Steam}}
}

@misc{classroomaquatic,
howpublished={http://classroomaquatic.com/},
title={{CLASSROOM AQUATIC}},
}

@article{lee2022study,
  title={A Study on HMD-based Virtual Reality Listening Tests and Test-takers’ Perceived Levels of Presence},
  author={Lee, Areum},
  journal={Multimedia-Assisted Language Learning},
  volume={25},
  number={1},
  pages={9--30},
  year={2022}
}
@article{lee2019using,
  title={Using virtual reality to test academic listening proficiency},
  author={Lee, Areum},
  journal={Korean Journal
of English Language and Linguistics},
  volume={19},
  number={4},
  pages={688--712},
  year={2019}
}
@article{huang2021motivation,
  title={Motivation, engagement, and performance across multiple virtual reality sessions and levels of immersion},
  author={Huang, Wen and Roscoe, Rod D and Johnson-Glenberg, Mina C and Craig, Scotty D},
  journal={Journal of Computer Assisted Learning},
  volume={37},
  number={3},
  pages={745--758},
  year={2021},
  publisher={Wiley Online Library}
}


@article{shraim2019online,
  title={Online examination practices in higher education institutions: learners’ perspectives},
  author={Shraim, Khitam},
  journal={Turkish Online Journal of Distance Education},
  volume={20},
  number={4},
  pages={185--196},
  year={2019}
}


@misc{instavrquiz,
howpublished={https://www.instavr.co/articles/general/step-by-step-guide-for-building-quizzes-into-vr-apps-using-instavr},
title={{}Step-By-Step Guide for Building Quizzes Into VR Apps Using InstaVR}}
}


@misc{instavr,
howpublished={https://www.instavr.co/about-us},
title={{About Us | InstaVR}}
}
@article{griffith2021gazebase,
  title={GazeBase, a large-scale, multi-stimulus, longitudinal eye movement dataset},
  author={Griffith, Henry and Lohr, Dillon and Abdulin, Evgeny and Komogortsev, Oleg},
  journal={Scientific Data},
  volume={8},
  number={1},
  pages={1--9},
  year={2021},
  publisher={Nature Publishing Group}
}


@article{david2021privacy,
  title={A privacy-preserving approach to streaming eye-tracking data},
  author={David-John, Brendan and Hosfelt, Diane and Butler, Kevin and Jain, Eakta},
  journal={IEEE Transactions on Visualization and Computer Graphics},
  volume={27},
  number={5},
  pages={2555--2565},
  year={2021},
  publisher={IEEE}
}


@inproceedings{aravena2017perception,
  title={Perception Meets Examination: Studying Deceptive Behaviors in VR.},
  author={Aravena, Carla and Vo, Mark and Gao, Tao and Shiratori, Takaaki and Yu, Lap-Fai and Contributors, Equal},
  booktitle={CogSci},
  year={2017}
}


@misc{gao2020virtual,
  title={Virtual reality exercise as a coping strategy for health and wellness promotion in older adults during the COVID-19 pandemic},
  author={Gao, Zan and Lee, Jung Eun and McDonough, Daniel J and Albers, Callie},
  journal={Journal of clinical medicine},
  volume={9},
  number={6},
  pages={1986},
  year={2020},
  publisher={MDPI}
}


@article{safadel2020effectiveness,
  title={Effectiveness of computer-generated virtual reality (VR) in learning and teaching environments with spatial frameworks},
  author={Safadel, Parviz and White, David},
  journal={Applied Sciences},
  volume={10},
  number={16},
  pages={5438},
  year={2020},
  publisher={Multidisciplinary Digital Publishing Institute}
}


@article{fogarty2018improving,
  title={Improving student understanding of complex spatial arrangements with virtual reality},
  author={Fogarty, J and McCormick, J and El-Tawil, S},
  journal={Journal of Professional Issues in Engineering Education and Practice},
  volume={144},
  number={2},
  pages={04017013},
  year={2018},
  publisher={American Society of Civil Engineers}
}




@inproceedings{miller2022temporal,
  title={Temporal Effects in Motion Behavior for Virtual Reality (VR) Biometrics},
  author={Miller, Robert and Banerjee, Natasha Kholgade and Banerjee, Sean},
  booktitle={2022 IEEE Conference on Virtual Reality and 3D User Interfaces (VR)},
  pages={563--572},
  year={2022},
  publisher={IEEE}, address={Piscataway, NJ}
}


@article{ge2020occluded,
  title={Occluded face recognition in the wild by identity-diversity inpainting},
  author={Ge, Shiming and Li, Chenyu and Zhao, Shengwei and Zeng, Dan},
  journal={IEEE Transactions on Circuits and Systems for Video Technology},
  volume={30},
  number={10},
  pages={3387--3397},
  year={2020},
  publisher={IEEE}
}

@phdthesis{jiangthesis,
    title    = {Towards Future Smart Kitchen using AI-driven Approaches with Multimodal Data},
    school   = {Clarkson University},
    author   = {Yijun Jiang},
    year = {2021}
}

@TechReport{LFWTechUpdate,
  author =       {Gary B. Huang Erik Learned-Miller},
  title =        {Labeled Faces in the Wild: Updates and New Reporting 
                  Procedures},
  institution =  {University of Massachusetts, Amherst},
  year =         2014,
  number =       {UM-CS-2014-003},
  month =        {May}}

@article{elmahmudi2019deep,
  title={Deep face recognition using imperfect facial data},
  author={Elmahmudi, Ali and Ugail, Hassan},
  journal={Future Generation Computer Systems},
  volume={99},
  pages={213--225},
  year={2019},
  publisher={Elsevier}
}


@inproceedings{xu2020touchpass,
  title={TouchPass: towards behavior-irrelevant on-touch user authentication on smartphones leveraging vibrations},
  author={Xu, Xiangyu and Yu, Jiadi and Chen, Yingying and Hua, Qin and Zhu, Yanmin and Chen, Yi-Chao and Li, Minglu},
  booktitle={Proc. MobiCOM},
  year={2020},
    publisher={ACM},
  address={New York, USA}

}



@article{kramer1991nonlinear,
  title={Nonlinear principal component analysis using autoassociative neural networks},
  author={Kramer, Mark A},
  journal={AIChE journal},
  volume={37},
  number={2},
  pages={233--243},
  year={1991},
  publisher={Wiley Online Library}
}
@inproceedings{taralova2011source,
  title={Source constrained clustering},
  author={Taralova, Ekaterina and De la Torre, Fernando and Hebert, Martial},
  booktitle={2011 International Conference on Computer Vision},
  pages={1927--1934},
  year={2011},
  publisher={IEEE}, address={Piscataway, NJ}
}

@article{shah2018deep,
  title={Deep continuous clustering},
  author={Shah, Sohil Atul and Koltun, Vladlen},
  journal={arXiv preprint arXiv:1803.01449},
  year={2018}
}
@article{huynh2009metrics,
  title={Metrics for 3{D} rotations: Comparison and analysis},
  author={Huynh, Du Q},
  journal={Journal of Mathematical Imaging and Vision},
  volume={35},
  number={2},
  year={2009},
  month=Oct,
}
@inproceedings{hadsell2006dimensionality,
  title={Dimensionality reduction by learning an invariant mapping},
  author={Hadsell, Raia and Chopra, Sumit and LeCun, Yann},
  booktitle={Proc. CVPR},
  year={2006},
  publisher={IEEE},
  address={New York, USA}
}
@article{geman1987statistical,
  title={Statistical methods for tomographic image reconstruction},
  author={Geman, Stuart},
  journal={Bull. Int. Stat. Inst},
  volume={4},
  pages={5--21},
  year={1987}
}


@incollection{zhu2017toward,
title = {Toward Multimodal Image-to-Image Translation},
author = {Zhu, Jun-Yan and Zhang, Richard and Pathak, Deepak and Darrell, Trevor and Efros, Alexei A and Wang, Oliver and Shechtman, Eli},
booktitle = {Advances in Neural Information Processing Systems 30},
editor = {I. Guyon and U. V. Luxburg and S. Bengio and H. Wallach and R. Fergus and S. Vishwanathan and R. Garnett},
pages = {465--476},
year = {2017},
publisher = {Curran Associates, Inc.},
url = {http://papers.nips.cc/paper/6650-toward-multimodal-image-to-image-translation.pdf}
}

@article{lowe2004distinctive,
  title={Distinctive image features from scale-invariant keypoints},
  author={Lowe, David G},
  journal={International Journal of Computer Vision},
  volume={60},
  number={2},
  year={2004},
  month={Nov}
}


@article{alonso2019cross,
  title={Cross-sensor periocular biometrics: A comparative benchmark including smartphone authentication},
  author={Alonso-Fernandez, Fernando and Raja, Kiran B and Raghavendra, Ramachandra and Busch, Christoph and Big{\"u}n, Josef and Vera-Rodr{\i}guez, Rub{\'e}n and Fi{\'e}rrez, Julian},
  journal={CoRR},
  year={2019}
}


@inproceedings{xiao2012fusion,
  title={Fusion of iris and periocular biometrics for cross-sensor identification},
  author={Xiao, Lihu and Sun, Zhenan and Tan, Tieniu},
  booktitle={Proc. CCBR},
  year={2012},
  publisher={Springer},
  address={Berlin, Germany}
}

@article{kandaswamy2017multi,
  title={Multi-source deep transfer learning for cross-sensor biometrics},
  author={Kandaswamy, Chetak and Monteiro, Joao C and Silva, Lu{\'\i}s M and Cardoso, Jaime S},
  journal={Neural Computing and Applications},
  volume={28},
  number={9},
  year={2017},
  month={Apr}
}


@inproceedings{raja2016dynamic,
  title={Dynamic scale selected Laplacian decomposed frequency response for cross-smartphone periocular verification in visible spectrum},
  author={Raja, Kiran B and Raghavendra, Ramachandra and Busch, Christoph},
  booktitle={Proc. FUSION},
  year={2016},
  publisher={IEEE}, address={Piscataway, NJ},
  address={New York, USA}
}

@article{santos2015fusing,
  title={Fusing iris and periocular information for cross-sensor recognition},
  author={Santos, Gil and Grancho, Emanuel and Bernardo, Marco V and Fiadeiro, Paulo T},
  journal={Pattern Recognition Letters},
  volume={57},
  pages={52--59},
  year={2015},
  month={May}
}


@inproceedings{chen20063d,
  title={3D touchless fingerprints: Compatibility with legacy rolled images},
  author={Chen, Yi and Parziale, Geppy and Diaz-Santana, Eva and Jain, Anil K},
  booktitle={Proc. BCC},
  year={2006},
publisher={IEEE},
  address={New York, USA}
}



@article{labati2015toward,
  title={Toward unconstrained fingerprint recognition: A fully touchless 3-D system based on two views on the move},
  author={Labati, Ruggero Donida and Genovese, Angelo and Piuri, Vincenzo and Scotti, Fabio},
  journal={IEEE transactions on systems, Man, and cybernetics: systems},
  volume={46},
  number={2},
  year={2015},
  month={Feb}
}

@inproceedings{lin2016improving,
  title={Improving cross sensor interoperability for fingerprint identification},
  author={Lin, Chenhao and Kumar, Ajay},
  booktitle={Proc. ICPR},
  publisher={IEEE},
  address={New York, USA},
  year={2016}
}

@article{liu2013touchless,
  title={Touchless multiview fingerprint acquisition and mosaicking},
  author={Liu, Feng and Zhang, David and Song, Changjiang and Lu, Guangming},
  journal={IEEE Transactions on Instrumentation and Measurement},
  volume={62},
  number={9},
  year={2013},
  month={Sep}
}

@inproceedings{ramaiah2016matching,
  title={On matching cross-spectral periocular images for accurate biometrics identification},
  author={Ramaiah, N Pattabhi and Kumar, Ajay},
  booktitle={Proc. BTAS},
  year={2016},
 publisher={IEEE},
  address={New York, USA}
}


@inproceedings{sharma2014cross,
  title={On cross spectral periocular recognition},
  author={Sharma, Anjali and Verma, Shalini and Vatsa, Mayank and Singh, Richa},
  booktitle={Proc. ICIP},
  year={2014},
  publisher={IEEE},
  address={New York, USA}
}


@inproceedings{jillela2014matching,
  title={Matching face against iris images using periocular information},
  author={Jillela, Raghavender and Ross, Arun},
  booktitle={Proc. ICIP},
  year={2014},
 publisher={IEEE},
  address={New York, USA}
}

@inproceedings{alonso2006sensor,
  title={Sensor interoperability and fusion in fingerprint verification: A case study using minutiae-and ridge-based matchers},
  author={Alonso-Fernandez, Fernando and Veldhuis, Raymond NJ and Bazen, Asker M and Fi{\'e}rrez-Aguilar, Julian and Ortega-Garcia, Javier},
  booktitle={Proc. ICCARV},
 year={2006},
publisher={IEEE},
  address={New York, USA}
  }


@inproceedings{ross2004biometric,
  title={Biometric sensor interoperability: A case study in fingerprints},
  author={Ross, Arun and Jain, Anil},
  booktitle={Proc. IWBA},
  year={2004},
publisher={Springer},
  address={Berlin, Germany}
}

@article{ross2008thin,
  title={A thin-plate spline calibration model for fingerprint sensor interoperability},
  author={Ross, Arun and Nadgir, Rohan},
  journal={IEEE Transactions on Knowledge and Data Engineering},
  volume={20},
  number={8},
  year={2008},
  month={Aug}
}


@article{lin2018cnn,
  title={A CNN-based framework for comparison of contactless to contact-based fingerprints},
  author={Lin, Chenhao and Kumar, Ajay},
  journal={IEEE Transactions on Information Forensics and Security},
  volume={14},
  number={3},
  year={2018},
  month={Mar}
}

@misc{workfromhome,
title={{These companies plan to make working from home the new normal. As in forever}},
howpublished={https://www.cnn.com/2020/05/22/tech/work-from-home-companies/index.html}
}

@misc{arcnbc,
title={{The tech industry is looking to replace the smartphone — and everybody is waiting to see what Apple comes up with}},
howpublished={https://www.cnbc.com/2021/02/20/apple-facebook-microsoft-battle-to-replace-smartphone-with-ar.html},
author={Kif Leswing}
}

@misc{livewire,
title={{Why AR Could Be More Popular Than Smartphones}},
howpublished={https://www.lifewire.com/why-ar-could-be-more-popular-than-smartphones-5200609},
author={Sascha Brodsky}
}

@misc{workfromhome2,
title={{2020 Remote Work From Home Cybersecurity Report | PulseSecure}},
howpublished={https://www.pulsesecure.net/resource/wfh\_cybersecurityreport/}
}

@inproceedings{khan2014itus,
  title={Itus: an implicit authentication framework for android},
  author={Khan, Hassan and Atwater, Aaron and Hengartner, Urs},
  booktitle={Proceedings of the 20th annual international conference on Mobile computing and networking},
  pages={507--518},
  year={2014}
}


@inproceedings{shen2015touch,
  title={Touch-interaction behavior for continuous user authentication on smartphones},
  author={Shen, Chao and Zhang, Yong and Cai, Zhongmin and Yu, Tianwen and Guan, Xiaohong},
  booktitle={2015 International Conference on Biometrics (ICB)},
  pages={157--162},
  year={2015},
  publisher={IEEE}, address={Piscataway, NJ}
}


@article{shen2015performance,
  title={Performance analysis of touch-interaction behavior for active smartphone authentication},
  author={Shen, Chao and Zhang, Yong and Guan, Xiaohong and Maxion, Roy A},
  journal={IEEE Transactions on Information Forensics and Security},
  volume={11},
  number={3},
  pages={498--513},
  year={2015},
  publisher={IEEE}
}


@inproceedings{feng2014tips,
  title={Tips: Context-aware implicit user identification using touch screen in uncontrolled environments},
  author={Feng, Tao and Yang, Jun and Yan, Zhixian and Tapia, Emmanuel Munguia and Shi, Weidong},
  booktitle={Proceedings of the 15th Workshop on Mobile Computing Systems and Applications},
  pages={1--6},
  year={2014}
}


@article{gepperth2019gradient,
  title={Gradient-based training of Gaussian Mixture Models in High-Dimensional Spaces},
  author={Gepperth, Alexander and Pf{\"u}lb, Benedikt},
  journal={arXiv preprint arXiv:1912.09379},
  year={2019}
}

@inproceedings{greenwood2017predicting,
  title={Predicting head pose from speech with a conditional variational autoencoder},
  author={Greenwood, David and Laycock, Stephen and Matthews, Iain},
  year={2017},
  booktitle={ISCA}
}

@article{tolosana2018exploring,
  title={Exploring recurrent neural networks for on-line handwritten signature biometrics},
  author={Tolosana, Ruben and Vera-Rodriguez, Ruben and Fierrez, Julian and Ortega-Garcia, Javier},
  journal={Ieee Access},
  volume={6},
  pages={5128--5138},
  year={2018},
  publisher={IEEE}
}

@inproceedings{baldi2012autoencoders,
  title={Autoencoders, unsupervised learning, and deep architectures},
  author={Baldi, Pierre},
  booktitle={Proceedings of ICML workshop on unsupervised and transfer learning},
  pages={37--49},
  year={2012}
}

@inproceedings{zhang2015touch,
  title={Touch gesture-based active user authentication using dictionaries},
  author={Zhang, Heng and Patel, Vishal M and Fathy, Mohammed and Chellappa, Rama},
  booktitle={2015 IEEE Winter Conference on Applications of Computer Vision},
  pages={207--214},
  year={2015},
  publisher={IEEE}, address={Piscataway, NJ}
}


@inproceedings{xu2014towards,
  title={Towards continuous and passive authentication via touch biometrics: An experimental study on smartphones},
  author={Xu, Hui and Zhou, Yangfan and Lyu, Michael R},
  booktitle={10th Symposium On Usable Privacy and Security ($\{$SOUPS$\}$ 2014)},
  pages={187--198},
  year={2014}
}


@inproceedings{mahbub2016active,
  title={Active user authentication for smartphones: A challenge data set and benchmark results},
  author={Mahbub, Upal and Sarkar, Sayantan and Patel, Vishal M and Chellappa, Rama},
  booktitle={2016 IEEE 8th international conference on biometrics theory, applications and systems (BTAS)},
  pages={1--8},
  year={2016},
  publisher={IEEE}, address={Piscataway, NJ}
}


@article{frank2012touchalytics,
  title={Touchalytics: On the applicability of touchscreen input as a behavioral biometric for continuous authentication},
  author={Frank, Mario and Biedert, Ralf and Ma, Eugene and Martinovic, Ivan and Song, Dawn},
  journal={IEEE transactions on information forensics and security},
  volume={8},
  number={1},
  pages={136--148},
  year={2012},
  publisher={IEEE}
}


@inproceedings{yang2014multimodal,
  title={A multimodal data set for evaluating continuous authentication performance in smartphones},
  author={Yang, Qing and Peng, Ge and Nguyen, David T and Qi, Xin and Zhou, Gang and Sitov{\'a}, Zde{\v{n}}ka and Gasti, Paolo and Balagani, Kiran S},
  booktitle={Proceedings of the 12th ACM Conference on Embedded Network Sensor Systems},
  pages={358--359},
  year={2014}
}


@inproceedings{centeno2017smartphone,
  title={Smartphone continuous authentication using deep learning autoencoders},
  author={Centeno, Mario Parreno and van Moorsel, Aad and Castruccio, Stefano},
  booktitle={2017 15th Annual Conference on Privacy, Security and Trust (PST)},
  pages={147--1478},
  year={2017},
  publisher={IEEE}, address={Piscataway, NJ}
}


@inproceedings{li2013unobservable,
  title={Unobservable re-authentication for smartphones.},
  author={Li, Lingjun and Zhao, Xinxin and Xue, Guoliang},
  booktitle={NDSS},
  volume={56},
  pages={57--59},
  year={2013}
}


@inproceedings{lin2012new,
  title={A new non-intrusive authentication method based on the orientation sensor for smartphone users},
  author={Lin, Chien-Cheng and Chang, Chin-Chun and Liang, Deron and Yang, Ching-Han},
  booktitle={2012 IEEE Sixth International Conference on Software Security and Reliability},
  pages={245--252},
  year={2012},
  publisher={IEEE}, address={Piscataway, NJ}
}


@article{zhang2017deep,
  title={Deep unsupervised clustering using mixture of autoencoders},
  author={Zhang, Dejiao and Sun, Yifan and Eriksson, Brian and Balzano, Laura},
  journal={arXiv preprint arXiv:1712.07788},
  year={2017}
}


@inproceedings{centeno2018mobile,
  title={Mobile based continuous authentication using deep features},
  author={Centeno, Mario Parre{\~n}o and Guan, Yu and van Moorsel, Aad},
  booktitle={Proceedings of the 2nd International Workshop on Embedded and Mobile Deep Learning},
  pages={19--24},
  year={2018}
}


@inproceedings{mansur2014cross,
  title={Cross-view gait recognition using view-dependent discriminative analysis},
  author={Mansur, Al and Makihara, Yasushi and Muramatsu, Daigo and Yagi, Yasushi},
  booktitle={IEEE international joint conference on biometrics},
  pages={1--8},
  year={2014},
  publisher={IEEE}, address={Piscataway, NJ}
}

@inproceedings{zhang2016siamese,
  title={Siamese neural network based gait recognition for human identification},
  author={Zhang, Cheng and Liu, Wu and Ma, Huadong and Fu, Huiyuan},
  booktitle={2016 IEEE International Conference on Acoustics, Speech and Signal Processing (ICASSP)},
  pages={2832--2836},
  year={2016},
  publisher={IEEE}, address={Piscataway, NJ}
}

@inproceedings{chao2019gaitset,
  title={Gaitset: Regarding gait as a set for cross-view gait recognition},
  author={Chao, Hanqing and He, Yiwei and Zhang, Junping and Feng, Jianfeng},
  booktitle={Proceedings of the AAAI Conference on Artificial Intelligence},
  volume={33},
  pages={8126--8133},
  year={2019}
}
@article{xu2020cross,
  title={Cross-View Gait Recognition using Pairwise Spatial Transformer Networks},
  author={Xu, Chi and Makihara, Yasushi and Li, Xiang and Yagi, Yasushi and Lu, Jianfeng},
  journal={IEEE Transactions on Circuits and Systems for Video Technology},
  year={2020},
  publisher={IEEE}
}


@article{takemura2018multi,
  title={Multi-view large population gait dataset and its performance evaluation for cross-view gait recognition},
  author={Takemura, Noriko and Makihara, Yasushi and Muramatsu, Daigo and Echigo, Tomio and Yagi, Yasushi},
  journal={IPSJ Transactions on Computer Vision and Applications},
  volume={10},
  number={1},
  pages={4},
  year={2018},
  publisher={Springer},
    address={Berlin, Germany}
}


@article{wu2016comprehensive,
  title={A comprehensive study on cross-view gait based human identification with deep cnns},
  author={Wu, Zifeng and Huang, Yongzhen and Wang, Liang and Wang, Xiaogang and Tan, Tieniu},
  journal={IEEE transactions on pattern analysis and machine intelligence},
  volume={39},
  number={2},
  pages={209--226},
  year={2016},
  publisher={IEEE}
}


@article{takemura2017input,
  title={On input/output architectures for convolutional neural network-based cross-view gait recognition},
  author={Takemura, Noriko and Makihara, Yasushi and Muramatsu, Daigo and Echigo, Tomio and Yagi, Yasushi},
  journal={IEEE Transactions on Circuits and Systems for Video Technology},
  year={2017},
  publisher={IEEE}
}



@article{sekhar2019osvnet,
  title={Osvnet: Convolutional siamese network for writer independent online signature verification},
  author={Sekhar, Chandra and Mukherjee, Prerana and Guru, Devanur S and Pulabaigari, Viswanath},
  journal={arXiv preprint arXiv:1904.00240},
  year={2019}
}


@inproceedings{wu2019prewarping,
  title={Prewarping Siamese network: Learning local representations for online signature verification},
  author={Wu, Xiaomeng and Kimura, Akisato and Uchida, Seiichi and Kashino, Kunio},
  booktitle={ICASSP 2019-2019 IEEE International Conference on Acoustics, Speech and Signal Processing (ICASSP)},
  pages={2467--2471},
  year={2019},
  publisher={IEEE}, address={Piscataway, NJ}
}


@article{ahrabian2019usage,
  title={Usage of autoencoders and Siamese networks for online handwritten signature verification},
  author={Ahrabian, Kian and BabaAli, Bagher},
  journal={Neural Computing and Applications},
  volume={31},
  number={12},
  pages={9321--9334},
  year={2019},
  publisher={Springer},
    address={Berlin, Germany}
}


@inproceedings{deb2019actions,
  title={Actions Speak Louder Than (Pass) words: Passive Authentication of Smartphone* Users via Deep Temporal Features},
  author={Deb, Debayan and Ross, Arun and Jain, Anil K and Prakah-Asante, Kwaku and Prasad, K Venkatesh},
  booktitle={2019 International Conference on Biometrics (ICB)},
  pages={1--8},
  year={2019},
  publisher={IEEE}, address={Piscataway, NJ}
}


@inproceedings{suh2016echo,
  title={Echo-state conditional variational autoencoder for anomaly detection},
  author={Suh, Suwon and Chae, Daniel H and Kang, Hyon-Goo and Choi, Seungjin},
  booktitle={2016 International Joint Conference on Neural Networks (IJCNN)},
  pages={1015--1022},
  year={2016},
  publisher={IEEE}, address={Piscataway, NJ}
}

@book{goodfellow2016deep,
  title={Deep learning},
  author={Goodfellow, Ian and Bengio, Yoshua and Courville, Aaron},
  year={2016},
  publisher={MIT press}
}

@inproceedings{wu2019data,
  title={Data Augmentation Using Variational Autoencoder for Embedding Based Speaker Verification.},
  author={Wu, Zhanghao and Wang, Shuai and Qian, Yanmin and Yu, Kai},
  booktitle={INTERSPEECH},
  pages={1163--1167},
  year={2019}
}


@article{chettri2020deep,
  title={Deep generative variational autoencoding for replay spoof detection in automatic speaker verification},
  author={Chettri, Bhusan and Kinnunen, Tomi and Benetos, Emmanouil},
  journal={Computer Speech \& Language},
  pages={101092},
  year={2020},
  publisher={Elsevier}
}


@article{zhao2017learning,
  title={Learning discourse-level diversity for neural dialog models using conditional variational autoencoders},
  author={Zhao, Tiancheng and Zhao, Ran and Eskenazi, Maxine},
  journal={arXiv preprint arXiv:1703.10960},
  year={2017}
}

@article{veres2017modeling,
  title={Modeling grasp motor imagery through deep conditional generative models},
  author={Veres, Matthew and Moussa, Medhat and Taylor, Graham W},
  journal={IEEE Robotics and Automation Letters},
  volume={2},
  number={2},
  pages={757--764},
  year={2017},
  publisher={IEEE}
}



@article{lombardi2018deep,
  title={Deep appearance models for face rendering},
  author={Lombardi, Stephen and Saragih, Jason and Simon, Tomas and Sheikh, Yaser},
  journal={ACM Transactions on Graphics (TOG)},
  volume={37},
  number={4},
  pages={68},
  year={2018},
  publisher={ACM}
}

@inproceedings{bao2017cvae,
  title={CVAE-GAN: fine-grained image generation through asymmetric training},
  author={Bao, Jianmin and Chen, Dong and Wen, Fang and Li, Houqiang and Hua, Gang},
  booktitle={Proceedings of the IEEE International Conference on Computer Vision},
  pages={2745--2754},
  year={2017}
}

@inproceedings{isola2017image,
  title={Image-to-image translation with conditional adversarial networks},
  author={Isola, Phillip and Zhu, Jun-Yan and Zhou, Tinghui and Efros, Alexei A},
  booktitle={Proceedings of the IEEE conference on computer vision and pattern recognition},
  pages={1125--1134},
  year={2017}
}

@inproceedings{sohn2015learning,
  title={Learning structured output representation using deep conditional generative models},
  author={Sohn, Kihyuk and Lee, Honglak and Yan, Xinchen},
  booktitle={Advances in neural information processing systems},
  pages={3483--3491},
  year={2015}
}

@inproceedings{jiang2019pred1,
  title={Prediction  of  Human  Grasp  Distribution  on  Objects  using  Conditional Variational  Autoencoders \textbf{[Under Review]}},
  author={Jiang, Yijun and Banerjee, Sean and Banerjee, Natasha Kholgade},
  booktitle={},
  year={}
}

@inproceedings{krizhevsky2012imagenet,
  title={Imagenet classification with deep convolutional neural networks},
  author={Krizhevsky, Alex and Sutskever, Ilya and Hinton, Geoffrey E},
  booktitle={Advances in neural information processing systems},
  pages={1097--1105},
  year={2012}
}


@article{fawaz2019deep,
  title={Deep learning for time series classification: a review},
  author={Fawaz, Hassan Ismail and Forestier, Germain and Weber, Jonathan and Idoumghar, Lhassane and Muller, Pierre-Alain},
  journal={Data Mining and Knowledge Discovery},
  volume={33},
  number={4},
  pages={917--963},
  year={2019},
  publisher={Springer},
    address={Berlin, Germany}
}


@article{wright2015coordinate,
  title={Coordinate descent algorithms},
  author={Wright, Stephen J},
  journal={Mathematical Programming},
  volume={151},
  number={1},
  pages={3--34},
  year={2015},
  publisher={Springer},
    address={Berlin, Germany}
}


@incollection{bottou2010large,
  title={Large-scale machine learning with stochastic gradient descent},
  author={Bottou, L{\'e}on},
  booktitle={Proceedings of COMPSTAT'2010},
  pages={177--186},
  year={2010},
  publisher={Springer},
    address={Berlin, Germany}
}


@article{malik2019adlauth,
  title={ADLAuth: Passive authentication based on activity of daily living using heterogeneous sensing in smart cities},
  author={Malik, Maryam Naseer and Azam, Muhammad Awais and Ehatisham-Ul-Haq, Muhammad and Ejaz, Waleed and Khalid, Asra},
  journal={Sensors},
  volume={19},
  number={11},
  pages={2466},
  year={2019},
  publisher={Multidisciplinary Digital Publishing Institute}
}

@article{muramatsu2015view,
  title={View transformation model incorporating quality measures for cross-view gait recognition},
  author={Muramatsu, Daigo and Makihara, Yasushi and Yagi, Yasushi},
  journal={IEEE transactions on cybernetics},
  volume={46},
  number={7},
  pages={1602--1615},
  year={2015},
  publisher={IEEE}
}


@article{kusakunniran2013new,
  title={A new view-invariant feature for cross-view gait recognition},
  author={Kusakunniran, Worapan and Wu, Qiang and Zhang, Jian and Ma, Yi and Li, Hongdong},
  journal={IEEE Transactions on Information Forensics and Security},
  volume={8},
  number={10},
  pages={1642--1653},
  year={2013},
  publisher={IEEE}
}

@article{hu2013view,
  title={View-invariant discriminative projection for multi-view gait-based human identification},
  author={Hu, Maodi and Wang, Yunhong and Zhang, Zhaoxiang and Little, James J and Huang, Di},
  journal={IEEE Transactions on Information Forensics and Security},
  volume={8},
  number={12},
  pages={2034--2045},
  year={2013},
  publisher={IEEE}
}


@article{singh2020significant,
  title={Significant applications of virtual reality for COVID-19 pandemic},
  author={Singh, Ravi Pratap and Javaid, Mohd and Kataria, Ravinder and Tyagi, Mohit and Haleem, Abid and Suman, Rajiv},
  journal={Diabetes \& Metabolic Syndrome: Clinical Research \& Reviews},
  year={2020},
  publisher={Elsevier}
}

@article{hoang2013adaptive,
  title={Adaptive Cross-Device Gait Recognition Using a Mobile Accelerometer.},
  author={Hoang, Thang and Nguyen, Thuc Dinh and Luong, Chuyen and Do, Son and Choi, Deokjai},
  journal={JIPS},
  volume={9},
  number={2},
  pages={333},
  year={2013}
}



@inproceedings{gafurov2007survey,
  title={A survey of biometric gait recognition: Approaches, security and challenges},
  author={Gafurov, Davrondzhon},
  booktitle={Annual Norwegian computer science conference},
  pages={19--21},
  year={2007},
  publisher={Annual Norwegian Computer Science Conference Norway}
}

@inproceedings{bashir2010cross,
  title={Cross view gait recognition using correlation strength.},
  author={Bashir, Khalid and Xiang, Tao and Gong, Shaogang},
  booktitle={Bmvc},
  pages={1--11},
  year={2010}
}

@article{kusakunniran2012cross,
  title={Cross-view and multi-view gait recognitions based on view transformation model using multi-layer perceptron},
  author={Kusakunniran, Worapan and Wu, Qiang and Zhang, Jian and Li, Hongdong},
  journal={Pattern Recognition Letters},
  volume={33},
  number={7},
  pages={882--889},
  year={2012},
  publisher={Elsevier}
}


@article{derawi2010accelerometer,
  title={Accelerometer-based gait analysis, a survey},
  author={Derawi, Mohammad Omar},
  journal={Nor Informasjonssikkerhetskonferanse NISK},
  volume={1},
  year={2010}
}

@article{wan2018survey,
  title={A survey on gait recognition},
  author={Wan, Changsheng and Wang, Li and Phoha, Vir V},
  journal={ACM Computing Surveys (CSUR)},
  volume={51},
  number={5},
  pages={1--35},
  year={2018},
  publisher={ACM New York, NY, USA}
}

@article{connor2018biometric,
  title={Biometric recognition by gait: A survey of modalities and features},
  author={Connor, Patrick and Ross, Arun},
  journal={Computer Vision and Image Understanding},
  volume={167},
  pages={1--27},
  year={2018},
  publisher={Elsevier}
}

@article{rida2018robust,
  title={Robust gait recognition: a comprehensive survey},
  author={Rida, Imad and Almaadeed, Noor and Almaadeed, Somaya},
  journal={IET Biometrics},
  volume={8},
  number={1},
  pages={14--28},
  year={2018},
  publisher={IET}
}

@article{singh2018vision,
  title={Vision-based gait recognition: A survey},
  author={Singh, Jasvinder Pal and Jain, Sanjeev and Arora, Sakshi and Singh, Uday Pratap},
  journal={IEEE Access},
  volume={6},
  pages={70497--70527},
  year={2018},
  publisher={IEEE}
}

@inproceedings{aumi2014airauth,
  title={AirAuth: towards attack-resilient biometric authentication using in-air gestures},
  author={Aumi, Md Tanvir Islam and Kratz, Sven},
  booktitle={CHI'14 Extended Abstracts on Human Factors in Computing Systems},
  pages={1585--1590},
  year={2014}
}
@inproceedings{chan2015leap,
  title={Leap motion controller for authentication via hand geometry and gestures},
  author={Chan, Alexander and Halevi, Tzipora and Memon, Nasir},
  booktitle={International Conference on Human Aspects of Information Security, Privacy, and Trust},
  pages={13--22},
  year={2015},
  publisher={Springer},
    address={Berlin, Germany}
}

@inproceedings{groenewald2016understanding,
  title={Understanding 3D mid-air hand gestures with interactive surfaces and displays: a systematic literature review},
  author={Groenewald, Celeste and Anslow, Craig and Islam, Junayed and Rooney, Chris and Passmore, Peter J and Wong, BL},
  year={2016},
  booktitle={International BCS Human Computer Interaction Conference}
}

@inproceedings{chopra2005learning,
  title={Learning a similarity metric discriminatively, with application to face verification},
  author={Chopra, Sumit and Hadsell, Raia and LeCun, Yann},
  booktitle={2005 IEEE Computer Society Conference on Computer Vision and Pattern Recognition (CVPR'05)},
  volume={1},
  pages={539--546},
  year={2005},
  publisher={IEEE}, address={Piscataway, NJ}
}


@article{lepetit2009epnp,
  title={Epnp: An accurate o (n) solution to the pnp problem},
  author={Lepetit, Vincent and Moreno-Noguer, Francesc and Fua, Pascal},
  journal={International journal of computer vision},
  volume={81},
  number={2},
  pages={155},
  year={2009},
  publisher={Springer},
    address={Berlin, Germany}
}


@article{feng2019virtual,
  title={Virtual Reality Rehabilitation Versus Conventional Physical Therapy for Improving Balance and Gait in Parkinson’s Disease Patients: A Randomized Controlled Trial},
  author={Feng, Hao and Li, Cuiyun and Liu, Jiayu and Wang, Liang and Ma, Jing and Li, Guanglei and Gan, Lu and Shang, Xiaoying and Wu, Zhixuan},
  journal={Medical science monitor: international medical journal of experimental and clinical research},
  volume={25},
  pages={4186},
  year={2019},
  publisher={International Scientific Information, Inc.}
}


@article{mathis2020fast,
  title={Fast and Secure Authentication in Virtual Reality using Coordinated 3D Manipulation and Pointing},
  author={Mathis, Florian and Williamson, John H and Vaniea, Kami and Khamis, Mohamed},
  journal={ACM Transactions on Computer-Human Interaction},
  year={2021},
  volume={6},
  number={1},
  month={Jan},
  pages={1--1}
}


@incollection{xue2019virtual,
  title={A virtual reality and retailing literature review: Current focus, underlying themes and future directions},
  author={Xue, Liangchao and Parker, Christopher J and McCormick, Helen},
  booktitle={Augmented Reality and Virtual Reality},
  pages={27--41},
  year={2019},
  publisher={Springer},
  address={Berlin, Germany}
}


@article{snoswell2019immersive,
  title={Immersive Virtual Reality in Health Care: Systematic Review of Technology and Disease States},
  author={Snoswell, Aaron J and Snoswell, Centaine L},
  journal={JMIR Biomedical Engineering},
  volume={4},
  number={1},
  month={Jan-Dec},
  year={2019},
}

@article{bracq2019virtual,
  title={Virtual reality simulation in nontechnical skills training for healthcare professionals: A systematic review},
  author={Bracq, Marie-St{\'e}phanie and Michinov, Estelle and Jannin, Pierre},
  journal={Simulation in Healthcare},
  volume={14},
  number={3},
  month={Jun},
  year={2019},
}


@inproceedings{concannon2019head,
  title={Head-Mounted Display Virtual Reality in Post-Secondary Education and Skill Training: A Systematic Review},
  author={Concannon, Brendan J and Esmail, Shaniff and Roduta Roberts, Mary},
  booktitle={Proc. FIE},
  year={2019},
  publisher={Frontiers},
  address={Switzerland}
}


@article{pizzi2019virtual,
  title={Virtual reality, real reactions?: Comparing consumers' perceptions and shopping orientation across physical and virtual-reality retail stores},
  author={Pizzi, Gabriele and Scarpi, Daniele and Pichierri, Marco and Vannucci, Virginia},
  journal={Computers in Human Behavior},
  volume={96},
  number={0},
  month={Jul},
  year={2019},
  pages={1--1},
  publisher={Elsevier},
  address={Amsterdam, Netherlands}
}

@article{maggio2019growing,
  title={The growing use of virtual reality in cognitive rehabilitation: fact, fake or vision? A scoping review},
  author={Maggio, Maria Grazia and Maresca, Giuseppa and De Luca, Rosaria and Stagnitti, Maria Chiara and Porcari, Bruno and Ferrera, Maria Cristina and Galletti, Franco and Casella, Carmela and Manuli, Alfredo and Calabr{\`o}, Rocco Salvatore},
  journal={Journal of the National Medical Association},
  volume={111},
  number={4},
  month={Aug},
  year={2019},
}

@article{kyaw2019virtual,
  title={Virtual reality for health professions education: systematic review and meta-analysis by the digital health education collaboration},
  author={Kyaw, Bhone Myint and Saxena, Nakul and Posadzki, Pawel and Vseteckova, Jitka and Nikolaou, Charoula Konstantia and George, Pradeep Paul and Divakar, Ushashree and Masiello, Italo and Kononowicz, Andrzej A and Zary, Nabil and others},
  journal={Journal of medical Internet research},
  volume={21},
  number={1},
  month={Jan},
  year={2019},
}

@inproceedings{singh2017disguised,
  title={Disguised face identification (dfi) with facial keypoints using spatial fusion convolutional network},
  author={Singh, Amarjot and Patil, Devendra and Reddy, Meghana and Omkar, SN},
  booktitle={Proceedings of the IEEE International Conference on Computer Vision Workshops},
  pages={1648--1655},
  year={2017}
}


@article{wei2019vr,
  title={Vr facial animation via multiview image translation},
  author={Wei, Shih-En and Saragih, Jason and Simon, Tomas and Harley, Adam W and Lombardi, Stephen and Perdoch, Michal and Hypes, Alexander and Wang, Dawei and Badino, Hernan and Sheikh, Yaser},
  journal={ACM Transactions on Graphics (TOG)},
  volume={38},
  number={4},
  pages={1--16},
  year={2019},
  publisher={ACM New York, NY, USA}
}
@inproceedings{fang2021iris,
  title={Iris presentation attack detection by attention-based and deep pixel-wise binary supervision network},
  author={Fang, Meiling and Damer, Naser and Boutros, Fadi and Kirchbuchner, Florian and Kuijper, Arjan},
  booktitle={2021 IEEE International Joint Conference on Biometrics (IJCB)},
  pages={1--8},
  year={2021},
  publisher={IEEE}, address={Piscataway, NJ}
}
@article{omelina2021survey,
  title={A survey of iris datasets},
  author={Omelina, Lubos and Goga, Jozef and Pavlovicova, Jarmila and Oravec, Milos and Jansen, Bart},
  journal={Image and Vision Computing},
  volume={108},
  pages={104109},
  year={2021},
  publisher={Elsevier}
}

@inproceedings{yadav2020relativistic,
  title={Relativistic discriminator: A one-class classifier for generalized iris presentation attack detection},
  author={Yadav, Shivangi and Chen, Cunjian and Ross, Arun},
  booktitle={Proceedings of the IEEE/CVF Winter Conference on Applications of Computer Vision},
  pages={2635--2644},
  year={2020},
    publisher={IEEE}, address={Piscataway, NJ}

}
@article{safaa2020deep,
  title={Deep convolutional neural networks for face and iris presentation attack detection: Survey and case study},
  author={Safaa El-Din, Yomna and Moustafa, Mohamed N and Mahdi, Hani},
  journal={IET Biometrics},
  volume={9},
  number={5},
  pages={179--193},
  year={2020},
  publisher={Wiley Online Library}
}
@article{abdullakutty2021review,
  title={A review of state-of-the-art in Face Presentation Attack Detection: From early development to advanced deep learning and multi-modal fusion methods},
  author={Abdullakutty, Faseela and Elyan, Eyad and Johnston, Pamela},
  journal={Information fusion},
  volume={75},
  pages={55--69},
  year={2021},
  publisher={Elsevier}
}


@article{shang2020secure,
  title={Secure voice input on augmented reality headsets},
  author={Shang, Jiacheng and Wu, Jie},
  journal={IEEE Transactions on Mobile Computing},
  year={2020},
  publisher={IEEE}
}

@inproceedings{song2019occlusion,
  title={Occlusion robust face recognition based on mask learning with pairwise differential siamese network},
  author={Song, Lingxue and Gong, Dihong and Li, Zhifeng and Liu, Changsong and Liu, Wei},
  booktitle={Proceedings of the IEEE/CVF International Conference on Computer Vision},
  pages={773--782},
  year={2019},
    publisher={IEEE}, address={Piscataway, NJ}
}

@article{latif2014movement,
  title={Movement coordination during conversation},
  author={Latif, Nida and Barbosa, Adriano V and Vatiokiotis-Bateson, Eric and Castelhano, Monica S and Munhall, KG},
  journal={PLoS one},
  volume={9},
  number={8},
  pages={e105036},
  year={2014},
  publisher={Public Library of Science San Francisco, USA}
}
@article{timme2020affect,
  title={Affect and exertion during incremental physical exercise: Examining changes using automated facial action analysis and experiential self-report},
  author={Timme, Sinika and Brand, Ralf},
  journal={PloS one},
  volume={15},
  number={2},
  pages={e0228739},
  year={2020},
  publisher={Public Library of Science San Francisco, CA USA}
}


@inproceedings{xu2020improving,
  title={On Improving the Generalization of Face Recognition in the Presence of Occlusions},
  author={Xu, Xiang and Sarafianos, Nikolaos and Kakadiaris, Ioannis A},
  booktitle={Proceedings of the IEEE/CVF Conference on Computer Vision and Pattern Recognition Workshops},
  pages={798--799},
  year={2020},
    publisher={IEEE}, address={Piscataway, NJ}

}


@inproceedings{he2018dynamic,
  title={Dynamic feature learning for partial face recognition},
  author={He, Lingxiao and Li, Haiqing and Zhang, Qi and Sun, Zhenan},
  booktitle={Proceedings of the IEEE conference on computer vision and pattern recognition},
  pages={7054--7063},
  year={2018}
}


@article{radianti2020systematic,
  title={A systematic review of immersive virtual reality applications for higher education: Design elements, lessons learned, and research agenda},
  author={Radianti, Jaziar and Majchrzak, Tim A and Fromm, Jennifer and Wohlgenannt, Isabell},
  journal={Computers \& Education},
  volume={147},
  number={0},
  month={Apr},
  year={2020},
}


@article{chen2016ensemble,
  title={An ensemble of patch-based subspaces for makeup-robust face recognition},
  author={Chen, Cunjian and Dantcheva, Antitza and Ross, Arun},
  journal={Information fusion},
  volume={32},
  pages={80--92},
  year={2016},
  publisher={Elsevier}
}
@TechReport{LFWTech,
  author =       {Gary B. Huang and Manu Ramesh and Tamara Berg and 
                  Erik Learned-Miller},
  title =        {Labeled Faces in the Wild: A Database for Studying 
                  Face Recognition in Unconstrained Environments},
  institution =  {University of Massachusetts, Amherst},
  year =         2007,
  number =       {07-49},
  month =        {October}}

@article{miller2020personal,
  title={Personal identifiability of user tracking data during observation of 360-degree VR video},
  author={Miller, Mark Roman and Herrera, Fernanda and Jun, Hanseul and Landay, James A and Bailenson, Jeremy N},
  journal={Scientific Reports},
  volume={10},
  number={1},
  pages={1--10},
  year={2020},
  publisher={Nature Publishing Group}
}


@article{grande2020edge,
  title={Edge-centric delegation of authorization for constrained devices in the Internet of Things},
  author={Grande, El{\'\i}as and Beltr{\'a}n, Marta},
  journal={Computer Communications},
  volume={160},
  pages={464--474},
  year={2020},
  publisher={Elsevier}
}


@article{castelli2021students,
  title={Why students do not turn on their video cameras during online classes and an equitable and inclusive plan to encourage them to do so},
  author={Castelli, Frank R and Sarvary, Mark A},
  journal={Ecology and Evolution},
  volume={11},
  number={8},
  pages={3565--3576},
  year={2021},
  publisher={Wiley Online Library}
}


@misc{prototype,
title={{Facebook’s Prototype VR Face Tracking Got Even Better}},
author={Heaney, David},
year={2019},
howpublished={https://uploadvr.com/frl-multiview-face-tracking/}
}

@misc{riva2020cyberpsychology,
  title={How Cyberpsychology and Virtual Reality Can Help Us to Overcome the Psychological Burden of Coronavirus},
  author={Riva, Giuseppe and Wiederhold, Brenda K},
  year={2020},
  publisher={Mary Ann Liebert, Inc., publishers 140 Huguenot Street, 3rd Floor New~…}
}


@misc{vrdoc,
title={Doctors and nurses are using VR to learn skills to treat coronavirus patients},
howpublished={https://www.cnn.com/2020/04/21/tech/vr-training-coronavirus/index.html}}

@misc{htc,
title={HTC Vive},
howpublished={https://en.wikipedia.org/wiki/HTC\_Vive}}

@misc{vrbank,
title={10 Ways Banks And Credit Unions Are Using Virtual Reality},
howpublished={https://thefinancialbrand.com/68593/banks-credit-unions-finances-virtual-reality/}
}

@article{farivc2021virtual,
  title={A virtual reality exergame to engage adolescents in physical activity: Mixed methods study describing the formative intervention development process},
  author={Fari{\v{c}}, Nu{\v{s}}a and Smith, Lee and Hon, Adrian and Potts, Henry WW and Newby, Katie and Steptoe, Andrew and Fisher, Abi and others},
  journal={Journal of medical Internet research},
  volume={23},
  number={2},
  pages={e18161},
  year={2021},
  publisher={JMIR Publications Inc., Toronto, Canada}
}



@article{benzing2018exergaming,
  title={Exergaming for children and adolescents: strengths, weaknesses, opportunities and threats},
  author={Benzing, Valentin and Schmidt, Mirko},
  journal={Journal of clinical medicine},
  volume={7},
  number={11},
  pages={422},
  year={2018},
  publisher={MDPI}
}


@inproceedings{karaosmanoglu2022canoe,
  title={Canoe VR: An Immersive Exergame to Support Cognitive and Physical Exercises of Older Adults},
  author={Karaosmanoglu, Sukran and Kruse, Lucie and Rings, Sebastian and Steinicke, Frank},
  booktitle={CHI Conference on Human Factors in Computing Systems Extended Abstracts},
  pages={1--7},
  year={2022},
  publisher={ACM},
  address={New York, NY}
}

@article{mehrabi2021seas,
  title={Seas the day: Co-designing immersive virtual reality exergames with exercise professionals and people living with dementia},
  author={Mehrabi, Samira and Mu{\~n}oz, John E and Basharat, Aysha and Li, Yiru and Middleton, Laura E and Cao, Shi and Barnett-Cowan, Michael and Boger, Jennifer},
  journal={Alzheimer's \& Dementia},
  volume={17},
  pages={e051278},
  year={2021},
  publisher={Wiley Online Library}
}


@article{munoz2022immersive,
  title={Immersive Virtual Reality Exergames for Persons Living With Dementia: User-Centered Design Study as a Multistakeholder Team During the COVID-19 Pandemic},
  author={Mu{\~n}oz, John and Mehrabi, Samira and Li, Yirou and Basharat, Aysha and Middleton, Laura E and Cao, Shi and Barnett-Cowan, Michael and Boger, Jennifer and others},
  journal={JMIR Serious Games},
  volume={10},
  number={1},
  pages={e29987},
  year={2022},
  publisher={JMIR Publications Inc., Toronto, Canada}
}

@inproceedings{rings2020memory,
  title={Memory journalist: creating virtual reality Exergames for the treatment of older adults with dementia},
  author={Rings, Sebastian and Steinicke, Frank and Picker, Tobias and Prasuhn, Caspar},
  booktitle={2020 IEEE Conference on Virtual Reality and 3D User Interfaces Abstracts and Workshops (VRW)},
  pages={686--687},
  year={2020},
  publisher={IEEE}, address={Piscataway, NJ}
}


@inproceedings{xu2021effect,
  title={Effect of gameplay uncertainty, display type, and age on virtual reality exergames},
  author={Xu, Wenge and Liang, Hai-Ning and Yu, Kangyou and Baghaei, Nilufar},
  booktitle={Proceedings of the 2021 CHI Conference on Human Factors in Computing Systems},
  pages={1--14},
  year={2021}
}


@article{mehrabi2022immersive,
  title={Immersive Virtual Reality Exergames to Promote the Well-being of Community-Dwelling Older Adults: Protocol for a Mixed Methods Pilot Study},
  author={Mehrabi, Samira and Mu{\~n}oz, John E and Basharat, Aysha and Boger, Jennifer and Cao, Shi and Barnett-Cowan, Michael and Middleton, Laura E and others},
  journal={JMIR Research Protocols},
  volume={11},
  number={6},
  pages={e32955},
  year={2022},
  publisher={JMIR Publications Inc., Toronto, Canada}
}


@misc{vred,
title={EON Reality Releases New Remote AR and VR Packages for Education, Government, and Industry},
howpublished={EON Reality Releases New Remote AR and VR Packages for Education, Government, and Industry}
}

@misc{icaros,
howpublished={{https://www.icaros.com/en/}}
}

@misc{vrxr,
title={Coronavirus (COVID-19) Patients and Healthcare Professionals Utilize VR Telehealth},
howpublished={https://www.xr.health/coronavirus-covid-19-patients-and-healthcare-professionals-utilize-vr-telehealth/}
}

@misc{vraccenture,
title={Virtual reality in the time of COVID-19},
howpublished={https://www.accenture.com/us-en/blogs/interactive-insights-blog/virtual-reality-in-the-time-of-covid-19}
}



@misc{vrsoc1,
title={AltspaceVR Inc | Be there together},
howpublished={https://altvr.com/}
}

@misc{vrsoc2,
title={Ready Player What? Facebook announces a new VR social network},
howpublished={https://thenextweb.com/facebook/2019/09/25/ready-player-what-facebook-announces-a-new-vr-social-network/}
}

@misc{dd,
title={Been drinking? Virtual designated driver doesn’t need to be in the car to drive},
howpublished={https://www.staugustine.com/news/20190716/been-drinking-virtual-designated-driver-doesnt-need-to-be-in-car-to-drive}
}

@inproceedings{besl1992method,
  title={Method for registration of 3-D shapes},
  author={Besl, Paul J and McKay, Neil D},
  booktitle={Sensor fusion IV: control paradigms and data structures},
  volume={1611},
  pages={586--606},
  year={1992},
  publisher={International Society for Optics and Photonics}
}

@inproceedings{berndt1994using,
  title={Using dynamic time warping to find patterns in time series.},
  author={Berndt, Donald J and Clifford, James},
  booktitle={KDD workshop},
  volume={10},
  pages={359--370},
  year={1994},
  publisher={Seattle, WA}
}
@inproceedings{yang2000data,
  title={Data visualization and feature selection: New algorithms for nongaussian data},
  author={Yang, Howard Hua and Moody, John},
  booktitle={Advances in neural information processing systems},
  pages={687--693},
  year={2000}
}

@book{hartley2003multiple,
  title={Multiple view geometry in computer vision},
  author={Hartley, Richard and Zisserman, Andrew},
  year={2003},
  publisher={Cambridge university press}
}


@article{cao2018openpose,
  author = {Z. {Cao} and G. {Hidalgo Martinez} and T. {Simon} and S. {Wei} and Y. A. {Sheikh}},
  journal = {IEEE Transactions on Pattern Analysis and Machine Intelligence},
  title = {OpenPose: Realtime Multi-Person 2D Pose Estimation using Part Affinity Fields},
  year = {2019}
}


@inproceedings{fan2016video,
  title={Video-based emotion recognition using CNN-RNN and C3D hybrid networks},
  author={Fan, Yin and Lu, Xiangju and Li, Dian and Liu, Yuanliu},
  booktitle={Proceedings of the 18th ACM International Conference on Multimodal Interaction},
  pages={445--450},
  year={2016},
  publisher={ACM}
}


@article{ullah2017action,
  title={Action recognition in video sequences using deep bi-directional LSTM with CNN features},
  author={Ullah, Amin and Ahmad, Jamil and Muhammad, Khan and Sajjad, Muhammad and Baik, Sung Wook},
  journal={IEEE Access},
  volume={6},
  pages={1155--1166},
  year={2017},
  publisher={IEEE}
}


@inproceedings{huang2015sign,
  title={Sign language recognition using 3d convolutional neural networks},
  author={Huang, Jie and Zhou, Wengang and Li, Houqiang and Li, Weiping},
  booktitle={2015 IEEE international conference on multimedia and expo (ICME)},
  pages={1--6},
  year={2015},
  publisher={IEEE}, address={Piscataway, NJ}
}


@article{ji20123d,
  title={3D convolutional neural networks for human action recognition},
  author={Ji, Shuiwang and Xu, Wei and Yang, Ming and Yu, Kai},
  journal={IEEE transactions on pattern analysis and machine intelligence},
  volume={35},
  number={1},
  pages={221--231},
  year={2012},
  publisher={IEEE}
}


@article{simonyan2014very,
  title={Very deep convolutional networks for large-scale image recognition},
  author={Simonyan, Karen and Zisserman, Andrew},
  journal={arXiv preprint arXiv:1409.1556},
  year={2014},
  volume={1},
  pages={1--1}
}

@inproceedings{koch2015siamese,
  title={Siamese neural networks for one-shot image recognition},
  author={Koch, Gregory and Zemel, Richard and Salakhutdinov, Ruslan},
  booktitle={ICML deep learning workshop},
  volume={2},
  year={2015}
}



@article{peng2005feature,
  title={Feature selection based on mutual information: criteria of max-dependency, max-relevance, and min-redundancy},
  author={Peng, Hanchuan and Long, Fuhui and Ding, Chris},
  journal={IEEE Transactions on Pattern Analysis \& Machine Intelligence},
  pages={1226--1238},
  year={2005},
  publisher={IEEE}
}


@article{guyon2002gene,
  title={Gene selection for cancer classification using support vector machines},
  author={Guyon, Isabelle and Weston, Jason and Barnhill, Stephen and Vapnik, Vladimir},
  journal={Machine learning},
  volume={46},
  number={1-3},
  pages={389--422},
  year={2002},
  publisher={Springer},
    address={Berlin, Germany}
}


@inproceedings{mantyjarvi2005identifying,
  title={Identifying users of portable devices from gait pattern with accelerometers},
  author={Mantyjarvi, Jani and Lindholm, Mikko and Vildjiounaite, Elena and Makela, S-M and Ailisto, HA},
  booktitle={Proceedings.(ICASSP'05). IEEE International Conference on Acoustics, Speech, and Signal Processing, 2005.},
  volume={2},
  pages={ii--973},
  year={2005},
  publisher={IEEE}, address={Piscataway, NJ}
}

@article{gafurov2006biometric,
  title={Biometric Gait Authentication Using Accelerometer Sensor.},
  author={Gafurov, Davrondzhon and Helkala, Kirsi and S{\o}ndrol, Torkjel},
  journal={JCP},
  volume={1},
  number={7},
  pages={51--59},
  year={2006}
}


@inproceedings{ailisto2005identifying,
  title={Identifying people from gait pattern with accelerometers},
  author={Ailisto, Heikki J and Lindholm, Mikko and Mantyjarvi, Jani and Vildjiounaite, Elena and Makela, Satu-Marja},
  booktitle={Biometric Technology for Human Identification II},
  volume={5779},
  pages={7--14},
  year={2005},
  publisher={International Society for Optics and Photonics}
}


@inproceedings{trung2012performance,
  title={Performance evaluation of gait recognition using the largest inertial sensor-based gait database},
  author={Trung, Ngo Thanh and Makihara, Yasushi and Nagahara, Hajime and Mukaigawa, Yasuhiro and Yagi, Yasushi},
  booktitle={2012 5th IAPR International Conference on Biometrics (ICB)},
  pages={360--366},
  year={2012},
  publisher={IEEE}, address={Piscataway, NJ}
}


@inproceedings{zhang2013imu,
  title={Imu based single stride identification of humans},
  author={Zhang, Tianxiang and Karg, Michelle and Lin, Jonathan Feng-Shun and Kulic, Dana and Venture, Gentiane},
  booktitle={2013 IEEE RO-MAN},
  pages={220--225},
  year={2013},
  publisher={IEEE}, address={Piscataway, NJ}
}


@inproceedings{zhong2014sensor,
  title={Sensor orientation invariant mobile gait biometrics},
  author={Zhong, Yu and Deng, Yunbin},
  booktitle={IEEE International Joint Conference on Biometrics},
  pages={1--8},
  year={2014},
  publisher={IEEE}, address={Piscataway, NJ}
}


@inproceedings{johnston2015smartwatch,
  title={Smartwatch-based biometric gait recognition},
  author={Johnston, Andrew H and Weiss, Gary M},
  booktitle={2015 IEEE 7th International Conference on Biometrics Theory, Applications and Systems (BTAS)},
  pages={1--6},
  year={2015},
  publisher={IEEE}, address={Piscataway, NJ}
}


@inproceedings{lewis2016real,
  title={Real time motion-based authentication for smartwatch},
  author={Lewis, Antwane and Li, Yanyan and Xie, Mengjun},
  booktitle={2016 IEEE Conference on Communications and Network Security (CNS)},
  pages={380--381},
  year={2016},
  publisher={IEEE}, address={Piscataway, NJ}
}


@article{dehzangi2017imu,
  title={IMU-based gait recognition using convolutional neural networks and multi-sensor fusion},
  author={Dehzangi, Omid and Taherisadr, Mojtaba and ChangalVala, Raghvendar},
  journal={Sensors},
  volume={17},
  number={12},
  pages={2735},
  year={2017},
  publisher={Multidisciplinary Digital Publishing Institute}
}


@inproceedings{cao2016real,
  title={Real-time scalable 6DOF pose estimation for textureless objects},
  author={Cao, Zhe and Sheikh, Yaser and Banerjee, Natasha Kholgade},
  booktitle={2016 IEEE International conference on Robotics and Automation (ICRA)},
  pages={2441--2448},
  year={2016},
  publisher={IEEE}, address={Piscataway, NJ}
}


@article{kholgade20143d,
  title={3D object manipulation in a single photograph using stock 3D models},
  author={Kholgade, Natasha and Simon, Tomas and Efros, Alexei and Sheikh, Yaser},
  journal={ACM Transactions on Graphics (TOG)},
  volume={33},
  number={4},
  pages={127},
  year={2014},
  publisher={ACM}
}


@inproceedings{banerjee2012automated,
  title={Automated duplicate bug report classification using subsequence matching},
  author={Banerjee, Sean and Cukic, Bojan and Adjeroh, Donald},
  booktitle={2012 IEEE 14th International Symposium on High-Assurance Systems Engineering},
  pages={74--81},
  year={2012},
  publisher={IEEE}, address={Piscataway, NJ}
}



@inproceedings{banerjee2013fusion,
  title={A fusion approach for classifying duplicate problem reports},
  author={Banerjee, Sean and Syed, Zahid and Helmick, Jordan and Cukic, Bojan},
  booktitle={2013 IEEE 24th International Symposium on Software Reliability Engineering (ISSRE)},
  pages={208--217},
  year={2013},
  publisher={IEEE}, address={Piscataway, NJ}
}


@article{banerjee2017automated,
  title={Automated triaging of very large bug repositories},
  author={Banerjee, Sean and Syed, Zahid and Helmick, Jordan and Culp, Mark and Ryan, Kenneth and Cukic, Bojan},
  journal={Information and software technology},
  volume={89},
  pages={1--13},
  year={2017},
  publisher={Elsevier}
}

@inproceedings{ajit2019combining,
  title={Combining pairwise feature matches from device trajectories for biometric authentication in virtual reality environments},
  author={Ajit, Ashwin and Banerjee, Natasha Kholgade and Banerjee, Sean},
  booktitle={2019 IEEE International Conference on Artificial Intelligence and Virtual Reality (AIVR)},
  pages={9--97},
  year={2019},
  publisher={IEEE},
  address={Piscataway, NJ}
}

@inproceedings{ryan2019predicting,
  title={Predicting If Older Adults Perform Cognitive Tasks Using Body Joint Movements From RGB-D Videos},
  author={Ryan, Jenna and Inzerillo, Sarah and Helmick, Jordan and Boolani, Ali and Banerjee, Natasha Kholgade and Banerjee, Sean},
  booktitle={International Conference on eHealth, Telemedicine, and Social Medicine},
  year={2019}
}


@inproceedings{miller2019,
  title={Realtime behavior-based continual authentication of users in virtual reality environments},
  author={Miller, Robert and Ajit, Ashwin and Banerjee, Natasha Kholgade and Banerjee, Sean},
  booktitle={2019 IEEE International Conference on Artificial Intelligence and Virtual Reality (AIVR)},
  pages={253--2531},
  year={2019},
  publisher={IEEE},
    address={Piscataway, NJ}

}


@article{siu2016adaptive,
  title={Adaptive virtual reality training to optimize military medical skills acquisition and retention},
  author={Siu, Ka-Chun and Best, Bradley J and Kim, Jong Wook and Oleynikov, Dmitry and Ritter, Frank E},
  journal={Military medicine},
  volume={181},
  number={suppl\_5},
  pages={214--220},
  year={2016},
  publisher={Oxford University Press}
}


@article{czerniak2016novel,
  title={A novel treatment of fear of flying using a large virtual reality system},
  author={Czerniak, Efrat and Caspi, Asaf and Litvin, Michal and Amiaz, Revital and Bahat, Yotam and Baransi, Hani and Sharon, Hanania and Noy, Shlomo and Plotnik, Meir},
  journal={Aerospace medicine and human performance},
  volume={87},
  number={4},
  pages={411--416},
  year={2016},
  publisher={Aerospace Medical Association}
}


@inproceedings{clifford2018development,
  title={Development of a Multi-Sensory Virtual Reality Training Simulator for Airborne Firefighters Supervising Aerial Wildfire Suppression},
  author={Clifford, Rory MS and Khan, Humayun and Hoermann, Simon and Billinghurst, Mark and Lindeman, Robert W},
  booktitle={2018 IEEE Workshop on Augmented and Virtual Realities for Good (VAR4Good)},
  pages={1--5},
  year={2018},
  publisher={IEEE}, address={Piscataway, NJ}
}


@article{miyajima2007driver,
  title={Driver modeling based on driving behavior and its evaluation in driver identification},
  author={Miyajima, Chiyomi and Nishiwaki, Yoshihiro and Ozawa, Koji and Wakita, Toshihiro and Itou, Katsunobu and Takeda, Kazuya and Itakura, Fumitada},
  journal={Proceedings of the IEEE},
  volume={95},
  number={2},
  pages={427--437},
  year={2007},
  publisher={IEEE}
}


@inproceedings{dtw,
  title={Using dynamic time warping to find patterns in time series.},
  author={Berndt, Donald J and Clifford, James},
  booktitle={KDD workshop},
  volume={10},
  pages={359--370},
  year={1994},
  publisher={Seattle, WA}
}

@inproceedings{mayrhofer2007shake,
  title={Shake well before use: Authentication based on accelerometer data},
  author={Mayrhofer, Rene and Gellersen, Hans},
  booktitle={International Conference on Pervasive Computing},
  pages={144--161},
  year={2007},
  publisher={Springer},
    address={Berlin, Germany}
}


@inproceedings{alsulaiman2006novel,
  title={A novel 3D graphical password schema},
  author={Alsulaiman, Fawaz A and El Saddik, Abdulmotaleb},
  booktitle={2006 IEEE Symposium on Virtual Environments, Human-Computer Interfaces and Measurement Systems},
  pages={125--128},
  year={2006},
  publisher={IEEE},
    address={Piscataway, NJ}
}



@inproceedings{funk2019lookunlock,
  title={Lookunlock: Using spatial-targets for user-authentication on hmds},
  author={Funk, Markus and Marky, Karola and Mizutani, Iori and Kritzler, Mareike and Mayer, Simon and Michahelles, Florian},
  booktitle={Ext. Abstracts of the 2019 CHI Conference on Human Factors in Computing Systems},
  pages={1--6},
  year={2019},
  publisher={ACM},
  address={New York, NY}
}


@article{gurary2017leveraging,
  title={Leveraging 3d benefits for authentication},
  author={Gurary, Jonathan and Zhu, Ye and Fu, Huirong},
  journal={International Journal of Communications, Network and System Sciences},
  volume={10},
  number={08},
  pages={324},
  year={2017},
  publisher={Scientific Research Publishing}
}
@article{alsulaiman2008three,
  title={Three-dimensional password for more secure authentication},
  author={Alsulaiman, Fawaz A and El Saddik, Abdulmotaleb},
  journal={IEEE Transactions on Instrumentation and measurement},
  volume={57},
  number={9},
  pages={1929--1938},
  year={2008},
  publisher={IEEE}
}

@inproceedings{john2019eyeveil,
  title={EyeVEIL: degrading iris authentication in eye tracking headsets},
  author={John, Brendan and Koppal, Sanjeev and Jain, Eakta},
  booktitle={Proceedings of the 11th ACM Symposium on Eye Tracking Research \& Applications},
  pages={1--5},
  year={2019},
    publisher={ACM},
  address={New York, NY}
}


@inproceedings{liebers2020gaze,
  title={Gaze-based Authentication in Virtual Reality},
  author={Liebers, Jonathan and Schneegass, Stefan},
  booktitle={ACM Symposium on Eye Tracking Research and Applications},
  pages={1--2},
  year={2020},
    publisher={ACM},
  address={New York, NY}
}
@inproceedings{lohr2020eye,
  title={Eye movement biometrics using a new dataset collected in virtual reality},
  author={Lohr, Dillon J and Aziz, Samantha and Komogortsev, Oleg},
  booktitle={ACM Symposium on Eye Tracking Research and Applications},
  pages={1--3},
  year={2020},
    publisher={ACM},
  address={New York, NY}
}
@inproceedings{lohr2018implementation,
  title={An implementation of eye movement-driven biometrics in virtual reality},
  author={Lohr, Dillon and Berndt, Samuel-Hunter and Komogortsev, Oleg},
  booktitle={Proceedings of the 2018 ACM Symposium on Eye Tracking Research \& Applications},
  pages={1--3},
  year={2018},
    publisher={ACM},
  address={New York, NY}
}
@inproceedings{larubbio2022you,
  title={Who do you look like?-Gaze-based authentication for workers in VR},
  author={LaRubbio, Karina and Wright, Jeremiah and David-John, Brendan and Enqvist, Andreas and Jain, Eakta},
  booktitle={2022 IEEE Conference on Virtual Reality and 3D User Interfaces Abstracts and Workshops (VRW)},
  pages={744--745},
  year={2022},
  publisher={IEEE}, address={Piscataway, NJ}
}


@inproceedings{mathis2020rubikauth,
  title={RubikAuth: Fast and Secure Authentication in Virtual Reality},
  author={Mathis, Florian and Williamson, John and Vaniea, Kami and Khamis, Mohamed},
  booktitle={Ext. Abstracts of the 2020 CHI Conference on Human Factors in Computing Systems},
  pages={1--9},
  year={2020},
    publisher={ACM},
  address={New York, NY}
}



@inproceedings{george2017seamless,
  title={Seamless and secure vr: Adapting and evaluating established authentication systems for virtual reality},
  author={George, Ceenu and Khamis, Mohamed and von Zezschwitz, Emanuel and Burger, Marinus and Schmidt, Henri and Alt, Florian and Hussmann, Heinrich},
  booktitle={NDSS},
  year={2017},
  pages={1--1},
  publisher={NDSS},
  address={San Diego, CA}
}

@inproceedings{li2016segauth,
  title={SEGAUTH: A segment-based approach to behavioral biometric authentication},
  author={Li, Yanyan and Xie, Mengjun and Bian, Jiang},
  booktitle={2016 IEEE Conference on Communications and Network Security (CNS)},
  pages={1--9},
  year={2016},
  publisher={IEEE}, address={Piscataway, NJ}
}


@article{bhagat2016cost,
  title={A cost-effective interactive 3D virtual reality system applied to military live firing training},
  author={Bhagat, Kaushal Kumar and Liou, Wei-Kai and Chang, Chun-Yen},
  journal={Virtual Reality},
  year={2016},
}

@article{ehatisham2018continuous,
  title={Continuous authentication of smartphone users based on activity pattern recognition using passive mobile sensing},
  author={Ehatisham-ul-Haq, Muhammad and Azam, Muhammad Awais and Naeem, Usman and Amin, Yasar and Loo, Jonathan},
  journal={Journal of Network and Computer Applications},
  volume={109},
  pages={24--35},
  year={2018},
  publisher={Elsevier}
}



@inproceedings{pallavicini2015developing,
  title={Developing effective virtual reality training for military forces and emergency operators: from technology to human factors},
  author={Pallavicini, F and Toniazzi, N and Argenton, L and Aceti, L and Mantovani, F},
  booktitle={International Conference on Modeling and Applied Simulation, MAS 2015},
  year={2015},
}


@article{oberhauser2017virtual,
  title={A virtual reality flight simulator for human factors engineering},
  author={Oberhauser, Matthias and Dreyer, Daniel},
  journal={Cognition, Technology \& Work},
  year={2017},
}


@inproceedings{muaaz2014orientation,
  title={Orientation independent cell phone based gait authentication},
  author={Muaaz, Muhammad and Mayrhofer, Ren{\'e}},
  booktitle={Proceedings of the 12th International Conference on Advances in Mobile Computing and Multimedia},
  year={2014},
}


@inproceedings{zhong2015pace,
  title={Pace independent mobile gait biometrics},
  author={Zhong, Yu and Deng, Yunbin and Meltzner, Geoffrey},
  booktitle={IEEE BTAS},
  year={2015},
}


@inproceedings{kwapisz2010cell,
  title={Cell phone-based biometric identification},
  author={Kwapisz, Jennifer R and Weiss, Gary M and Moore, Samuel A},
  booktitle={IEEE BTAS},
  year={2010},
}
@inproceedings{yang2017towards,
  title={Towards k-means-friendly spaces: Simultaneous deep learning and clustering},
  author={Yang, Bo and Fu, Xiao and Sidiropoulos, Nicholas D and Hong, Mingyi},
  booktitle={international conference on machine learning},
  pages={3861--3870},
  year={2017},
  publisher={PMLR}
}


@inproceedings{matsuo2007arm,
  title={Arm swing identification method with template update for long term stability},
  author={Matsuo, Kenji and Okumura, Fuminori and Hashimoto, Masayuki and Sakazawa, Shigeyuki and Hatori, Yoshinori},
  booktitle={International Conference on Biometrics},
  pages={211--221},
  year={2007},
  publisher={Springer},
    address={Berlin, Germany}
}


@article{liu2009uwave,
  title={uWave: Accelerometer-based personalized gesture recognition and its applications},
  author={Liu, Jiayang and Zhong, Lin and Wickramasuriya, Jehan and Vasudevan, Venu},
  journal={Pervasive and Mobile Computing},
  volume={5},
  number={6},
  pages={657--675},
  year={2009},
  publisher={Elsevier}
}

@inproceedings{frank2010activity,
  title={Activity and gait recognition with time-delay embeddings.},
  author={Frank, Jordan and Mannor, Shie and Precup, Doina},
  booktitle={AAAI},
  year={2010}
}

@inproceedings{palaskar2016empirical,
  title={Empirical techniques to detect and mitigate the effects of irrevocably evolving user profiles in touch-based authentication systems},
  author={Palaskar, Nikhil and Syed, Zahid and Banerjee, Sean and Tang, Charlotte},
  booktitle={High Assurance Systems Engineering (HASE), 2016 IEEE 17th International Symposium on},
  pages={9--16},
  year={2016},
  publisher={IEEE}, address={Piscataway, NJ}
}

@inproceedings{syed2014leveraging,
  title={Leveraging variations in event sequences in keystroke-dynamics authentication systems},
  author={Syed, Zahid and Banerjee, Sean and Cukic, Bojan},
  booktitle={High-Assurance Systems Engineering (HASE), 2014 IEEE 15th International Symposium on},
  pages={9--16},
  year={2014},
  publisher={IEEE}, address={Piscataway, NJ}
}


@inproceedings{wu2013dynamic,
  title={Dynamic time warping for gesture-based user identification and authentication with Kinect},
  author={Wu, Jonathan and Konrad, Janusz and Ishwar, Prakash},
  booktitle={IEEE ICASSP},
  pages={2371--2375},
  year={2013}
}


@inproceedings{syed2011effects,
  title={Effects of user habituation in keystroke dynamics on password security policy},
  author={Syed, Zahid and Banerjee, Sean and Cheng, Qi and Cukic, Bojan},
  booktitle={IEEE HASE},
  pages={352--359},
  year={2011}
}


@article{monrose2002password,
  title={Password hardening based on keystroke dynamics},
  author={Monrose, Fabian and Reiter, Michael K and Wetzel, Susanne},
  journal={International Journal of Information Security},
  volume={1},
  number={2},
  pages={69--83},
  year={2002}
}


@article{monrose2000keystroke,
  title={Keystroke dynamics as a biometric for authentication},
  author={Monrose, Fabian and Rubin, Aviel D},
  journal={Future Generation computer systems},
  volume={16},
  number={4},
  pages={351--359},
  year={2000}
}


@article{sprager2009cumulant,
  title={A cumulant-based method for gait identification using accelerometer data with principal component analysis and support vector machine},
  author={Sprager, Sebastijan and Zazula, Damjan},
  journal={WSEAS Transactions on Signal Processing},
  year={2009},
}

@inproceedings{serwadda2013verifiers,
  title={Which verifiers work?: A benchmark evaluation of touch-based authentication algorithms},
  author={Serwadda, Abdul and Phoha, Vir V and Wang, Zibo},
  booktitle={IEEE BTAS},
  year={2013},
}


@article{muaaz2017smartphone,
  title={Smartphone-based gait recognition: from authentication to imitation},
  author={Muaaz, Muhammad and Mayrhofer, Ren{\'e}},
  journal={IEEE Transactions on Mobile Computing},
  year={2017},
}

@inproceedings{munsell2012person,
  title={Person identification using full-body motion and anthropometric biometrics from kinect videos},
  author={Munsell, Brent C and Temlyakov, Andrew and Qu, Chengzheng and Wang, Song},
  booktitle={ECCV},
  year={2012},
}

@inproceedings{haque2016recurrent,
  title={Recurrent attention models for depth-based person identification},
  author={Haque, Albert and Alahi, Alexandre and Fei-Fei, Li},
  booktitle={IEEE CVPR},
  year={2016},
}

@article{ahmed2015dtw,
  title={DTW-based kernel and rank-level fusion for 3D gait recognition using Kinect},
  author={Ahmed, Faisal and Paul, Padma Polash and Gavrilova, Marina L},
  journal={The Visual Computer},
  year={2015},
}

@inproceedings{andersson2014anthropometric,
  title={Anthropometric and human gait identification using skeleton data from Kinect sensor},
  author={Andersson, Virginia and Dutra, Rafael and Ara{\'u}jo, Ricardo},
  booktitle={ACM SAP},
  year={2014},
}

@inproceedings{john2013person,
  title={Person re-identification using height-based gait in colour depth camera},
  author={John, Vijay and Englebienne, Gwenn and Krose, Ben},
  booktitle={IEEE ICIP},
  year={2013},
}

@inproceedings{mustafa2018unsure,
  title={Unsure How to Authenticate on Your VR Headset? Come on, Use Your Head!},
  author={Mustafa, Tahrima and Matovu, Richard and Serwadda, Abdul and Muirhead, Nicholas},
  booktitle={Proceedings of the Fourth ACM International Workshop on Security and Privacy Analytics},
  pages={23--30},
  year={2018},
  publisher={ACM},
  address={New York, NY}
}


@inproceedings{yi2016glassgesture,
  title={Glassgesture: Exploring head gesture interface of smart glasses},
  author={Yi, Shanhe and Qin, Zhengrui and Novak, Ed and Yin, Yafeng and Li, Qun},
  booktitle={IEEE INFOCOM 2016-The 35th Annual IEEE International Conference on Computer Communications},
  pages={1--9},
  year={2016},
  publisher={IEEE}, address={Piscataway, NJ}
}
@inproceedings{ling2019know,
  title={I know what you enter on gear vr},
  author={Ling, Zhen and Li, Zupei and Chen, Chen and Luo, Junzhou and Yu, Wei and Fu, Xinwen},
  booktitle={2019 IEEE Conference on Communications and Network Security (CNS)},
  pages={241--249},
  year={2019},
  publisher={IEEE}, address={Piscataway, NJ}
}
@inproceedings{luo2022holologger,
  title={HoloLogger: Keystroke Inference on Mixed Reality Head Mounted Displays},
  author={Luo, Shiqing and Hu, Xinyu and Yan, Zhisheng},
  booktitle={2022 IEEE Conference on Virtual Reality and 3D User Interfaces (VR)},
  pages={445--454},
  year={2022},
  publisher={IEEE}, address={Piscataway, NJ}
}
@inproceedings{al2021vr,
  title={Vr-spy: A side-channel attack on virtual key-logging in vr headsets},
  author={Al Arafat, Abdullah and Guo, Zhishan and Awad, Amro},
  booktitle={2021 IEEE Virtual Reality and 3D User Interfaces (VR)},
  pages={564--572},
  year={2021},
  publisher={IEEE}, address={Piscataway, NJ}
}
@inproceedings{shi2021face,
  title={Face-Mic: inferring live speech and speaker identity via subtle facial dynamics captured by AR/VR motion sensors},
  author={Shi, Cong and Xu, Xiangyu and Zhang, Tianfang and Walker, Payton and Wu, Yi and Liu, Jian and Saxena, Nitesh and Chen, Yingying and Yu, Jiadi},
  booktitle={Proceedings of the 27th Annual International Conference on Mobile Computing and Networking},
  pages={478--490},
  year={2021}
}
@misc{officedepot,
howpublished={https://www.officedepot.com/l/ideas-center/feel-inspired/stretching-device-life},
title={{Stretching Device Life}},
}
@techreport{browning2014biometric,
  title={Biometric aging: effects of aging on iris recognition},
  author={Browning, Keith and Orlans, Nicholas},
  year={2014},
  institution={MITRE CORP MCLEAN VA}
}


@inproceedings{meteriz2022keylogging,
  title={A Keylogging Inference Attack on Air-Tapping Keyboards in Virtual Environments},
  author={Meteriz-Y{\i}ld{\i}ran, {\"U}lk{\"u} and Y{\i}ld{\i}ran, Necip Faz{\i}l and Awad, Amro and Mohaisen, David},
  booktitle={2022 IEEE Conference on Virtual Reality and 3D User Interfaces (VR)},
  pages={765--774},
  year={2022},
  publisher={IEEE}, address={Piscataway, NJ}
}

@inproceedings{okumura2006study,
  title={A study on biometric authentication based on arm sweep action with acceleration sensor},
  author={Okumura, Fuminori and Kubota, Akira and Hatori, Yoshinori and Matsuo, Kenji and Hashimoto, Masayuki and Koike, Atsushi},
  booktitle={ISPACS},
  year={2006},
}

@inproceedings{li2016whose,
  title={Whose move is it anyway? Authenticating smart wearable devices using unique head movement patterns},
  author={Li, Sugang and Ashok, Ashwin and Zhang, Yanyong and Xu, Chenren and Lindqvist, Janne and Gruteser, Macro},
  booktitle={IEEE PerCom},
  year={2016},
}
@article{mendels2014user,
  title={User identification for home entertainment based on free-air hand motion signatures},
  author={Mendels, Omri and Stern, Helman and Berman, Sigal},
  journal={IEEE Transactions on Systems, Man, and Cybernetics: Systems},
  year={2014},
}

@article{north2015virtual,
  title={Virtual reality therapy: an effective treatment for the fear of public speaking},
  author={North, Max M and North, Sarah M and Coble, Joseph R},
  journal={IJVR},
  year={2015}
}

@article{choi2015virtual,
  title={Virtual reality applications in manufacturing industries: Past research, present findings, and future directions},
  author={Choi, SangSu and Jung, Kiwook and Noh, Sang Do},
  journal={Concurrent Engineering},
  year={2015},
}

@article{berg2017industry,
  title={Industry use of virtual reality in product design and manufacturing: a survey},
  author={Berg, Leif P and Vance, Judy M},
  journal={Virtual reality},
  year={2017},
}


@article{olade2020biomove,
  title={BioMove: Biometric User Identification from Human Kinesiological Movements for Virtual Reality Systems},
  author={Olade, Ilesanmi and Fleming, Charles and Liang, Hai-Ning},
  journal={Sensors},
  volume={20},
  number={10},
  pages={2944},
  year={2020},
  publisher={Multidisciplinary Digital Publishing Institute}
}


@inproceedings{olade2020exploring,
  title={Exploring the Vulnerabilities and Advantages of SWIPE or Pattern authentication in Virtual Reality (VR)},
  author={Olade, Ilesanmi and Liang, Hai-Ning and Fleming, Charles and Champion, Christopher},
  booktitle={Proceedings of the 2020 4th International Conference on Virtual and Augmented Reality Simulations},
  pages={45--52},
  year={2020},
  publisher={ACM},
  address={New York, NY}
}


@article{tolosana2020biotouchpass2,
  title={BioTouchPass2: Touchscreen Password Biometrics Using Time-Aligned Recurrent Neural Networks},
  author={Tolosana, Ruben and Vera-Rodriguez, Ruben and Fierrez, Julian and Ortega-Garcia, Javier},
  journal={IEEE Transactions on Information Forensics and Security},
  volume={15},
  pages={2616--2628},
  year={2020},
  publisher={IEEE}
}



@article{de2018security,
  title={Security and Privacy Approaches in Mixed Reality: A Literature Survey},
  author={de Guzman, Jaybie A and Thilakarathna, Kanchana and Seneviratne, Aruna},
  journal={arXiv preprint arXiv:1802.05797},
  year={2018}
}


@inproceedings{schneegass2016skullconduct,
  title={SkullConduct: Biometric user identification on eyewear computers using bone conduction through the skull},
  author={Schneegass, Stefan and Oualil, Youssef and Bulling, Andreas},
  booktitle={ACM CHI},
  year={2016},
}

@inproceedings{aslan2014mid,
  title={Mid-air authentication gestures: an exploration of authentication based on palm and finger motions},
  author={Aslan, Ilhan and Uhl, Andreas and Meschtscherjakov, Alexander and Tscheligi, Manfred},
  booktitle={ACM ICMI},
  year={2014},
}

@inproceedings{bhalla2021movear,
  title={MoveAR: Continuous Biometric Authentication for Augmented Reality Headsets},
  author={Bhalla, Arman and Sluganovic, Ivo and Krawiecka, Klaudia and Martinovic, Ivan},
  booktitle={Proceedings of the 7th ACM on Cyber-Physical System Security Workshop},
  pages={41--52},
  year={2021}
}


@inproceedings{rogers2015approach,
  title={An approach for user identification for head-mounted displays},
  author={Rogers, Cynthia E and Witt, Alexander W and Solomon, Alexander D and Venkatasubramanian, Krishna K},
  booktitle={ACM ISWC},
  year={2015},
}


@inproceedings{freina2015literature,
  title={A literature review on immersive virtual reality in education: state of the art and perspectives},
  author={Freina, Laura and Ott, Michela},
  booktitle={The International Scientific Conference eLearning and Software for Education},
  year={2015},
}


@article{merchant2014effectiveness,
  title={Effectiveness of virtual reality-based instruction on students' learning outcomes in K-12 and higher education: A meta-analysis},
  author={Merchant, Zahira and Goetz, Ernest T and Cifuentes, Lauren and Keeney-Kennicutt, Wendy and Davis, Trina J},
  journal={Computers \& Education},
  year={2014},
}

@inproceedings{andriotis2014complexity,
  title={Complexity metrics and user strength perceptions of the pattern-lock graphical authentication method},
  author={Andriotis, Panagiotis and Tryfonas, Theo and Oikonomou, George},
  booktitle={International Conference on Human Aspects of Information Security, Privacy, and Trust},
  year={2014},
}


@article{lohse2014virtual,
  title={Virtual reality therapy for adults post-stroke: a systematic review and meta-analysis exploring virtual environments and commercial games in therapy},
  author={Lohse, Keith R and Hilderman, Courtney GE and Cheung, Katharine L and Tatla, Sandy and Van der Loos, HF Machiel},
  journal={PloS one},
  year={2014},
}

@inproceedings{jiang2019predicting,
  title={Predicting Human Grasp Locations on Cup Handles by Using Deep Neural Networks to Infer Heat Signatures from Depth Data},
  author={Jiang, Yijun and Banerjee, Sean and Banerjee, Natasha Kholgade},
  booktitle={2019 IEEE International Conference on Multimedia \& Expo Workshops (ICMEW)},
  pages={25--30},
  year={2019},
  publisher={IEEE}, address={Piscataway, NJ}
}

@inproceedings{lamb2019automated,
  title={Automated reconstruction of smoothly joining 3D printed restorations to fix broken objects},
  author={Lamb, Nikolas and Banerjee, Sean and Banerjee, Natasha Kholgade},
  booktitle={Proceedings of the ACM Symposium on Computational Fabrication},
  pages={3},
  year={2019},
  publisher={ACM}
}
@inproceedings{abdelrahman2022cuevr,
  title={CueVR: Studying the Usability of Cue-based Authentication for Virtual Reality},
  author={Abdelrahman, Yomna and Mathis, Florian and Knierim, Pascal and Kettler, Axel and Alt, Florian and Khamis, Mohamed},
  booktitle={Proceedings of the 2022 International Conference on Advanced Visual Interfaces},
  pages={1--9},
  year={2022}
}
@inproceedings{watson2022feet,
  title={The Feet in Human-Centred Security: Investigating Foot-Based User Authentication for Public Displays},
  author={Watson, Kieran and Bretin, Robin and Khamis, Mohamed and Mathis, Florian},
  booktitle={CHI Conference on Human Factors in Computing Systems Extended Abstracts},
  pages={1--9},
  year={2022}
}
@article{viswanathan2022security,
  title={Security Considerations for Virtual Reality Systems},
  author={Viswanathan, Karthik},
  journal={arXiv preprint arXiv:2201.02563},
  year={2022}
}
@inproceedings{wang2021analysis,
  title={Analysis of Multi-attribute User Authentication to Against Man-in-the-Room Attack in Virtual Reality},
  author={Wang, Jiawei and Gao, BoYu},
  booktitle={International Conference on Human-Computer Interaction},
  pages={455--461},
  year={2021},
  publisher={Springer},
    address={Berlin, Germany}
}
@inproceedings{luo2020oculock,
  title={OcuLock: Exploring human visual system for authentication in virtual reality head-mounted display},
  author={Luo, Shiqing and Nguyen, Anh and Song, Chen and Lin, Feng and Xu, Wenyao and Yan, Zhisheng},
  booktitle={2020 Network and Distributed System Security Symposium (NDSS)},
  year={2020}
}


@article{jensen2018review,
  title={A review of the use of virtual reality head-mounted displays in education and training},
  author={Jensen, Lasse and Konradsen, Flemming},
  journal={Education and Information Technologies},
  volume={23},
  number={4},
  pages={1515--1529},
  year={2018},
  publisher={Springer},
    address={Berlin, Germany}
}

@article{sitova2015hmog,
  title={HMOG: New behavioral biometric features for continuous authentication of smartphone users},
  author={Sitov{\'a}, Zde{\v{n}}ka and {\v{S}}ed{\v{e}}nka, Jaroslav and Yang, Qing and Peng, Ge and Zhou, Gang and Gasti, Paolo and Balagani, Kiran S},
  journal={IEEE Transactions on Information Forensics and Security},
  volume={11},
  number={5},
  pages={877--892},
  year={2015},
  publisher={IEEE}
}


@incollection{tilhou20203d,
  title={3D Virtual Reality in K-12 Education: A Thematic Systematic Review},
  author={Tilhou, Rebecca and Taylor, Valerie and Crompton, Helen},
  booktitle={Emerging Technologies and Pedagogies in the Curriculum},
  pages={169--184},
  year={2020},
  publisher={Springer},
    address={Berlin, Germany}
}

@inproceedings{amini2018deepauth,
  title={Deepauth: A framework for continuous user re-authentication in mobile apps},
  author={Amini, Sara and Noroozi, Vahid and Pande, Amit and Gupte, Satyajit and Yu, Philip S and Kanich, Chris},
  booktitle={Proceedings of the 27th ACM International Conference on Information and Knowledge Management},
  pages={2027--2035},
  year={2018}
}




@article{wang2018critical,
  title={A critical review of the use of virtual reality in construction engineering education and training},
  author={Wang, Peng and Wu, Peng and Wang, Jun and Chi, Hung-Lin and Wang, Xiangyu},
  journal={International journal of environmental research and public health},
  volume={15},
  number={6},
  pages={1204},
  year={2018},
  publisher={Multidisciplinary Digital Publishing Institute}
}


@inproceedings{feng2012continuous,
  title={Continuous mobile authentication using touchscreen gestures},
  author={Feng, Tao and Liu, Ziyi and Kwon, Kyeong-An and Shi, Weidong and Carbunar, Bogdan and Jiang, Yifei and Nguyen, Nhung},
  booktitle={IEEE HST},
  year={2012},
}

@article{syed2019touch,
  title={Touch gesture-based authentication on mobile devices: The effects of user posture, device size, configuration, and inter-session variability},
  author={Syed, Zahid and Helmick, Jordan and Banerjee, Sean and Cukic, Bojan},
  journal={Journal of Systems and Software},
  volume={149},
  pages={158--173},
  year={2019},
  publisher={Elsevier}
}


@inproceedings{syed2015effect,
  title={Effect of user posture and device size on the performance of touch-based authentication systems},
  author={Syed, Zahid and Helmick, Jordan and Banerjee, Sean and Cukic, Bojan},
  booktitle={IEEE HASE},
  year={2015},
}

@inproceedings{jiang2018kinect,
   title={Hardware Synchronization of Multiple Kinects and Microphones for 3D Audiovisual Spatiotemporal Data Capture},
   author={Jiang, Yijun and Russell, David and Godisart, Tim and Banerjee, Natasha Kholgade and Banerjee, Sean},
   booktitle={IEEE ICME},
   year={2018},
}

@article{weise2016virtual,
  title={Virtual reality and the banking experience},
  author={Weise, Sarah and Mshar, Andrew},
  journal={Journal of Digital Banking},
  volume={1},
  number={2},
  pages={146--152},
  year={2016},
  publisher={Henry Stewart Publications}
}


@inproceedings{campbell2019uses,
  title={Uses of Virtual Reality for Communication in Financial Services: A Case Study on Comparing Different Telepresence Interfaces: Virtual Reality Compared to Video Conferencing},
  author={Campbell, Abraham G and Holz, Thomas and Cosgrove, Jonny and Harlick, Mike and O’Sullivan, Tadhg},
  booktitle={Future of Information and Communication Conference},
  pages={463--481},
  year={2019},
  publisher={Springer},
    address={Berlin, Germany}
}


@inproceedings{neumeier2019teleoperation,
  title={Teleoperation: The Holy Grail to Solve Problems of Automated Driving? Sure, but Latency Matters},
  author={Neumeier, Stefan and Wintersberger, Philipp and Frison, Anna-Katharina and Becher, Armin and Facchi, Christian and Riener, Andreas},
  booktitle={Proceedings of the 11th International Conference on Automotive User Interfaces and Interactive Vehicular Applications},
  pages={186--197},
  year={2019},
  publisher={ACM},
  address={New York, NY}
}

@inproceedings{neumeier2018way,
  title={On the Way to Autonomous Vehicles Teleoperated Driving},
  author={Neumeier, Stefan and Gay, Nicolas and Dannheim, Clemens and Facchi, Christian},
  booktitle={AmE 2018-Automotive meets Electronics; 9th GMM-Symposium},
  pages={1--6},
  year={2018},
   publisher={IEEE},
    address={New York, USA}
}



@incollection{shen2016teleoperation,
  title={Teleoperation of on-road vehicles via immersive telepresence using off-the-shelf components},
  author={Shen, Xiaotong and Chong, Zhuang Jie and Pendleton, Scott and Fu, Guo Ming James and Qin, Baoxing and Frazzoli, Emilio and Ang, Marcelo H},
  booktitle={Intelligent Autonomous Systems 13},
  pages={1419--1433},
  year={2016},
  publisher={Springer},
  address={Berlin, Germany}
}


@article{lager2019remote,
  title={Remote Supervision of an Autonomous Surface Vehicle using Virtual Reality},
  author={Lager, M{\aa}rten and Topp, Elin A},
  journal={IFAC-PapersOnLine},
  volume={52},
  number={8},
  pages={387--392},
  year={2019},
  publisher={Elsevier}
}


@inproceedings{macias2019measuring,
  title={Measuring Performance in Robotic Teleoperation Tasks with Virtual Reality Headgear},
  author={Macia{\'s}, Mateusz and D{\k{a}}browski, Adam and Fra{\'s}, Jan and Karczewski, Micha{\l} and Puchalski, S{\l}awomir and Tabaka, Sebastian and Jaroszek, Piotr},
  booktitle={Conference on Automation},
  pages={408--417},
  year={2019},
  publisher={Springer},
    address={Berlin, Germany}
}


@inproceedings{guo2018multi,
  title={Multi-camera microenvironment to capture multi-view time-lapse videos for 3D analysis of aging objects},
  author={Guo, Lintao and Quant, Hunter and Lamb, Nikolas and Lowit, Benjamin and Banerjee, Natasha Kholgade and Banerjee, Sean},
  booktitle={International Conference on Multimedia Modeling},
  pages={381--385},
  year={2018},
  publisher={Springer},
    address={Berlin, Germany}
}

@inproceedings{dey2020automatic,
  title={Automatic Material Classification using Thermal Finger Impression},
  author={Gatley, Jacob and Liang, Ying and Wright, Matthew and Banerjee, Natasha Kholgade and Banerjee, Sean and Dey, Soumyabrata},
  booktitle={International Conference on Multimedia Modeling},
  year={2020},
  publisher={Springer},
    address={Berlin, Germany}
}

@inproceedings{lamb2018programmatic,
  title={Programmatic 3D printing of a revolving camera track to automatically capture dense images for 3D scanning of objects},
  author={Lamb, Nikolas and Banerjee, Natasha Kholgade and Banerjee, Sean},
  booktitle={International Conference on Multimedia Modeling},
  pages={390--394},
  year={2018},
  publisher={Springer},
    address={Berlin, Germany}
}

@inproceedings{guo2018spatiotemporal,
  title={Spatiotemporal 3D models of aging fruit from multi-view time-lapse videos},
  author={Guo, Lintao and Quant, Hunter and Lamb, Nikolas and Lowit, Benjamin and Banerjee, Sean and Banerjee, Natasha Kholgade},
  booktitle={International Conference on Multimedia Modeling},
  pages={466--478},
  year={2018},
  publisher={Springer},
    address={Berlin, Germany}
}

@inproceedings{quant2018virtual,
  title={A virtual reality interface for interactions with spatiotemporal 3D data},
  author={Quant, Hunter and Banerjee, Sean and Banerjee, Natasha Kholgade},
  booktitle={International Conference on Multimedia Modeling},
  pages={343--347},
  year={2018},
  publisher={Springer},
    address={Berlin, Germany}
}

@inproceedings{jiang2019level,
  title={CNN-Based Non-Contact Detection of Food Level in Bottles from RGB Images},
  author={Jiang, Yijun and Schenck, Elim and Kranz, Spencer and Banerjee, Sean and Banerjee, Natasha Kholgade},
  booktitle={International Conference on Multimedia Modeling},
  year={2019},
  publisher={Springer},
    address={Berlin, Germany}
}

@inproceedings{jiang2018breakfast,
  title={When Will Breakfast Be Ready: Temporal Prediction of Food Readiness Using Deep Convolutional Neural Networks on Thermal Videos},
  author={Jiang, Yijun and Luo, Miao and Banerjee, Sean and Banerjee, Natasha Kholgade},
  booktitle={IEEE ICME Workshop},
  year={2018},
}

@inproceedings{dunn2018swipe,
  title={User-Independent Detection of Swipe Pressure using a Thermal Camera for Natural Surface Interaction},
  author={Dunn, Tim and Banerjee, Sean and Banerjee, Natasha Kholgade},
  booktitle={IEEE MMSP},
  year={2018},
}

@book{wiederhold2005virtual,
  title={Virtual reality therapy for anxiety disorders: Advances in evaluation and treatment.},
  author={Wiederhold, Brenda K and Wiederhold, Mark D},
  year={2005},
  publisher={American Psychological Association},
}


@article{garbin2019openeds,
  title={Openeds: Open eye dataset},
  author={Garbin, Stephan J and Shen, Yiru and Schuetz, Immo and Cavin, Robert and Hughes, Gregory and Talathi, Sachin S},
  journal={arXiv preprint arXiv:1905.03702},
  year={2019},
  number={1},
  volume={1},
  pages={1}
}
@inproceedings{tonsen2016labelled,
  title={Labelled pupils in the wild: a dataset for studying pupil detection in unconstrained environments},
  author={Tonsen, Marc and Zhang, Xucong and Sugano, Yusuke and Bulling, Andreas},
  booktitle={Proceedings of the ninth biennial ACM symposium on eye tracking research \& applications},
  pages={139--142},
  year={2016}
}


@inproceedings{gangwar2016deepirisnet,
  title={DeepIrisNet: Deep iris representation with applications in iris recognition and cross-sensor iris recognition},
  author={Gangwar, Abhishek and Joshi, Akanksha},
  booktitle={Proc. ICIP},
  pages={2301--2305},
  year={2016},
  publisher={IEEE},
    address={New York, USA}
}

@inproceedings{boutros2020periocular,
  title={Periocular biometrics in head-mounted displays: A sample selection approach for better recognition},
  author={Boutros, Fadi and Damer, Naser and Raja, Kiran and Ramachandra, Raghavendra and Kirchbuchner, Florian and Kuijper, Arjan},
  booktitle={Proc. IWBF},
  pages={1--6},
  year={2020},
  publisher={IEEE},
    address={New York, USA}

}

@InProceedings{Boutros_2022_CVPR,
    author    = {Boutros, Fadi and Damer, Naser and Kirchbuchner, Florian and Kuijper, Arjan},
    title     = {ElasticFace: Elastic Margin Loss for Deep Face Recognition},
    booktitle = {Proceedings of the IEEE/CVF Conference on Computer Vision and Pattern Recognition (CVPR) Workshops},
    month     = {June},
    year      = {2022},
    pages     = {1578-1587}
}

@inproceedings{huang2017densely,
  title={Densely connected convolutional networks},
  author={Huang, Gao and Liu, Zhuang and Van Der Maaten, Laurens and Weinberger, Kilian Q},
  booktitle={Proc. CVPR},
  pages={4700--4708},
  year={2017},
    publisher={IEEE},
    address={New York, USA}

}

@article{sundararajan2018deep,
  title={Deep learning for biometrics: A survey},
  author={Sundararajan, Kalaivani and Woodard, Damon L},
  journal={ACM Computing Surveys (CSUR)},
  volume={51},
  number={3},
  pages={1--34},
  year={2018},
  publisher={ACM New York, NY, USA}
}


@article{stylios2021behavioral,
  title={Behavioral biometrics \& continuous user authentication on mobile devices: A survey},
  author={Stylios, Ioannis and Kokolakis, Spyros and Thanou, Olga and Chatzis, Sotirios},
  journal={Information Fusion},
  volume={66},
  pages={76--99},
  year={2021},
  publisher={Elsevier}
}


@inproceedings{boutros2020fusing,
  title={Fusing iris and periocular region for user verification in head mounted displays},
  author={Boutros, Fadi and Damer, Naser and Raja, Kiran and Ramachandra, Raghavendra and Kirchbuchner, Florian and Kuijper, Arjan},
  booktitle={Proc. FUSION},
  pages={1--8},
  year={2020},
  publisher={IEEE},
    address={New York, USA}

}
@inproceedings{boutros2020benchmarking,
  title={On benchmarking iris recognition within a head-mounted display for ar/vr applications},
  author={Boutros, Fadi and Damer, Naser and Raja, Kiran and Ramachandra, Raghavendra and Kirchbuchner, Florian and Kuijper, Arjan},
  booktitle={Proc. IJCB},
  pages={1--10},
  year={2020},
  publisher={IEEE},
    address={New York, USA}

}

@article{tolosana2020deepfakes,
  title={Deepfakes and beyond: A survey of face manipulation and fake detection},
  author={Tolosana, Ruben and Vera-Rodriguez, Ruben and Fierrez, Julian and Morales, Aythami and Ortega-Garcia, Javier},
  journal={Information Fusion},
  volume={64},
  pages={131--148},
  year={2020},
  publisher={Elsevier}
}


@article{peters2022work,
  title={Work and worker health in the post-pandemic world: a public health perspective},
  author={Peters, Susan E and Dennerlein, Jack T and Wagner, Gregory R and Sorensen, Glorian},
  journal={The Lancet Public Health},
  volume={7},
  number={2},
  pages={e188--e194},
  year={2022},
  publisher={Elsevier}
}

@article{babapour2021post,
  title={Post-pandemic office work: Perceived challenges and opportunities for a sustainable work environment},
  author={Babapour Chafi, Maral and Hultberg, Annemarie and Bozic Yams, Nina},
  journal={Sustainability},
  volume={14},
  number={1},
  pages={294},
  year={2021},
  publisher={MDPI}
}

@article{singh2021combining,
  title={Combining the best of online and face-to-face learning: Hybrid and blended learning approach for COVID-19, post vaccine, \& post-pandemic world},
  author={Singh, Jitendra and Steele, Keely and Singh, Lovely},
  journal={Journal of Educational Technology Systems},
  volume={50},
  number={2},
  pages={140--171},
  year={2021},
  publisher={SAGE Publications Sage CA: Los Angeles, CA}
}


@inproceedings{liang2020learning,
  title={Learning lane graph representations for motion forecasting},
  author={Liang, Ming and Yang, Bin and Hu, Rui and Chen, Yun and Liao, Renjie and Feng, Song and Urtasun, Raquel},
  booktitle={Computer Vision--ECCV 2020: 16th European Conference, Glasgow, UK, August 23--28, 2020, Proceedings, Part II 16},
  pages={541--556},
  year={2020},
  publisher={Springer},
    address={Berlin, Germany}
}

@inproceedings{zeng2021lanercnn,
  title={Lanercnn: Distributed representations for graph-centric motion forecasting},
  author={Zeng, Wenyuan and Liang, Ming and Liao, Renjie and Urtasun, Raquel},
  booktitle={2021 IEEE/RSJ International Conference on Intelligent Robots and Systems (IROS)},
  pages={532--539},
  year={2021},
  publisher={IEEE}, address={Piscataway, NJ}
}

@inproceedings{zhou2022hivt,
  title={Hivt: Hierarchical vector transformer for multi-agent motion prediction},
  author={Zhou, Zikang and Ye, Luyao and Wang, Jianping and Wu, Kui and Lu, Kejie},
  booktitle={Proceedings of the IEEE/CVF Conference on Computer Vision and Pattern Recognition},
  pages={8823--8833},
  year={2022},
    publisher={IEEE}, address={Piscataway, NJ}

}

@inproceedings{huang2022multi,
  title={Multi-modal motion prediction with transformer-based neural network for autonomous driving},
  author={Huang, Zhiyu and Mo, Xiaoyu and Lv, Chen},
  booktitle={2022 International Conference on Robotics and Automation (ICRA)},
  pages={2605--2611},
  year={2022},
  publisher={IEEE}, address={Piscataway, NJ}
}

@inproceedings{yuan2021agentformer,
  title={Agentformer: Agent-aware transformers for socio-temporal multi-agent forecasting},
  author={Yuan, Ye and Weng, Xinshuo and Ou, Yanglan and Kitani, Kris M},
  booktitle={Proceedings of the IEEE/CVF International Conference on Computer Vision},
  pages={9813--9823},
  year={2021},
    publisher={IEEE}, address={Piscataway, NJ}

}

@inproceedings{liu2021multimodal,
  title={Multimodal motion prediction with stacked transformers},
  author={Liu, Yicheng and Zhang, Jinghuai and Fang, Liangji and Jiang, Qinhong and Zhou, Bolei},
  booktitle={Proceedings of the IEEE/CVF Conference on Computer Vision and Pattern Recognition},
  pages={7577--7586},
  year={2021},
    publisher={IEEE}, address={Piscataway, NJ}

}

@article{kong2022human,
  title={Human action recognition and prediction: A survey},
  author={Kong, Yu and Fu, Yun},
  journal={International Journal of Computer Vision},
  volume={130},
  number={5},
  pages={1366--1401},
  year={2022},
  publisher={Springer},
    address={Berlin, Germany}
}

@inproceedings{li2020end,
  title={End-to-end contextual perception and prediction with interaction transformer},
  author={Li, Lingyun Luke and Yang, Bin and Liang, Ming and Zeng, Wenyuan and Ren, Mengye and Segal, Sean and Urtasun, Raquel},
  booktitle={2020 IEEE/RSJ International Conference on Intelligent Robots and Systems (IROS)},
  pages={5784--5791},
  year={2020},
  publisher={IEEE}, address={Piscataway, NJ}
}


@article{desselle2020augmented,
  title={Augmented and virtual reality in surgery},
  author={Desselle, Mathilde R and Brown, Ross A and James, Allan R and Midwinter, Mark J and Powell, Sean K and Woodruff, Maria A},
  journal={Computing in Science \& Engineering},
  volume={22},
  number={3},
  pages={18--26},
  year={2020},
  publisher={IEEE}
}

@inproceedings{minnekanti2024classesinvr,
  title={ClassesInVR: An Immersive VR-Based Classroom},
  author={Minnekanti, Jyothinadh and Banerjee, Natasha Kholgade and Banerjee, Sean},
  booktitle={2024 IEEE International Conference on Artificial Intelligence and eXtended and Virtual Reality (AIxVR)},
  pages={310--314},
  year={2024},
  organization={IEEE}
}

@inproceedings{gawlik2020factors,
  title={Factors affecting the effectiveness of military training in virtual reality environment},
  author={Gawlik-Kobyli{\'n}ska, Ma{\l}gorzata and Maciejewski, Pawe{\l} and Lebied{\'z}, Jacek and Wysoki{\'n}ska-Senkus, Aneta},
  booktitle={Proceedings of the 2020 9th International Conference on Educational and Information Technology},
  pages={144--148},
  year={2020}
}

@inproceedings{gao2021digital,
  title={Digital transformations of classrooms in virtual reality},
  author={Gao, Hong and Bozkir, Efe and Hasenbein, Lisa and Hahn, Jens-Uwe and G{\"o}llner, Richard and Kasneci, Enkelejda},
  booktitle={Proceedings of the 2021 CHI Conference on Human Factors in Computing Systems},
  pages={1--10},
  year={2021}
}

@inproceedings{bozkir2021exploiting,
  title={Exploiting object-of-interest information to understand attention in VR classrooms},
  author={Bozkir, Efe and Stark, Philipp and Gao, Hong and Hasenbein, Lisa and Hahn, Jens-Uwe and Kasneci, Enkelejda and G{\"o}llner, Richard},
  booktitle={2021 IEEE Virtual Reality and 3D User Interfaces (VR)},
  pages={597--605},
  year={2021},
  organization={IEEE}
}

@article{hasenbein2022learning,
  title={Learning with simulated virtual classmates: Effects of social-related configurations on students’ visual attention and learning experiences in an immersive virtual reality classroom},
  author={Hasenbein, Lisa and Stark, Philipp and Trautwein, Ulrich and Queiroz, Anna Carolina Muller and Bailenson, Jeremy and Hahn, Jens-Uwe and G{\"o}llner, Richard},
  journal={Computers in Human Behavior},
  volume={133},
  pages={107282},
  year={2022},
  publisher={Elsevier}
}

@inproceedings{li2024evaluating,
  title={Evaluating Deep Networks for Detecting User Familiarity with VR from Hand Interactions},
  author={Li, Mingjun and Zafar, Numan and Banerjee, Natasha Kholgade and Banerjee, Sean},
  booktitle={2024 IEEE International Conference on Artificial Intelligence and eXtended and Virtual Reality (AIxVR)},
  pages={226--230},
  year={2024},
  organization={IEEE}
}

@article{de2020use,
  title={Use of virtual reality simulators for training programs in the areas of security and defense: a systematic review},
  author={de Armas, Claudia and Tori, Romero and Netto, Antonio Valerio},
  journal={Multimedia Tools and Applications},
  volume={79},
  pages={3495--3515},
  year={2020},
  publisher={Springer}
}

@article{ahir2020application,
  title={Application on virtual reality for enhanced education learning, military training and sports},
  author={Ahir, Kunjal and Govani, Kajal and Gajera, Rutvik and Shah, Manan},
  journal={Augmented Human Research},
  volume={5},
  pages={1--9},
  year={2020},
  publisher={Springer}
}

@inproceedings{rettinger2022defuse,
  title={Defuse the Training of Risky Tasks: Collaborative Training in XR},
  author={Rettinger, Maximilian and Rigoll, Gerhard},
  booktitle={2022 IEEE International Symposium on Mixed and Augmented Reality (ISMAR)},
  pages={695--701},
  year={2022},
  organization={IEEE}
}


@article{jiang2023rtmpose,
  title={Rtmpose: Real-time multi-person pose estimation based on mmpose},
  author={Jiang, Tao and Lu, Peng and Zhang, Li and Ma, Ningsheng and Han, Rui and Lyu, Chengqi and Li, Yining and Chen, Kai},
  journal={arXiv preprint arXiv:2303.07399},
  year={2023}
}