@misc{abbasiantaeb2023letllmstalksimulating,
      title={Let the LLMs Talk: Simulating Human-to-Human Conversational QA via Zero-Shot LLM-to-LLM Interactions}, 
      author={Zahra Abbasiantaeb and Yifei Yuan and Evangelos Kanoulas and Mohammad Aliannejadi},
      year={2023},
      eprint={2312.02913},
      archivePrefix={arXiv},
      primaryClass={cs.CL},
      url={https://arxiv.org/abs/2312.02913}, 
}

@article{abdollahian2013human,
  title={Human development dynamics: an agent based simulation of macro social systems and individual heterogeneous evolutionary games},
  author={Abdollahian, Mark and Yang, Zining and Coan, Travis and Yesilada, Birol},
  journal={Complex Adaptive Systems Modeling},
  volume={1},
  pages={1--17},
  year={2013},
  publisher={Springer}
}

@article{axtell2022agent,
  title={Agent-based modeling in economics and finance: Past, present, and future},
  author={Axtell, Robert L and Farmer, J Doyne},
  journal={Journal of Economic Literature},
  pages={1--101},
  year={2022},
  publisher={American Economic Association}
}

@article{basu2015scaffolding,
  title={A scaffolding framework to support learning of emergent phenomena using multi-agent-based simulation environments},
  author={Basu, Satabdi and Sengupta, Pratim and Biswas, Gautam},
  journal={Research in Science Education},
  volume={45},
  pages={293--324},
  year={2015},
  publisher={Springer}
}

@article{bonabeau2002agent,
  title={Agent-based modeling: Methods and techniques for simulating human systems},
  author={Bonabeau, Eric},
  journal={Proceedings of the national academy of sciences},
  volume={99},
  number={suppl\_3},
  pages={7280--7287},
  year={2002},
  publisher={National Acad Sciences}
}

@inproceedings{chen2024evaluating,
  title={Evaluating the LLM Agents for Simulating Humanoid Behavior},
  author={Chen, Chaoran and Yao, Bingsheng and Ye, Yanfang and Wang, Dakuo and Li, Toby Jia-Jun},
  year={2024},
  organization={The First Workshop on Human-Centered Evaluation and Auditing of Language~…}
}

@article{chuang2023simulating,
  title={Simulating opinion dynamics with networks of llm-based agents},
  author={Chuang, Yun-Shiuan and Goyal, Agam and Harlalka, Nikunj and Suresh, Siddharth and Hawkins, Robert and Yang, Sijia and Shah, Dhavan and Hu, Junjie and Rogers, Timothy T},
  journal={arXiv preprint arXiv:2311.09618},
  year={2023}
}

@article{cont2001empirical,
  title={Empirical properties of asset returns: stylized facts and statistical issues},
  author={Cont, Rama},
  journal={Quantitative finance},
  volume={1},
  number={2},
  pages={223},
  year={2001},
  publisher={IOP Publishing}
}

@techreport{eisfeldt2024ai,
  title={AI and Finance},
  author={Eisfeldt, Andrea L and Schubert, Gregor},
  year={2024},
  institution={National Bureau of Economic Research}
}

@article{fedyk2024chatgpt,
  title={ChatGPT and Perception Biases in Investments: An Experimental Study},
  author={Fedyk, Anastassia and Kakhbod, Ali and Li, Peiyao and Malmendier, Ulrike},
  journal={Available at SSRN 4787249},
  year={2024}
}

@article{franke2012structural,
  title={Structural stochastic volatility in asset pricing dynamics: Estimation and model contest},
  author={Franke, Reiner and Westerhoff, Frank},
  journal={Journal of Economic Dynamics and Control},
  volume={36},
  number={8},
  pages={1193--1211},
  year={2012},
  publisher={Elsevier}
}

@article{franke2016simple,
  title={Why a simple herding model may generate the stylized facts of daily returns: explanation and estimation},
  author={Franke, Reiner and Westerhoff, Frank},
  journal={Journal of Economic Interaction and Coordination},
  volume={11},
  pages={1--34},
  year={2016},
  publisher={Springer}
}

@incollection{gaunersdorfer2007nonlinear,
  title={A nonlinear structural model for volatility clustering},
  author={Gaunersdorfer, Andrea and Hommes, Cars},
  booktitle={Long memory in economics},
  pages={265--288},
  year={2007},
  publisher={Springer}
}

@article{georges2021market,
  title={Market stability with machine learning agents},
  author={Georges, Christophre and Pereira, Javier},
  journal={Journal of Economic Dynamics and Control},
  volume={122},
  pages={104032},
  year={2021},
  publisher={Elsevier}
}

@article{gilardi2023chatgpt,
  title={ChatGPT outperforms crowd workers for text-annotation tasks},
  author={Gilardi, Fabrizio and Alizadeh, Meysam and Kubli, Maël},
  journal={Proceedings of the National Academy of Sciences},
  volume={120},
  number={30},
  pages={e2305016120},
  year={2023},
  publisher={National Academy of Sciences}
}

@misc{hua2024gametheoreticllmagentworkflow,
      title={Game-theoretic LLM: Agent Workflow for Negotiation Games}, 
      author={Wenyue Hua and Ollie Liu and Lingyao Li and Alfonso Amayuelas and Julie Chen and Lucas Jiang and Mingyu Jin and Lizhou Fan and Fei Sun and William Wang and Xintong Wang and Yongfeng Zhang},
      year={2024},
      eprint={2411.05990},
      archivePrefix={arXiv},
      primaryClass={cs.AI},
      url={https://arxiv.org/abs/2411.05990}, 
}

@article{palmer1999artificial,
  title={An artificial stock market},
  author={Palmer, Richard G and Arthur, W Brian and Holland, John H and LeBaron, Blake},
  journal={Artificial Life and Robotics},
  volume={3},
  pages={27--31},
  year={1999},
  publisher={Springer}
}

@article{park2023generative,
  title={Generative agents: Interactive simulacra of human behavior. ArXiv},
  author={Park, Joon Sung and O’Brien, Joseph C and Cai, Carrie J and Morris, Meredith Ringel and Liang, Percy and Bernstein, Michael S},
  journal={arXiv preprint ArXiv:2304.03442},
  year={2023}
}

@article{reale2024interbank,
  title={Interbank decisions and margins of stability: an agent-based stock-flow consistent approach},
  author={Reale, Jessica},
  journal={Journal of Economic Dynamics and Control},
  volume={160},
  pages={104822},
  year={2024},
  publisher={Elsevier}
}

@article{yang2024oasis,
  title={Oasis: Open agents social interaction simulations on one million agents},
  author={Yang, Ziyi and Zhang, Zaibin and Zheng, Zirui and Jiang, Yuxian and Gan, Ziyue and Wang, Zhiyu and Ling, Zijian and Chen, Jinsong and Ma, Martz and Dong, Bowen and others},
  journal={arXiv preprint arXiv:2411.11581},
  year={2024}
}

@article{yang2024ucfe,
  title={Ucfe: A user-centric financial expertise benchmark for large language models},
  author={Yang, Yuzhe and Zhang, Yifei and Hu, Yan and Guo, Yilin and Gan, Ruoli and He, Yueru and Lei, Mingcong and Zhang, Xiao and Wang, Haining and Xie, Qianqian and others},
  journal={arXiv preprint arXiv:2410.14059},
  year={2024}
}

@article{yu2024fincon,
  title={Fincon: A synthesized llm multi-agent system with conceptual verbal reinforcement for enhanced financial decision making},
  author={Yu, Yangyang and Yao, Zhiyuan and Li, Haohang and Deng, Zhiyang and Cao, Yupeng and Chen, Zhi and Suchow, Jordan W and Liu, Rong and Cui, Zhenyu and Xu, Zhaozhuo and others},
  journal={arXiv preprint arXiv:2407.06567},
  year={2024}
}

