
@article{valente2007identifying,
  title={Identifying opinion leaders to promote behavior change},
  author={Valente, Thomas W and Pumpuang, Patchareeya},
  journal={Health education \& behavior},
  volume={34},
  number={6},
  pages={881--896},
  year={2007},
  publisher={Sage Publications Sage CA: Los Angeles, CA}
}


@misc{wei2023chainofthoughtpromptingelicitsreasoning,
      title={Chain-of-Thought Prompting Elicits Reasoning in Large Language Models}, 
      author={Jason Wei and Xuezhi Wang and Dale Schuurmans and Maarten Bosma and Brian Ichter and Fei Xia and Ed Chi and Quoc Le and Denny Zhou},
      year={2023},
      eprint={2201.11903},
      archivePrefix={arXiv},
      primaryClass={cs.CL},
      url={https://arxiv.org/abs/2201.11903}, 
}


@inproceedings{rao1995bdi,
  title={BDI agents: from theory to practice.},
  author={Rao, Anand S and Georgeff, Michael P and others},
  booktitle={Icmas},
  volume={95},
  pages={312--319},
  year={1995}
}

@misc{amir2015, 
    title={How Reddit ranking algorithms work}, url={https://medium.com/hacking-and-gonzo/how-reddit-ranking-algorithms-work-ef111e33d0d9}, journal={Medium}, publisher={Hacking and Gonzo}, author={Amir Salihefendic}, year={2015}, month={Dec} }

@misc{chen2025multiagentconsensusseekinglarge,
      title={Multi-Agent Consensus Seeking via Large Language Models}, 
      author={Huaben Chen and Wenkang Ji and Lufeng Xu and Shiyu Zhao},
      year={2025},
      eprint={2310.20151},
      archivePrefix={arXiv},
      primaryClass={cs.CL},
      url={https://arxiv.org/abs/2310.20151}, 
}


@inproceedings{chen2024evaluating,
  title={Evaluating the LLM Agents for Simulating Humanoid Behavior},
  author={Chen, Chaoran and Yao, Bingsheng and Ye, Yanfang and Wang, Dakuo and Li, Toby Jia-Jun},
  year={2024},
  organization={The First Workshop on Human-Centered Evaluation and Auditing of Language~â€¦}
}

@article{yang2024ucfe,
  title={Ucfe: A user-centric financial expertise benchmark for large language models},
  author={Yang, Yuzhe and Zhang, Yifei and Hu, Yan and Guo, Yilin and Gan, Ruoli and He, Yueru and Lei, Mingcong and Zhang, Xiao and Wang, Haining and Xie, Qianqian and others},
  journal={arXiv preprint arXiv:2410.14059},
  year={2024}
}

@article{Gui_2023,
   title={The Challenge of Using LLMs to Simulate Human Behavior: A Causal Inference Perspective},
   ISSN={1556-5068},
   url={http://dx.doi.org/10.2139/ssrn.4650172},
   DOI={10.2139/ssrn.4650172},
   journal={SSRN Electronic Journal},
   publisher={Elsevier BV},
   author={Gui, George and Toubia, Olivier},
   year={2023} }

@misc{xie2024largelanguagemodelagents,
      title={Can Large Language Model Agents Simulate Human Trust Behavior?}, 
      author={Chengxing Xie and Canyu Chen and Feiran Jia and Ziyu Ye and Shiyang Lai and Kai Shu and Jindong Gu and Adel Bibi and Ziniu Hu and David Jurgens and James Evans and Philip Torr and Bernard Ghanem and Guohao Li},
      year={2024},
      eprint={2402.04559},
      archivePrefix={arXiv},
      primaryClass={cs.AI},
      url={https://arxiv.org/abs/2402.04559}, 
}

@misc{li2023largelanguagemodelsunderstand,
      title={Large Language Models Understand and Can be Enhanced by Emotional Stimuli}, 
      author={Cheng Li and Jindong Wang and Yixuan Zhang and Kaijie Zhu and Wenxin Hou and Jianxun Lian and Fang Luo and Qiang Yang and Xing Xie},
      year={2023},
      eprint={2307.11760},
      archivePrefix={arXiv},
      primaryClass={cs.CL},
      url={https://arxiv.org/abs/2307.11760}, 
}


@misc{liu2024dellmadecisionmakinguncertainty,
      title={DeLLMa: Decision Making Under Uncertainty with Large Language Models}, 
      author={Ollie Liu and Deqing Fu and Dani Yogatama and Willie Neiswanger},
      year={2024},
      eprint={2402.02392},
      archivePrefix={arXiv},
      primaryClass={cs.AI},
      url={https://arxiv.org/abs/2402.02392}, 
}

@misc{abbasiantaeb2023letllmstalksimulating,
      title={Let the LLMs Talk: Simulating Human-to-Human Conversational QA via Zero-Shot LLM-to-LLM Interactions}, 
      author={Zahra Abbasiantaeb and Yifei Yuan and Evangelos Kanoulas and Mohammad Aliannejadi},
      year={2023},
      eprint={2312.02913},
      archivePrefix={arXiv},
      primaryClass={cs.CL},
      url={https://arxiv.org/abs/2312.02913}, 
}


@misc{renze2024selfreflectionllmagentseffects,
      title={Self-Reflection in LLM Agents: Effects on Problem-Solving Performance}, 
      author={Matthew Renze and Erhan Guven},
      year={2024},
      eprint={2405.06682},
      archivePrefix={arXiv},
      primaryClass={cs.CL},
      url={https://arxiv.org/abs/2405.06682}, 
}

@misc{hua2024gametheoreticllmagentworkflow,
      title={Game-theoretic LLM: Agent Workflow for Negotiation Games}, 
      author={Wenyue Hua and Ollie Liu and Lingyao Li and Alfonso Amayuelas and Julie Chen and Lucas Jiang and Mingyu Jin and Lizhou Fan and Fei Sun and William Wang and Xintong Wang and Yongfeng Zhang},
      year={2024},
      eprint={2411.05990},
      archivePrefix={arXiv},
      primaryClass={cs.AI},
      url={https://arxiv.org/abs/2411.05990}, 
}


@article{zhang2024ai,
  title={When ai meets finance (stockagent): Large language model-based stock trading in simulated real-world environments},
  author={Zhang, Chong and Liu, Xinyi and Jin, Mingyu and Zhang, Zhongmou and Li, Lingyao and Wang, Zhengting and Hua, Wenyue and Shu, Dong and Zhu, Suiyuan and Jin, Xiaobo and others},
  journal={arXiv preprint arXiv:2407.18957},
  year={2024}
}



@techreport{eisfeldt2024ai,
  title={AI and Finance},
  author={Eisfeldt, Andrea L and Schubert, Gregor},
  year={2024},
  institution={National Bureau of Economic Research}
}



@article{barde2016direct,
  title={Direct comparison of agent-based models of herding in financial markets},
  author={Barde, Sylvain},
  journal={Journal of Economic Dynamics and Control},
  volume={73},
  pages={329--353},
  year={2016},
  publisher={Elsevier}
}

@article{hommes2011heterogeneous,
  title={The heterogeneous expectations hypothesis: Some evidence from the lab},
  author={Hommes, Cars},
  journal={Journal of Economic dynamics and control},
  volume={35},
  number={1},
  pages={1--24},
  year={2011},
  publisher={Elsevier}
}

@incollection{durkheim2023rules,
  title={The rules of sociological method},
  author={Durkheim, Emile},
  booktitle={Social theory re-wired},
  pages={9--14},
  year={2023},
  publisher={Routledge}
}

@article{cookson2023echo,
  title={Echo chambers},
  author={Cookson, J Anthony and Engelberg, Joseph E and Mullins, William},
  journal={The Review of Financial Studies},
  volume={36},
  number={2},
  pages={450--500},
  year={2023},
  publisher={Oxford University Press}
}

@article{levy2019echo,
  title={Echo chambers and their effects on economic and political outcomes},
  author={Levy, Gilat and Razin, Ronny},
  journal={Annual Review of Economics},
  volume={11},
  number={1},
  pages={303--328},
  year={2019},
  publisher={Annual Reviews}
}


@article{piao2025emergence,
  title={Emergence of human-like polarization among large language model agents},
  author={Piao, Jinghua and Lu, Zhihong and Gao, Chen and Xu, Fengli and Santos, Fernando P and Li, Yong and Evans, James},
  journal={arXiv preprint arXiv:2501.05171},
  year={2025} 
}


@article{rhodes2022filter,
  title={Filter bubbles, echo chambers, and fake news: How social media conditions individuals to be less critical of political misinformation},
  author={Rhodes, Samuel C},
  journal={Political Communication},
  volume={39},
  number={1},
  pages={1--22},
  year={2022},
  publisher={Taylor \& Francis}
}


@article{hurst2024gpt,
  title={Gpt-4o system card},
  author={Hurst, Aaron and Lerer, Adam and Goucher, Adam P and Perelman, Adam and Ramesh, Aditya and Clark, Aidan and Ostrow, AJ and Welihinda, Akila and Hayes, Alan and Radford, Alec and others},
  journal={arXiv preprint arXiv:2410.21276},
  year={2024}
}

 @article{gu2023dynamic,
  title={The Dynamic Interplay of Market Forces and Human Behavior: A Critical Review of Efficient Market Hypothesis and Behavioral Finance},
  author={Gu, G},
  journal={Advances in Economics, Management and Political Sciences},
  volume={31},
  number={1},
  pages={54--59},
  year={2023}
}

@article{kiruthika2023cognitive,
  title={Cognitive Bias Factors Influencing Investors Investment Decisions in Behavioural Finance Perception},
  author={Kiruthika, R and Ramya, S},
  journal={Journal of Research Administration},
  volume={5},
  pages={2809--25},
  year={2023}
}

@book{weber1978economy,
  title={Economy and society: An outline of interpretive sociology},
  author={Weber, Max},
  volume={1},
  year={1978},
  publisher={University of California press}
}


@article{matthews2006people,
  title={The People and Landscape Model (PALM): Towards full integration of human decision-making and biophysical simulation models},
  author={Matthews, Robin},
  journal={Ecological modelling},
  volume={194},
  number={4},
  pages={329--343},
  year={2006},
  publisher={Elsevier}
}

@article{wang2024homogeneous,
  title={A homogeneous multi-vehicle cooperative group decision-making method in complicated mixed traffic scenarios},
  author={Wang, Yuning and Li, Jinhao and Ke, Tianqi and Ke, Zehong and Jiang, Junkai and Xu, Shaobing and Wang, Jianqiang},
  journal={Transportation Research Part C: Emerging Technologies},
  volume={167},
  pages={104833},
  year={2024},
  publisher={Elsevier}
}

@article{ciarli2010effect,
  title={The effect of consumption and production structure on growth and distribution. A micro to macro model},
  author={Ciarli, Tommaso and Lorentz, Andr{\'e} and Savona, Maria and Valente, Marco},
  journal={Metroeconomica},
  volume={61},
  number={1},
  pages={180--218},
  year={2010},
  publisher={Wiley Online Library}
}

@article{baqaee2023micro,
  title={Micro propagation and macro aggregation},
  author={Baqaee, David and Rubbo, Elisa},
  journal={Annual Review of Economics},
  volume={15},
  number={1},
  pages={91--123},
  year={2023},
  publisher={Annual Reviews}
}

@article{deangelis2019decision,
  title={Decision-making in agent-based modeling: A current review and future prospectus},
  author={DeAngelis, Donald L and Diaz, Stephanie G},
  journal={Frontiers in Ecology and Evolution},
  volume={6},
  pages={237},
  year={2019},
  publisher={Frontiers Media SA}
}

@article{bonabeau2002agent,
  title={Agent-based modeling: Methods and techniques for simulating human systems},
  author={Bonabeau, Eric},
  journal={Proceedings of the national academy of sciences},
  volume={99},
  number={suppl\_3},
  pages={7280--7287},
  year={2002},
  publisher={National Acad Sciences}
}

@article{basu2015scaffolding,
  title={A scaffolding framework to support learning of emergent phenomena using multi-agent-based simulation environments},
  author={Basu, Satabdi and Sengupta, Pratim and Biswas, Gautam},
  journal={Research in Science Education},
  volume={45},
  pages={293--324},
  year={2015},
  publisher={Springer}
}


@article{palmer1999artificial,
  title={An artificial stock market},
  author={Palmer, Richard G and Arthur, W Brian and Holland, John H and LeBaron, Blake},
  journal={Artificial Life and Robotics},
  volume={3},
  pages={27--31},
  year={1999},
  publisher={Springer}
}


@article{abdollahian2013human,
  title={Human development dynamics: an agent based simulation of macro social systems and individual heterogeneous evolutionary games},
  author={Abdollahian, Mark and Yang, Zining and Coan, Travis and Yesilada, Birol},
  journal={Complex Adaptive Systems Modeling},
  volume={1},
  pages={1--17},
  year={2013},
  publisher={Springer}
}


@article{axtell2022agent,
  title={Agent-based modeling in economics and finance: Past, present, and future},
  author={Axtell, Robert L and Farmer, J Doyne},
  journal={Journal of Economic Literature},
  pages={1--101},
  year={2022},
  publisher={American Economic Association}
}

@article{georges2021market,
  title={Market stability with machine learning agents},
  author={Georges, Christophre and Pereira, Javier},
  journal={Journal of Economic Dynamics and Control},
  volume={122},
  pages={104032},
  year={2021},
  publisher={Elsevier}
}

@article{reale2024interbank,
  title={Interbank decisions and margins of stability: an agent-based stock-flow consistent approach},
  author={Reale, Jessica},
  journal={Journal of Economic Dynamics and Control},
  volume={160},
  pages={104822},
  year={2024},
  publisher={Elsevier}
}


@inproceedings{abbasiantaeb2024let,
  title={Let the llms talk: Simulating human-to-human conversational qa via zero-shot llm-to-llm interactions},
  author={Abbasiantaeb, Zahra and Yuan, Yifei and Kanoulas, Evangelos and Aliannejadi, Mohammad},
  booktitle={Proceedings of the 17th ACM International Conference on Web Search and Data Mining},
  pages={8--17},
  year={2024}
}

@article{yang2024oasis,
  title={Oasis: Open agents social interaction simulations on one million agents},
  author={Yang, Ziyi and Zhang, Zaibin and Zheng, Zirui and Jiang, Yuxian and Gan, Ziyue and Wang, Zhiyu and Ling, Zijian and Chen, Jinsong and Ma, Martz and Dong, Bowen and others},
  journal={arXiv preprint arXiv:2411.11581},
  year={2024}
}

@article{chen2018estimation,
  title={Estimation of sentiment effects in financial markets: A simulated method of moments approach},
  author={Chen, Zhenxi and Lux, Thomas},
  journal={Computational Economics},
  volume={52},
  number={3},
  pages={711--744},
  year={2018},
  publisher={Springer}
}


@article{franke2016simple,
  title={Why a simple herding model may generate the stylized facts of daily returns: explanation and estimation},
  author={Franke, Reiner and Westerhoff, Frank},
  journal={Journal of Economic Interaction and Coordination},
  volume={11},
  pages={1--34},
  year={2016},
  publisher={Springer}
}

@article{franke2012structural,
  title={Structural stochastic volatility in asset pricing dynamics: Estimation and model contest},
  author={Franke, Reiner and Westerhoff, Frank},
  journal={Journal of Economic Dynamics and Control},
  volume={36},
  number={8},
  pages={1193--1211},
  year={2012},
  publisher={Elsevier}
}

@article{lux2000volatility,
  title={Volatility clustering in financial markets: a microsimulation of interacting agents},
  author={Lux, Thomas and Marchesi, Michele},
  journal={International journal of theoretical and applied finance},
  volume={3},
  number={04},
  pages={675--702},
  year={2000},
  publisher={World Scientific}
}

@article{bouchaud2001leverage,
  title={Leverage effect in financial markets: The retarded volatility model},
  author={Bouchaud, Jean-Philippe and Matacz, Andrew and Potters, Marc},
  journal={Physical review letters},
  volume={87},
  number={22},
  pages={228701},
  year={2001},
  publisher={APS}
}

@article{haas2009financial,
  title={Financial Economics, Fat-Tailed Distributions.},
  author={Haas, Markus and Pigorsch, Christian},
  journal={Encyclopedia of Complexity and Systems Science},
  volume={4},
  number={1},
  pages={3404--3435},
  year={2009}
}

@article{llorente2002dynamic,
  title={Dynamic volume-return relation of individual stocks},
  author={Llorente, Guillermo and Michaely, Roni and Saar, Gideon and Wang, Jiang},
  journal={The Review of financial studies},
  volume={15},
  number={4},
  pages={1005--1047},
  year={2002},
  publisher={Oxford University Press}
}

@book{francq2019garch,
  title={GARCH models: structure, statistical inference and financial applications},
  author={Francq, Christian and Zakoian, Jean-Michel},
  year={2019},
  publisher={John Wiley \& Sons}
}

@article{jones2023retail,
  title={Retail trading and return predictability in China},
  author={Jones, Charles M and Shi, Donghui and Zhang, Xiaoyan and Zhang, Xinran},
  journal={Journal of Financial and Quantitative Analysis},
  pages={1--37},
  year={2023},
  publisher={Cambridge University Press}
}

@article{recchioni2015calibration,
  title={A calibration procedure for analyzing stock price dynamics in an agent-based framework},
  author={Recchioni, Maria Cristina and Tedeschi, Gabriele and Gallegati, Mauro},
  journal={Journal of Economic Dynamics and Control},
  volume={60},
  pages={1--25},
  year={2015},
  publisher={Elsevier}
}



@article{gao2024simulating,
  title={Simulating financial market via large language model based agents},
  author={Gao, Shen and Wen, Yuntao and Zhu, Minghang and Wei, Jianing and Cheng, Yuhan and Zhang, Qunzi and Shang, Shuo},
  journal={arXiv preprint arXiv:2406.19966},
  year={2024}
}

@article{farmer2009economy,
  title={The economy needs agent-based modelling},
  author={Farmer, J Doyne and Foley, Duncan},
  journal={Nature},
  volume={460},
  number={7256},
  pages={685--686},
  year={2009},
  publisher={Nature Publishing Group UK London}
}

@article{lebaron1999time,
  title={Time series properties of an artificial stock market},
  author={LeBaron, Blake and Arthur, W Brian and Palmer, Richard},
  journal={Journal of Economic Dynamics and control},
  volume={23},
  number={9-10},
  pages={1487--1516},
  year={1999},
  publisher={Elsevier}
}

@article{lebaron2002building,
  title={Building the Santa Fe artificial stock market},
  author={LeBaron, Blake},
  journal={Physica A},
  volume={1},
  pages={20},
  year={2002}
}

@book{ibragimov2015heavy,
  title={Heavy-tailed distributions and robustness in economics and finance},
  author={Ibragimov, Marat and Ibragimov, Rustam and Walden, Johan},
  volume={214},
  year={2015},
  publisher={Springer}
}

@article{abreu2003bubbles,
  title={Bubbles and crashes},
  author={Abreu, Dilip and Brunnermeier, Markus K},
  journal={Econometrica},
  volume={71},
  number={1},
  pages={173--204},
  year={2003},
  publisher={Wiley Online Library}
}

@article{macy2002factors,
  title={From factors to actors: Computational sociology and agent-based modeling},
  author={Macy, Michael W and Willer, Robert},
  journal={Annual review of sociology},
  volume={28},
  number={1},
  pages={143--166},
  year={2002},
  publisher={Annual Reviews 4139 El Camino Way, PO Box 10139, Palo Alto, CA 94303-0139, USA}
}


@incollection{gaunersdorfer2007nonlinear,
  title={A nonlinear structural model for volatility clustering},
  author={Gaunersdorfer, Andrea and Hommes, Cars},
  booktitle={Long memory in economics},
  pages={265--288},
  year={2007},
  publisher={Springer}
}

@article{park2023generative,
  title={Generative agents: Interactive simulacra of human behavior. ArXiv},
  author={Park, Joon Sung and Oâ€™Brien, Joseph C and Cai, Carrie J and Morris, Meredith Ringel and Liang, Percy and Bernstein, Michael S},
  journal={arXiv preprint ArXiv:2304.03442},
  year={2023}
}

@article{argyle2023out,
  title={Out of one, many: Using language models to simulate human samples},
  author={Argyle, Lisa P and Busby, Ethan C and Fulda, Nancy and Gubler, Joshua R and Rytting, Christopher and Wingate, David},
  journal={Political Analysis},
  volume={31},
  number={3},
  pages={337--351},
  year={2023},
  publisher={Cambridge University Press}
}

@article{gilardi2023chatgpt,
  title={ChatGPT outperforms crowd workers for text-annotation tasks},
  author={Gilardi, Fabrizio and Alizadeh, Meysam and Kubli, MaÃ«l},
  journal={Proceedings of the National Academy of Sciences},
  volume={120},
  number={30},
  pages={e2305016120},
  year={2023},
  publisher={National Academy of Sciences}
}

@article{cont2001empirical,
  title={Empirical properties of asset returns: stylized facts and statistical issues},
  author={Cont, Rama},
  journal={Quantitative finance},
  volume={1},
  number={2},
  pages={223},
  year={2001},
  publisher={IOP Publishing}
}

@article{sui2023stakes,
  title={Stakes and investor behaviors},
  author={Sui, Pengfei and Wang, Baolian},
  journal={Available at SSRN 4219861},
  year={2023}
}

@techreport{horton2023large,
  title={Large language models as simulated economic agents: What can we learn from homo silicus?},
  author={Horton, John J},
  year={2023},
  institution={National Bureau of Economic Research}
}

@article{franke2010specification,
  title={On the specification of noise in two agent-based asset pricing models},
  author={Franke, Reiner},
  journal={Journal of Economic Dynamics and Control},
  volume={34},
  number={6},
  pages={1140--1152},
  year={2010},
  publisher={Elsevier}
}

@article{franke2011estimation,
  title={Estimation of a structural stochastic volatility model of asset pricing},
  author={Franke, Reiner and Westerhoff, Frank},
  journal={Computational Economics},
  volume={38},
  pages={53--83},
  year={2011},
  publisher={Springer}
}


@inproceedings{cheng2024sociodojo,
  title={Sociodojo: Building lifelong analytical agents with real-world text and time series},
  author={Cheng, Junyan and Chin, Peter},
  booktitle={The Twelfth International Conference on Learning Representations},
  year={2024}
}

@article{fedyk2024chatgpt,
  title={ChatGPT and Perception Biases in Investments: An Experimental Study},
  author={Fedyk, Anastassia and Kakhbod, Ali and Li, Peiyao and Malmendier, Ulrike},
  journal={Available at SSRN 4787249},
  year={2024}
}

@article{bybee2023ghost,
  title={The ghost in the machine: Generating beliefs with large language models},
  author={Bybee, J Leland},
  journal={arXiv preprint arXiv:2305.02823},
  year={2023}
}

@article{markowitz1991foundations,
  title={Foundations of portfolio theory},
  author={Markowitz, Harry M},
  journal={The journal of finance},
  volume={46},
  number={2},
  pages={469--477},
  year={1991},
  publisher={JSTOR}
}

@book{fishburn1979utility,
  title={Utility theory for decision making},
  author={Fishburn, Peter C and Fishburn, Peter C and others},
  year={1979},
  publisher={Krieger NY}
}

@incollection{kahneman2013prospect,
  title={Prospect theory: An analysis of decision under risk},
  author={Kahneman, Daniel and Tversky, Amos},
  booktitle={Handbook of the fundamentals of financial decision making: Part I},
  pages={99--127},
  year={2013},
  publisher={World Scientific}
}

@article{shefrin2000behavioral,
  title={Behavioral portfolio theory},
  author={Shefrin, Hersh and Statman, Meir},
  journal={Journal of financial and quantitative analysis},
  volume={35},
  number={2},
  pages={127--151},
  year={2000},
  publisher={Cambridge University Press}
}

@misc{zhao2024competeaiunderstandingcompetitiondynamics,
      title={CompeteAI: Understanding the Competition Dynamics in Large Language Model-based Agents}, 
      author={Qinlin Zhao and Jindong Wang and Yixuan Zhang and Yiqiao Jin and Kaijie Zhu and Hao Chen and Xing Xie},
      year={2024},
      eprint={2310.17512},
      archivePrefix={arXiv},
      primaryClass={cs.AI},
      url={https://arxiv.org/abs/2310.17512}, 
}

@article{merton1948self,
  title={The self-fulfilling prophecy},
  author={Merton, Robert K},
  journal={The antioch review},
  volume={8},
  number={2},
  pages={193--210},
  year={1948},
  publisher={JSTOR}
}

@article{barber2001boys,
  title={Boys will be boys: Gender, overconfidence, and common stock investment},
  author={Barber, Brad M and Odean, Terrance},
  journal={The quarterly journal of economics},
  volume={116},
  number={1},
  pages={261--292},
  year={2001},
  publisher={MIT Press}
}

@article{shefrin1985disposition,
  title={The disposition to sell winners too early and ride losers too long: Theory and evidence},
  author={Shefrin, Hersh and Statman, Meir},
  journal={The Journal of finance},
  volume={40},
  number={3},
  pages={777--790},
  year={1985},
  publisher={Wiley Online Library}
}

@article{barberis2008stocks,
  title={Stocks as lotteries: The implications of probability weighting for security prices},
  author={Barberis, Nicholas and Huang, Ming},
  journal={American Economic Review},
  volume={98},
  number={5},
  pages={2066--2100},
  year={2008},
  publisher={American Economic Association}
}

@article{bikhchandani1992theory,
  title={A theory of fads, fashion, custom, and cultural change as informational cascades},
  author={Bikhchandani, Sushil and Hirshleifer, David and Welch, Ivo},
  journal={Journal of political Economy},
  volume={100},
  number={5},
  pages={992--1026},
  year={1992},
  publisher={The University of Chicago Press}
}

@article{loewenstein2003projection,
  title={Projection bias in predicting future utility},
  author={Loewenstein, George and O'Donoghue, Ted and Rabin, Matthew},
  journal={the Quarterly Journal of economics},
  pages={1209--1248},
  year={2003},
  publisher={JSTOR}
}

@techreport{shiller2000irrational,
  title={Irrational Exuberance. Princeton University},
  author={Shiller, RJ},
  year={2000},
  institution={New Jersey, mimeo}
}

@article{brock1998heterogeneous,
  title={Heterogeneous beliefs and routes to chaos in a simple asset pricing model},
  author={Brock, William A and Hommes, Cars H},
  journal={Journal of Economic dynamics and Control},
  volume={22},
  number={8-9},
  pages={1235--1274},
  year={1998},
  publisher={Elsevier}
}

@article{lebaron2006agent,
  title={Agent-based computational finance},
  author={LeBaron, Blake},
  journal={Handbook of computational economics},
  volume={2},
  pages={1187--1233},
  year={2006},
  publisher={Elsevier}
}

@article{feng2005investor,
  title={Do investor sophistication and trading experience eliminate behavioral biases in financial markets?},
  author={Feng, Lei and Seasholes, Mark S},
  journal={Review of finance},
  volume={9},
  number={3},
  pages={305--351},
  year={2005},
  publisher={Oxford University Press}
}

@article{sharpe1964capital,
  title={Capital asset prices: A theory of market equilibrium under conditions of risk},
  author={Sharpe, William F},
  journal={The journal of finance},
  volume={19},
  number={3},
  pages={425--442},
  year={1964},
  publisher={Wiley Online Library}
}

@article{huberman2001familiarity,
  title={Familiarity breeds investment},
  author={Huberman, Gur},
  journal={The Review of Financial Studies},
  volume={14},
  number={3},
  pages={659--680},
  year={2001},
  publisher={Oxford University Press}
}




@article{chuang2023simulating,
  title={Simulating opinion dynamics with networks of llm-based agents},
  author={Chuang, Yun-Shiuan and Goyal, Agam and Harlalka, Nikunj and Suresh, Siddharth and Hawkins, Robert and Yang, Sijia and Shah, Dhavan and Hu, Junjie and Rogers, Timothy T},
  journal={arXiv preprint arXiv:2311.09618},
  year={2023}
}


@article{yu2024fincon,
  title={Fincon: A synthesized llm multi-agent system with conceptual verbal reinforcement for enhanced financial decision making},
  author={Yu, Yangyang and Yao, Zhiyuan and Li, Haohang and Deng, Zhiyang and Cao, Yupeng and Chen, Zhi and Suchow, Jordan W and Liu, Rong and Cui, Zhenyu and Xu, Zhaozhuo and others},
  journal={arXiv preprint arXiv:2407.06567},
  year={2024}
}

@inproceedings{li2024econagent,
  title={Econagent: large language model-empowered agents for simulating macroeconomic activities},
  author={Li, Nian and Gao, Chen and Li, Mingyu and Li, Yong and Liao, Qingmin},
  booktitle={Proceedings of the 62nd Annual Meeting of the Association for Computational Linguistics (Volume 1: Long Papers)},
  pages={15523--15536},
  year={2024}
}



@article{barabasi1999emergence,
  title={Emergence of scaling in random networks},
  author={Barab{\'a}si, Albert-L{\'a}szl{\'o} and Albert, R{\'e}ka},
  journal={science},
  volume={286},
  number={5439},
  pages={509--512},
  year={1999},
  publisher={American Association for the Advancement of Science}
}


@article{esau2024destructive,
  title={Destructive polarization in digital communication contexts: a critical review and conceptual framework},
  author={Esau, Katharina and Choucair, Tariq and Vilkins, Samantha and Svegaard, Sebastian FK and Bruns, Axel and O'Connor-Farfan, Kate S and Lubicz-Zaorski, Carly},
  journal={Information, Communication \& Society},
  pages={1--22},
  year={2024},
  publisher={Taylor \& Francis}
}


@article{nekovee2007theory,
  title={Theory of rumour spreading in complex social networks},
  author={Nekovee, Maziar and Moreno, Yamir and Bianconi, Ginestra and Marsili, Matteo},
  journal={Physica A: Statistical Mechanics and its Applications},
  volume={374},
  number={1},
  pages={457--470},
  year={2007},
  publisher={Elsevier}
}

@inproceedings{symbiosis2024finfluencer,
  title={Finfluencer: Exploring the Untapped Influence of Financial Influencers},
  author={Symbiosis, Aditi Rajput and Gandhi, Aradhana},
  booktitle={2024 14th International Conference on Advanced Computer Information Technologies (ACIT)},
  pages={190--196},
  year={2024},
  organization={IEEE}
}

@article{vosoughi2018spread,
  title={The spread of true and false news online},
  author={Vosoughi, Soroush and Roy, Deb and Aral, Sinan},
  journal={science},
  volume={359},
  number={6380},
  pages={1146--1151},
  year={2018},
  publisher={American Association for the Advancement of Science}
}

@article{petitta2020economic,
  title={Economic stress, emotional contagion and safety outcomes: A cross-country study},
  author={Petitta, Laura and Probst, Tahira M and Ghezzi, Valerio and Barbaranelli, Claudio},
  journal={Work},
  volume={66},
  number={2},
  pages={421--435},
  year={2020},
  publisher={IOS Press}
}

@article{zhang2022effect,
  title={Effect of social media rumors on stock market volatility: A case of data mining in China},
  author={Zhang, Hua and Chen, Yuanzhu and Rong, Wei and Wang, Jun and Tan, Jinghua},
  journal={Frontiers in Physics},
  volume={10},
  pages={987799},
  year={2022},
  publisher={Frontiers Media SA}
}


@article{ahern2015rumor,
  title={Rumor has it: Sensationalism in financial media},
  author={Ahern, Kenneth R and Sosyura, Denis},
  journal={The Review of Financial Studies},
  volume={28},
  number={7},
  pages={2050--2093},
  year={2015},
  publisher={Oxford University Press}
}


@article{elkind2022investors,
  title={When do investors freak out? Machine learning predictions of panic selling},
  author={Elkind, Daniel and Kaminski, Kathryn and Lo, Andrew W and Siah, Kien Wei and Wong, Chi Heem},
  journal={Journal of Financial Data Science},
  volume={4},
  number={1},
  pages={11--39},
  year={2022}
}


@article{afrouzi2023overreaction,
  title={Overreaction in expectations: Evidence and theory},
  author={Afrouzi, Hassan and Kwon, Spencer Y and Landier, Augustin and Ma, Yueran and Thesmar, David},
  journal={The Quarterly Journal of Economics},
  volume={138},
  number={3},
  pages={1713--1764},
  year={2023},
  publisher={Oxford University Press}
}


@article{bessi2016homophily,
  title={Homophily and polarization in the age of misinformation},
  author={Bessi, Alessandro and Petroni, Fabio and Vicario, Michela Del and Zollo, Fabiana and Anagnostopoulos, Aris and Scala, Antonio and Caldarelli, Guido and Quattrociocchi, Walter},
  journal={The European physical journal special topics},
  volume={225},
  pages={2047--2059},
  year={2016},
  publisher={Springer}
}

@article{goldstein2023information,
  title={Information in financial markets and its real effects},
  author={Goldstein, Itay},
  journal={Review of Finance},
  volume={27},
  number={1},
  pages={1--32},
  year={2023},
  publisher={Oxford University Press}
}

@article{wang2025combining,
  title={Combining macro and micro: feature-driven dynamic graph learning for social media popularity prediction},
  author={Wang, Yashen and Li, Dongyang and Sun, Jianshan and Kun, Yuan and Jiang, Yinan and Zhang, Yin and Cao, Jie},
  journal={World Wide Web},
  volume={28},
  number={1},
  pages={18},
  year={2025},
  publisher={Springer}
}

@article{eismann2021diffusion,
  title={Diffusion and persistence of false rumors in social media networks: implications of searchability on rumor self-correction on Twitter},
  author={Eismann, Kathrin},
  journal={Journal of Business Economics},
  volume={91},
  number={9},
  pages={1299--1329},
  year={2021},
  publisher={Springer}
}