@misc{FlightsDelay,
  author       = {U.S. Department of Transportation (DOT)},
  title        = {2015 Flights Delay},
  howpublished = {\url{https://www.kaggle.com/datasets/usdot/flight-delays}},
  year         = 2015
}

@inproceedings{alman2021refined,
  title={A refined laser method and faster matrix multiplication},
  author={Alman, Josh and Williams, Virginia Vassilevska},
  booktitle={Proceedings of the 2021 ACM-SIAM Symposium on Discrete Algorithms (SODA)},
  pages={522--539},
  year={2021},
  organization={SIAM}
}

@article{matakos2020tell,
  title={Tell me something my friends do not know: Diversity maximization in social networks},
  author={Matakos, Antonis and Tu, Sijing and Gionis, Aristides},
  journal={Knowledge and Information Systems},
  volume={62},
  pages={3697--3726},
  year={2020},
  publisher={Springer}
}


@inproceedings{zhang2020maximizing,
  title={Maximizing diversity over clustered data},
  author={Zhang, Guangyi and Gionis, Aristides},
  booktitle={Proceedings of the 2020 SIAM International Conference on Data Mining},
  pages={649--657},
  year={2020},
  organization={SIAM}
}


@inproceedings{cevallos2017local,
  title={Local search for max-sum diversification},
  author={Cevallos, Alfonso and Eisenbrand, Friedrich and Zenklusen, Rico},
  booktitle={Proceedings of the Twenty-Eighth Annual ACM-SIAM Symposium on Discrete Algorithms},
  pages={130--142},
  year={2017},
  organization={SIAM}
}


@inproceedings{bhattacharya2011consideration,
  title={Consideration set generation in commerce search},
  author={Bhattacharya, Sayan and Gollapudi, Sreenivas and Munagala, Kamesh},
  booktitle={Proceedings of the 20th international conference on World wide web},
  pages={317--326},
  year={2011}
}


@article{hassin1997approximation,
  title={Approximation algorithms for maximum dispersion},
  author={Hassin, Refael and Rubinstein, Shlomi and Tamir, Arie},
  journal={Operations research letters},
  volume={21},
  number={3},
  pages={133--137},
  year={1997},
  publisher={Elsevier}
}


@inproceedings{indyk2014composable,
  title={Composable core-sets for diversity and coverage maximization},
  author={Indyk, Piotr and Mahabadi, Sepideh and Mahdian, Mohammad and Mirrokni, Vahab S},
  booktitle={Proceedings of the 33rd ACM SIGMOD-SIGACT-SIGART symposium on Principles of database systems},
  pages={100--108},
  year={2014}
}


@inproceedings{ceccarello2018fast,
  title={Fast coreset-based diversity maximization under matroid constraints},
  author={Ceccarello, Matteo and Pietracaprina, Andrea and Pucci, Geppino},
  booktitle={Proceedings of the Eleventh ACM International Conference on Web Search and Data Mining},
  pages={81--89},
  year={2018}
}

@inproceedings{borodin2012max,
  title={Max-sum diversification, monotone submodular functions and dynamic updates},
  author={Borodin, Allan and Lee, Hyun Chul and Ye, Yuli},
  booktitle={Proceedings of the 31st ACM SIGMOD-SIGACT-SIGAI symposium on Principles of Database Systems},
  pages={155--166},
  year={2012}
}

@inproceedings{archer2001two,
  title={Two O (log* k)-approximation algorithms for the asymmetric k-center problem},
  author={Archer, Aaron},
  booktitle={International Conference on Integer Programming and Combinatorial Optimization},
  pages={1--14},
  year={2001},
  organization={Springer}
}

@article{panigrahy1998ano,
  title={AnO (log* n) Approximation Algorithm for the Asymmetricp-Center Problem},
  author={Panigrahy, Rina and Vishwanathan, Sundar},
  journal={Journal of Algorithms},
  volume={27},
  number={2},
  pages={259--268},
  year={1998},
  publisher={Elsevier}
}


@article{svensson2020constant,
  title={A constant-factor approximation algorithm for the asymmetric traveling salesman problem},
  author={Svensson, Ola and Tarnawski, Jakub and V{\'e}gh, L{\'a}szl{\'o} A},
  journal={Journal of the ACM (JACM)},
  volume={67},
  number={6},
  pages={1--53},
  year={2020},
  publisher={ACM New York, NY, USA}
}


@inproceedings{borassi2019better,
  title={Better sliding window algorithms to maximize subadditive and diversity objectives},
  author={Borassi, Michele and Epasto, Alessandro and Lattanzi, Silvio and Vassilvitskii, Sergei and Zadimoghaddam, Morteza},
  booktitle={Proceedings of the 38th ACM SIGMOD-SIGACT-SIGAI Symposium on Principles of Database Systems},
  pages={254--268},
  year={2019}
}



@inproceedings{bauckhage2020adiabatic,
  title={Adiabatic quantum computing for max-sum diversification},
  author={Bauckhage, Christian and Sifa, Rafet and Wrobel, Stefan},
  booktitle={Proceedings of the 2020 SIAM International Conference on Data Mining},
  pages={343--351},
  year={2020},
  organization={SIAM}
}

@inproceedings{aghamolaei2015diversity,
  title={Diversity Maximization via Composable Coresets.},
  author={Aghamolaei, Sepideh and Farhadi, Majid and Zarrabi-Zadeh, Hamid},
  booktitle={CCCG},
  pages={38--48},
  year={2015}
}

@article{wang2023fair,
  title={Fair Max--Min Diversity Maximization in Streaming and Sliding-Window Models},
  author={Wang, Yanhao and Fabbri, Francesco and Mathioudakis, Michael and Li, Jia},
  journal={Entropy},
  volume={25},
  number={7},
  pages={1066},
  year={2023},
  publisher={MDPI}
}

@inproceedings{wang2022streaming,
  title={Streaming algorithms for diversity maximization with fairness constraints},
  author={Wang, Yanhao and Fabbri, Francesco and Mathioudakis, Michael},
  booktitle={2022 IEEE 38th International Conference on Data Engineering (ICDE)},
  pages={41--53},
  year={2022},
  organization={IEEE}
}


@article{ceccarello2020general,
  title={A general coreset-based approach to diversity maximization under matroid constraints},
  author={Ceccarello, Matteo and Pietracaprina, Andrea and Pucci, Geppino},
  journal={ACM Transactions on Knowledge Discovery from Data (TKDD)},
  volume={14},
  number={5},
  pages={1--27},
  year={2020},
  publisher={ACM New York, NY, USA}
}

@inproceedings{zadeh2017scalable,
  title={Scalable feature selection via distributed diversity maximization},
  author={Zadeh, Sepehr and Ghadiri, Mehrdad and Mirrokni, Vahab and Zadimoghaddam, Morteza},
  booktitle={Proceedings of the AAAI Conference on Artificial Intelligence},
  volume={31},
  number={1},
  year={2017}
}

@inproceedings{celis2018fair,
  title={Fair and diverse DPP-based data summarization},
  author={Celis, Elisa and Keswani, Vijay and Straszak, Damian and Deshpande, Amit and Kathuria, Tarun and Vishnoi, Nisheeth},
  booktitle={International conference on machine learning},
  pages={716--725},
  year={2018},
  organization={PMLR}
}

@article{mahabadi2023improved,
  title={Improved Diversity Maximization Algorithms for Matching and Pseudoforest},
  author={Mahabadi, Sepideh and Narayanan, Shyam},
  journal={arXiv preprint arXiv:2307.04329},
  year={2023}
}


@article{CHANDRA2001438,
title = {Approximation Algorithms for Dispersion Problems},
journal = {Journal of Algorithms},
volume = {38},
number = {2},
pages = {438-465},
year = {2001},
issn = {0196-6774},
doi = {https://doi.org/10.1006/jagm.2000.1145},
author = {Barun Chandra and Magnús M Halldórsson},
}


@inproceedings{goldberg2008partial,
  title={The partial augment---relabel algorithm for the maximum flow problem},
  author={Goldberg, Andrew V},
  booktitle={European Symposium on Algorithms},
  pages={466--477},
  year={2008},
  organization={Springer}
}

@article{bollobas2004diameter,
  title={The diameter of a scale-free random graph},
  author={Bollob{\'a}s*, B{\'e}la and Riordan, Oliver},
  journal={Combinatorica},
  volume={24},
  number={1},
  pages={5--34},
  year={2004},
  publisher={Springer}
}

@inproceedings{bollobas2003directed,
  title={Directed scale-free graphs.},
  author={Bollob{\'a}s, B{\'e}la and Borgs, Christian and Chayes, Jennifer T and Riordan, Oliver},
  booktitle={SODA},
  volume={3},
  pages={132--139},
  year={2003}
}

@article{nevsetvril1985complexity,
  title={On the complexity of the subgraph problem},
  author={Ne{\v{s}}et{\v{r}}il, Jaroslav and Poljak, Svatopluk},
  journal={Commentationes Mathematicae Universitatis Carolinae},
  volume={26},
  number={2},
  pages={415--419},
  year={1985},
  publisher={Charles University in Prague, Faculty of Mathematics and Physics}
}

@inproceedings{hastad1996clique,
  title={Clique is hard to approximate within $n^{1-\varepsilon}$},
  author={Hastad, Johan},
  booktitle={Proceedings of 37th Conference on Foundations of Computer Science},
  pages={627--636},
  year={1996},
  organization={IEEE}
}

@inproceedings{kowaluk2008path,
  title={A path cover technique for LCAs in dags},
  author={Kowaluk, Miros{\l}aw and Lingas, Andrzej and Nowak, Johannes},
  booktitle={Scandinavian Workshop on Algorithm Theory},
  pages={222--233},
  year={2008},
  organization={Springer}
}

@article{makinen2019sparse,
  title={Sparse dynamic programming on DAGs with small width},
  author={M{\"a}kinen, Veli and Tomescu, Alexandru I and Kuosmanen, Anna and Paavilainen, Topi and Gagie, Travis and Chikhi, Rayan},
  journal={ACM Transactions on Algorithms (TALG)},
  volume={15},
  number={2},
  pages={1--21},
  year={2019},
  publisher={ACM New York, NY, USA}
}

@article{caceres2022minimum,
  title={Minimum path cover in parameterized linear time},
  author={Caceres, Manuel and Cairo, Massimo and Mumey, Brendan and Rizzi, Romeo and Tomescu, Alexandru I},
  journal={arXiv preprint arXiv:2211.09659},
  year={2022}
}

@inbook{caceressoda,
author = {Manuel Cáceres and Massimo Cairo and Brendan Mumey and Romeo Rizzi and Alexandru I. Tomescu},
title = {Sparsifying, Shrinking and Splicing for Minimum Path Cover in Parameterized Linear Time},
booktitle = {Proceedings of the 2022 Annual ACM-SIAM Symposium on Discrete Algorithms (SODA)},
chapter = {},
pages = {359-376},
doi = {10.1137/1.9781611977073.18},
}


@inproceedings{toreopsal,
  title={Why anchorage is not (that) important: Binary ties and sample selection},
  author={Tore Opsahl},
  booktitle={\url{https://toreopsahl.com/datasets/\#usairports}},
  pages={},
  year={2011}
}

@inproceedings{vsubelj2013model,
  title={Model of complex networks based on citation dynamics},
  author={{\v{S}}ubelj, Lovro and Bajec, Marko},
  booktitle={Proceedings of the 22nd international conference on World Wide Web},
  pages={527--530},
  year={2013}
}

@inproceedings{kumar2016edge,
  title={Edge weight prediction in weighted signed networks},
  author={Kumar, Srijan and Spezzano, Francesca and Subrahmanian, VS and Faloutsos, Christos},
  booktitle={Data Mining (ICDM), 2016 IEEE 16th International Conference on},
  pages={221--230},
  year={2016},
  organization={IEEE}
}

@inproceedings{kumar2018rev2,
  title={Rev2: Fraudulent user prediction in rating platforms},
  author={Kumar, Srijan and Hooi, Bryan and Makhija, Disha and Kumar, Mohit and Faloutsos, Christos and Subrahmanian, VS},
  booktitle={Proceedings of the Eleventh ACM International Conference on Web Search and Data Mining},
  pages={333--341},
  year={2018},
  organization={ACM}
}

@article{moody2001peer,
  title={Peer influence groups: identifying dense clusters in large networks},
  author={Moody, James},
  journal={Social networks},
  volume={23},
  number={4},
  pages={261--283},
  year={2001},
  publisher={Elsevier}
}

@inproceedings{kunegis2013konect,
  title={Konect: the koblenz network collection},
  author={Kunegis, J{\'e}r{\^o}me},
  booktitle={Proceedings of the 22nd international conference on world wide web},
  pages={1343--1350},
  year={2013}
}

@article{tsplib,
author = {Reinelt, Gerhard},
title = {TSPLIB, a Traveling Salesman Problem Library},
journal = {ORSA Journal on Computing},
volume = {3},
number = {4},
pages = {376-384},
year = {1991},
}

@inproceedings{chen2022maximum,
  title={Maximum flow and minimum-cost flow in almost-linear time},
  author={Chen, Li and Kyng, Rasmus and Liu, Yang P and Peng, Richard and Gutenberg, Maximilian Probst and Sachdeva, Sushant},
  booktitle={2022 IEEE 63rd Annual Symposium on Foundations of Computer Science (FOCS)},
  pages={612--623},
  year={2022},
  organization={IEEE}
}

@article{pijls2013another,
  title={Another note on dilworth's decomposition theorem},
  author={Pijls, Wim and Potharst, Rob},
  journal={Journal of Discrete Mathematics},
  volume={2013},
  year={2013},
  publisher={Hindawi}
}

@article{caceres2023minimum,
  title={Minimum Path Cover: The Power of Parameterization},
  author={C{\'a}ceres, Manuel and Mumey, Brendan and Toivonen, Santeri and Tomescu, Alexandru I},
  journal={arXiv preprint arXiv:2308.08960},
  year={2023}
}

@inproceedings{marchal2018parallel,
  title={Parallel scheduling of dags under memory constraints},
  author={Marchal, Loris and Nagy, Hanna and Simon, Bertrand and Vivien, Fr{\'e}d{\'e}ric},
  booktitle={2018 IEEE International Parallel and Distributed Processing Symposium (IPDPS)},
  pages={204--213},
  year={2018},
  organization={IEEE}
}

@article{ntafos1979path,
  title={On path cover problems in digraphs and applications to program testing},
  author={Ntafos, Simeon C. and Hakimi, S. Louis},
  journal={IEEE Transactions on Software Engineering},
  number={5},
  pages={520--529},
  year={1979},
  publisher={IEEE}
}


@article{fulkerson1956note,
  title={Note on Dilworth’s decomposition theorem for partially ordered sets},
  author={Fulkerson, Delbert R},
  journal={Proceedings of the American Mathematical Society},
  volume={7},
  number={4},
  pages={701--702},
  year={1956}
}

@article{tarjan1972depth,
  title={Depth-first search and linear graph algorithms},
  author={Tarjan, Robert},
  journal={SIAM journal on computing},
  volume={1},
  number={2},
  pages={146--160},
  year={1972},
  publisher={SIAM}
}

@book{konig2001theorie,
  title={Theorie der endlichen und unendlichen Graphen},
  author={K\H{o}nig, D{\'e}nes},
  volume={72},
  year={2001},
  publisher={American Mathematical Soc.}
}

@article{felsner2003recognition,
  title={Recognition algorithms for orders of small width and graphs of small Dilworth number},
  author={Felsner, Stefan and Raghavan, Vijay and Spinrad, Jeremy},
  journal={Order},
  volume={20},
  pages={351--364},
  year={2003},
  publisher={Springer}
}

@article{dilworth1987decomposition,
  title={A decomposition theorem for partially ordered sets},
  author={Dilworth, Robert P},
  journal={Classic papers in combinatorics},
  pages={139--144},
  year={1987},
  publisher={Springer}
}

@inproceedings{akagi2018exact,
  title={Exact algorithms for the max-min dispersion problem},
  author={Akagi, Toshihiro and Araki, Tetsuya and Horiyama, Takashi and Nakano, Shin-ichi and Okamoto, Yoshio and Otachi, Yota and Saitoh, Toshiki and Uehara, Ryuhei and Uno, Takeaki and Wasa, Kunihiro},
  booktitle={International Workshop on Frontiers in Algorithmics},
  pages={263--272},
  year={2018},
  organization={Springer}
}

@inproceedings{wang2023max,
  title={Max-Min Diversification with Fairness Constraints: Exact and Approximation Algorithms},
  author={Wang, Yanhao and Mathioudakis, Michael and Li, Jia and Fabbri, Francesco},
  booktitle={Proceedings of the 2023 SIAM International Conference on Data Mining (SDM)},
  pages={91--99},
  year={2023},
  organization={SIAM}
}


@article{chuzhoy2005asymmetric,
  title={Asymmetric k-center is log* n-hard to approximate},
  author={Chuzhoy, Julia and Guha, Sudipto and Halperin, Eran and Khanna, Sanjeev and Kortsarz, Guy and Krauthgamer, Robert and Naor, Joseph},
  journal={Journal of the ACM (JACM)},
  volume={52},
  number={4},
  pages={538--551},
  year={2005},
  publisher={ACM New York, NY, USA}
}

@article{gonzalez1985clustering,
  title={Clustering to minimize the maximum intercluster distance},
  author={Gonzalez, Teofilo F},
  journal={Theoretical computer science},
  volume={38},
  pages={293--306},
  year={1985},
  publisher={Elsevier}
}

@article{moumoulidou2020diverse,
  title={Diverse data selection under fairness constraints},
  author={Moumoulidou, Zafeiria and McGregor, Andrew and Meliou, Alexandra},
  journal={arXiv preprint arXiv:2010.09141},
  year={2020}
}

@article{wang1988study,
  title={A study on two geometric location problems},
  author={Wang, Da-Wei and Kuo, Yue-Sun},
  journal={Information processing letters},
  volume={28},
  number={6},
  pages={281--286},
  year={1988},
  publisher={Elsevier North-Holland, Inc. New York, NY, USA}
}

@article{divtopk,
author = {Qin, Lu and Yu, Jeffrey Xu and Chang, Lijun},
title = {Diversifying Top-k Results},
year = {2012},
issue_date = {July 2012},
publisher = {VLDB Endowment},
volume = {5},
number = {11},
issn = {2150-8097},
url = {https://doi.org/10.14778/2350229.2350233},
doi = {10.14778/2350229.2350233},
journal = {Proc. VLDB Endow.},
month = {jul},
pages = {1124–1135},
numpages = {12}
}

@inproceedings{radlinski2006improving,
  title={Improving personalized web search using result diversification},
  author={Radlinski, Filip and Dumais, Susan},
  booktitle={Proceedings of the 29th annual international ACM SIGIR conference on Research and development in information retrieval},
  pages={691--692},
  year={2006}
}

@inproceedings{xin2006extracting,
  title={Extracting redundancy-aware top-k patterns},
  author={Xin, Dong and Cheng, Hong and Yan, Xifeng and Han, Jiawei},
  booktitle={Proceedings of the 12th ACM SIGKDD international conference on Knowledge discovery and data mining},
  pages={444--453},
  year={2006}
}

@inproceedings{abbassi2013diversity,
  title={Diversity maximization under matroid constraints},
  author={Abbassi, Zeinab and Mirrokni, Vahab S and Thakur, Mayur},
  booktitle={Proceedings of the 19th ACM SIGKDD international conference on Knowledge discovery and data mining},
  pages={32--40},
  year={2013}
}

@article{kaminskas2016diversity,
  title={Diversity, serendipity, novelty, and coverage: a survey and empirical analysis of beyond-accuracy objectives in recommender systems},
  author={Kaminskas, Marius and Bridge, Derek},
  journal={ACM Transactions on Interactive Intelligent Systems (TiiS)},
  volume={7},
  number={1},
  pages={1--42},
  year={2016},
  publisher={ACM New York, NY, USA}
}

@incollection{castells2021novelty,
  title={Novelty and diversity in recommender systems},
  author={Castells, Pablo and Hurley, Neil and Vargas, Saul},
  booktitle={Recommender systems handbook},
  pages={603--646},
  year={2021},
  publisher={Springer}
}

@article{zheng2017survey,
  title={A survey of query result diversification},
  author={Zheng, Kaiping and Wang, Hongzhi and Qi, Zhixin and Li, Jianzhong and Gao, Hong},
  journal={Knowledge and Information Systems},
  volume={51},
  pages={1--36},
  year={2017},
  publisher={Springer}
}

@article{deng2013complexity,
  title={On the complexity of query result diversification},
  author={Deng, Ting and Fan, Wenfei},
  journal={Proceedings of the VLDB Endowment},
  volume={6},
  number={8},
  pages={577--588},
  year={2013},
  publisher={VLDB Endowment}
}

@article{drosou2012disc,
  title={Disc diversity: result diversification based on dissimilarity and coverage},
  author={Drosou, Marina and Pitoura, Evaggelia},
  journal={arXiv preprint arXiv:1208.3533},
  year={2012}
}

@article{DrosouJPS17,
  author       = {Marina Drosou and
                  H. V. Jagadish and
                  Evaggelia Pitoura and
                  Julia Stoyanovich},
  title        = {Diversity in Big Data: {A} Review},
  journal      = {Big Data},
  volume       = {5},
  number       = {2},
  pages        = {73--84},
  year         = {2017},
  url          = {https://doi.org/10.1089/big.2016.0054},
  doi          = {10.1089/big.2016.0054},
  timestamp    = {Thu, 28 Nov 2019 10:42:40 +0100},
  biburl       = {https://dblp.org/rec/journals/bigdata/DrosouJPS17.bib},
  bibsource    = {dblp computer science bibliography, https://dblp.org}
}

@inproceedings{Moumoulidou0M21,
  author       = {Zafeiria Moumoulidou and
                  Andrew McGregor and
                  Alexandra Meliou},
  editor       = {Ke Yi and
                  Zhewei Wei},
  title        = {Diverse Data Selection under Fairness Constraints},
  booktitle    = {24th International Conference on Database Theory, {ICDT} 2021, March
                  23-26, 2021, Nicosia, Cyprus},
  series       = {LIPIcs},
  volume       = {186},
  pages        = {13:1--13:25},
  publisher    = {Schloss Dagstuhl - Leibniz-Zentrum f{\"{u}}r Informatik},
  year         = {2021},
  url          = {https://doi.org/10.4230/LIPIcs.ICDT.2021.13},
  doi          = {10.4230/LIPIcs.ICDT.2021.13},
  timestamp    = {Thu, 11 Mar 2021 17:44:44 +0100},
  biburl       = {https://dblp.org/rec/conf/icdt/Moumoulidou0M21.bib},
  bibsource    = {dblp computer science bibliography, https://dblp.org}
}

@inproceedings{Addanki0MM22,
  author       = {Raghavendra Addanki and
                  Andrew McGregor and
                  Alexandra Meliou and
                  Zafeiria Moumoulidou},
  editor       = {Dan Olteanu and
                  Nils Vortmeier},
  title        = {Improved Approximation and Scalability for Fair Max-Min Diversification},
  booktitle    = {25th International Conference on Database Theory, {ICDT} 2022, March
                  29 to April 1, 2022, Edinburgh, {UK} (Virtual Conference)},
  series       = {LIPIcs},
  volume       = {220},
  pages        = {7:1--7:21},
  publisher    = {Schloss Dagstuhl - Leibniz-Zentrum f{\"{u}}r Informatik},
  year         = {2022},
  url          = {https://doi.org/10.4230/LIPIcs.ICDT.2022.7},
  doi          = {10.4230/LIPIcs.ICDT.2022.7},
  timestamp    = {Mon, 21 Mar 2022 21:47:02 +0100},
  biburl       = {https://dblp.org/rec/conf/icdt/Addanki0MM22.bib},
  bibsource    = {dblp computer science bibliography, https://dblp.org}
}

@article{kuby1987programming,
  title={Programming models for facility dispersion: The p-dispersion and maxisum dispersion problems},
  author={Kuby, Michael J},
  journal={Geographical Analysis},
  volume={19},
  number={4},
  pages={315--329},
  year={1987},
  publisher={Wiley Online Library}
}

@article{erkut1990discrete,
  title={The discrete p-dispersion problem},
  author={Erkut, Erhan},
  journal={European Journal of Operational Research},
  volume={46},
  number={1},
  pages={48--60},
  year={1990},
  publisher={Elsevier}
}

@article{tamir1991obnoxious,
  title={Obnoxious facility location on graphs},
  author={Tamir, Arie},
  journal={SIAM Journal on Discrete Mathematics},
  volume={4},
  number={4},
  pages={550--567},
  year={1991},
  publisher={SIAM}
}

@article{ravi1994heuristic,
  title={Heuristic and special case algorithms for dispersion problems},
  author={Ravi, Sekharipuram S and Rosenkrantz, Daniel J and Tayi, Giri Kumar},
  journal={Operations Research},
  volume={42},
  number={2},
  pages={299--310},
  year={1994},
  publisher={INFORMS}
}

@misc{snapnets,
  author       = {Jure Leskovec and Andrej Krevl},
  title        = {{SNAP Datasets}: {Stanford} Large Network Dataset Collection},
  howpublished = {\url{http://snap.stanford.edu/data}},
  month        = jun,
  year         = 2014
}