@article{07devries2017improved,
  title={{Improved regularization of convolutional neural networks with cutout}},
  author={DeVries, Terrance and Taylor, Graham W},
  journal={arXiv preprint arXiv:1708.04552},
  year={2017}
}

@inproceedings{09yun2019cutmix,
  title={{Cutmix: Regularization strategy to train strong classifiers with localizable features}},
  author={Yun, Sangdoo and Han, Dongyoon and Oh, Seong Joon and Chun, Sanghyuk and Choe, Junsuk and Yoo, Youngjoon},
  booktitle={Proceedings of the IEEE/CVF international Conference on Computer Vision},
  pages={6023--6032},
  year={2019}
}

@InProceedings{Cubuk_2019_CVPR,
author = {Cubuk, Ekin D. and Zoph, Barret and Mane, Dandelion and Vasudevan, Vijay and Le, Quoc V.},
title = {{AutoAugment: Learning Augmentation Strategies From Data}},
booktitle = {Proceedings of the IEEE/CVF Conference on Computer Vision and Pattern Recognition (CVPR)},
month = {June},
year = {2019}
}

@inproceedings{NEURIPS2019_6add07cf,
 author = {Lim, Sungbin and Kim, Ildoo and Kim, Taesup and Kim, Chiheon and Kim, Sungwoong},
 booktitle = {Advances in Neural Information Processing Systems},
 editor = {H. Wallach and H. Larochelle and A. Beygelzimer and F. d\textquotesingle Alch\'{e}-Buc and E. Fox and R. Garnett},
 pages = {},
 publisher = {Curran Associates, Inc.},
 title = {Fast AutoAugment},
 url = {https://proceedings.neurips.cc/paper_files/paper/2019/file/6add07cf50424b14fdf649da87843d01-Paper.pdf},
 volume = {32},
 year = {2019}
}

@misc{arjovsky2019invariant,
      title={{Invariant Risk Minimization}}, 
      author={Martin Arjovsky and LÃ©on Bottou and Ishaan Gulrajani and David Lopez-Paz},
      year={2020},
      eprint={1907.02893},
      archivePrefix={arXiv},
      primaryClass={stat.ML}
}

@article{chen2020group,
  title={A group-theoretic framework for data augmentation},
  author={Chen, Shuxiao and Dobriban, Edgar and Lee, Jane H},
  journal={The Journal of Machine Learning Research},
  volume={21},
  number={1},
  pages={9885--9955},
  year={2020},
  publisher={JMLRORG}
}

@inproceedings{li2017deeper,
  title={Deeper, broader and artier domain generalization},
  author={Li, Da and Yang, Yongxin and Song, Yi-Zhe and Hospedales, Timothy M},
  booktitle={Proceedings of the IEEE international conference on computer vision},
  pages={5542--5550},
  year={2017}
}

@misc{li2020dada,
      title={{DADA: Differentiable Automatic Data Augmentation}}, 
      author={Yonggang Li and Guosheng Hu and Yongtao Wang and Timothy Hospedales and Neil M. Robertson and Yongxin Yang},
      year={2020},
      eprint={2003.03780},
      archivePrefix={arXiv},
      primaryClass={cs.CV}
}

@article{tian2021continuous,
  title={{A Continuous Mapping For Augmentation Design}},
  author={Tian, Keyu and Lin, Chen and Lim, Ser Nam and Ouyang, Wanli and Dokania, Puneet and Torr, Philip},
  journal={Advances in Neural Information Processing Systems},
  volume={34},
  pages={13732--13743},
  year={2021}
}

@inproceedings{venkateswara2017deep,
  title={Deep hashing network for unsupervised domain adaptation},
  author={Venkateswara, Hemanth and Eusebio, Jose and Chakraborty, Shayok and Panchanathan, Sethuraman},
  booktitle={Proceedings of the IEEE Conference on Computer Vision and Pattern Recognition},
  pages={5018--5027},
  year={2017}
}

