
@inproceedings{li2017deeper,
  title={Deeper, broader and artier domain generalization},
  author={Li, Da and Yang, Yongxin and Song, Yi-Zhe and Hospedales, Timothy M},
  booktitle={Proceedings of the IEEE international conference on computer vision},
  pages={5542--5550},
  year={2017}
}
@article{chen2020group,
  title={A group-theoretic framework for data augmentation},
  author={Chen, Shuxiao and Dobriban, Edgar and Lee, Jane H},
  journal={The Journal of Machine Learning Research},
  volume={21},
  number={1},
  pages={9885--9955},
  year={2020},
  publisher={JMLRORG}
}
@inproceedings{venkateswara2017deep,
  title={Deep hashing network for unsupervised domain adaptation},
  author={Venkateswara, Hemanth and Eusebio, Jose and Chakraborty, Shayok and Panchanathan, Sethuraman},
  booktitle={Proceedings of the IEEE Conference on Computer Vision and Pattern Recognition},
  pages={5018--5027},
  year={2017}
}
@misc{arjovsky2019invariant,
      title={{Invariant Risk Minimization}}, 
      author={Martin Arjovsky and LÃ©on Bottou and Ishaan Gulrajani and David Lopez-Paz},
      year={2020},
      eprint={1907.02893},
      archivePrefix={arXiv},
      primaryClass={stat.ML}
}

@inproceedings{wang2022toward,
  title={Toward learning robust and invariant representations with alignment regularization and data augmentation},
  author={Wang, Haohan and Huang, Zeyi and Wu, Xindi and Xing, Eric},
  booktitle={Proceedings of the 28th ACM SIGKDD Conference on Knowledge Discovery and Data Mining},
  pages={1846--1856},
  year={2022}
}


@article{krizhevsky2009learning,
  title={{Learning multiple layers of features from tiny images}},
  author={Krizhevsky, A. and Hinton, G.},
  journal={Master's thesis, Department of Computer Science, University of Toronto},
  year={2009},
  publisher={Citeseer}
}

@inproceedings{bossard2014food,
  title={Food-101--mining discriminative components with random forests},
  author={Bossard, Lukas and Guillaumin, Matthieu and Van Gool, Luc},
  booktitle={Computer Vision--ECCV 2014: 13th European Conference, Zurich, Switzerland, September 6-12, 2014, Proceedings, Part VI 13},
  pages={446--461},
  year={2014},
  organization={Springer}
}

@article{gulrajani2020search,
  title={In search of lost domain generalization},
  author={Gulrajani, Ishaan and Lopez-Paz, David},
  journal={arXiv preprint arXiv:2007.01434},
  year={2020}
}

@article{russakovsky2015imagenet,
  title={Imagenet large scale visual recognition challenge},
  author={Russakovsky, Olga and Deng, Jia and Su, Hao and Krause, Jonathan and Satheesh, Sanjeev and Ma, Sean and Huang, Zhiheng and Karpathy, Andrej and Khosla, Aditya and Bernstein, Michael and others},
  journal={International Journal of Computer Vision},
  volume={115},
  pages={211--252},
  year={2015},
  publisher={Springer}
}


@article{01krizhevsky2017imagenet,
  title={{Imagenet classification with deep convolutional neural networks}},
  author={Krizhevsky, Alex and Sutskever, Ilya and Hinton, Geoffrey E},
  journal={Communications of the ACM},
  volume={60},
  number={6},
  pages={84--90},
  year={2017},
  publisher={AcM New York, NY, USA}
}

@inproceedings{02szegedy2015going,
  title={{Going deeper with convolutions}},
  author={Szegedy, Christian and Liu, Wei and Jia, Yangqing and Sermanet, Pierre and Reed, Scott and Anguelov, Dragomir and Erhan, Dumitru and Vanhoucke, Vincent and Rabinovich, Andrew},
  booktitle={Proceedings of the IEEE Conference on Computer Vision and Pattern Recognition},
  pages={1--9},
  year={2015}
}

@inproceedings{03he2016deep,
  title={{Deep residual learning for image recognition}},
  author={He, Kaiming and Zhang, Xiangyu and Ren, Shaoqing and Sun, Jian},
  booktitle={Proceedings of the IEEE Conference on Computer Vision and Pattern Recognition},
  pages={770--778},
  year={2016}
}

@article{04ren2015faster,
  title={{Faster r-cnn: Towards real-time object detection with region proposal networks}},
  author={Ren, Shaoqing and He, Kaiming and Girshick, Ross and Sun, Jian},
  journal={Advances in Neural Information Processing Systems},
  volume={28},
  year={2015}
}

@inproceedings{05lin2017feature,
  title={{Feature pyramid networks for object detection}},
  author={Lin, Tsung-Yi and Doll{\'a}r, Piotr and Girshick, Ross and He, Kaiming and Hariharan, Bharath and Belongie, Serge},
  booktitle={Proceedings of the IEEE Conference on Computer Vision and Pattern Recognition},
  pages={2117--2125},
  year={2017}
}

@article{06vapnik1998statistical,
  title={{Statistical learning theory. vol. 1 Wiley}},
  author={Vapnik, Vladimir Naumovich and Vapnik, Vlamimir},
  journal={New York},
  year={1998}
}

@article{07devries2017improved,
  title={{Improved regularization of convolutional neural networks with cutout}},
  author={DeVries, Terrance and Taylor, Graham W},
  journal={arXiv preprint arXiv:1708.04552},
  year={2017}
}

@inproceedings{
08zhang2017mixup,
title={mixup: Beyond Empirical Risk Minimization},
author={Hongyi Zhang and Moustapha Cisse and Yann N. Dauphin and David Lopez-Paz},
booktitle={International Conference on Learning Representations},
year={2018},
url={https://openreview.net/forum?id=r1Ddp1-Rb},
}
@inproceedings{09yun2019cutmix,
  title={{Cutmix: Regularization strategy to train strong classifiers with localizable features}},
  author={Yun, Sangdoo and Han, Dongyoon and Oh, Seong Joon and Chun, Sanghyuk and Choe, Junsuk and Yoo, Youngjoon},
  booktitle={Proceedings of the IEEE/CVF international Conference on Computer Vision},
  pages={6023--6032},
  year={2019}
}

@inproceedings{10tian2021understanding,
  title={{Understanding self-supervised learning dynamics without contrastive pairs}},
  author={Tian, Yuandong and Chen, Xinlei and Ganguli, Surya},
  booktitle={International Conference on Machine Learning},
  pages={10268--10278},
  year={2021},
  organization={PMLR}
}


@inproceedings{
huang2023towards,
title={{Towards the Generalization of Contrastive Self-Supervised Learning}},
author={Weiran Huang and Mingyang Yi and Xuyang Zhao and Zihao Jiang},
booktitle={The Eleventh International Conference on Learning Representations },
year={2023},
url={https://openreview.net/forum?id=XDJwuEYHhme}
}
@article{14li2020dada,
  title={{Dada: Differentiable automatic data augmentation}},
  author={Li, Yonggang and Hu, Guosheng and Wang, Yongtao and Hospedales, Timothy and Robertson, Neil M and Yang, Yongxin},
  journal={arXiv preprint arXiv:2003.03780},
  year={2020}
}



@article{16he2019data,
  title={{Data augmentation revisited: Rethinking the distribution gap between clean and augmented data}},
  author={He, Zhuoxun and Xie, Lingxi and Chen, Xin and Zhang, Ya and Wang, Yanfeng and Tian, Qi},
  journal={arXiv preprint arXiv:1909.09148},
  year={2019}
}

@book{goodfellow2016deep,
  title={{Deep learning}},
  author={Goodfellow, Ian and Bengio, Yoshua and Courville, Aaron},
  year={2016},
  publisher={MIT press}
}

@article{zhang2021understanding,
  title={{Understanding deep learning (still) requires rethinking generalization}},
  author={Zhang, Chiyuan and Bengio, Samy and Hardt, Moritz and Recht, Benjamin and Vinyals, Oriol},
  journal={Communications of the ACM},
  volume={64},
  number={3},
  pages={107--115},
  year={2021},
  publisher={ACM New York, NY, USA}
}

@article{tian2021continuous,
  title={{A Continuous Mapping For Augmentation Design}},
  author={Tian, Keyu and Lin, Chen and Lim, Ser Nam and Ouyang, Wanli and Dokania, Puneet and Torr, Philip},
  journal={Advances in Neural Information Processing Systems},
  volume={34},
  pages={13732--13743},
  year={2021}
}

@inproceedings{BMVC2016_87,
    title={{Wide Residual Networks}},
    author={Sergey Zagoruyko and Nikos Komodakis},
    year={2016},
    month={September},
    pages={87.1-87.12},
    articleno={87},
    numpages={12},
    booktitle={Proceedings of the British Machine Vision Conference (BMVC)},
    publisher={BMVA Press},
    editor={Richard C. Wilson, Edwin R. Hancock and William A. P. Smith},
    doi={10.5244/C.30.87},
    isbn={1-901725-59-6},
    url={https://dx.doi.org/10.5244/C.30.87}
}



@InProceedings{Cubuk_2019_CVPR,
author = {Cubuk, Ekin D. and Zoph, Barret and Mane, Dandelion and Vasudevan, Vijay and Le, Quoc V.},
title = {{AutoAugment: Learning Augmentation Strategies From Data}},
booktitle = {Proceedings of the IEEE/CVF Conference on Computer Vision and Pattern Recognition (CVPR)},
month = {June},
year = {2019}
}

@inproceedings{NEURIPS2019_6add07cf,
 author = {Lim, Sungbin and Kim, Ildoo and Kim, Taesup and Kim, Chiheon and Kim, Sungwoong},
 booktitle = {Advances in Neural Information Processing Systems},
 editor = {H. Wallach and H. Larochelle and A. Beygelzimer and F. d\textquotesingle Alch\'{e}-Buc and E. Fox and R. Garnett},
 pages = {},
 publisher = {Curran Associates, Inc.},
 title = {Fast AutoAugment},
 url = {https://proceedings.neurips.cc/paper_files/paper/2019/file/6add07cf50424b14fdf649da87843d01-Paper.pdf},
 volume = {32},
 year = {2019}
}
@misc{li2020dada,
      title={{DADA: Differentiable Automatic Data Augmentation}}, 
      author={Yonggang Li and Guosheng Hu and Yongtao Wang and Timothy Hospedales and Neil M. Robertson and Yongxin Yang},
      year={2020},
      eprint={2003.03780},
      archivePrefix={arXiv},
      primaryClass={cs.CV}
}
@article{sohn2020fixmatch,
  title={{Fixmatch: Simplifying semi-supervised learning with consistency and confidence}},
  author={Sohn, Kihyuk and Berthelot, David and Carlini, Nicholas and Zhang, Zizhao and Zhang, Han and Raffel, Colin A and Cubuk, Ekin Dogus and Kurakin, Alexey and Li, Chun-Liang},
  journal={Advances in neural information processing systems},
  volume={33},
  pages={596--608},
  year={2020}
}
@article{homem2008rates,
  title={On rates of convergence for stochastic optimization problems under non--independent and identically distributed sampling},
  author={Homem-de-Mello, Tito},
  journal={SIAM Journal on Optimization},
  volume={19},
  number={2},
  pages={524--551},
  year={2008},
  publisher={SIAM}
}
@inproceedings{cui2019class,
  title={Class-balanced loss based on effective number of samples},
  author={Cui, Yin and Jia, Menglin and Lin, Tsung-Yi and Song, Yang and Belongie, Serge},
  booktitle={Proceedings of the IEEE/CVF conference on computer vision and pattern recognition},
  pages={9268--9277},
  year={2019}
}