@String(PAMI = {IEEE Trans. Pattern Anal. Mach. Intell.})
@String(IJCV = {Int. J. Comput. Vis.})
@String(CVPR= {IEEE Conf. Comput. Vis. Pattern Recog.})
@String(ICCV= {Int. Conf. Comput. Vis.})
@String(ECCV= {Eur. Conf. Comput. Vis.})
@String(NIPS= {Adv. Neural Inform. Process. Syst.})
@String(ICPR = {Int. Conf. Pattern Recog.})
@String(BMVC= {Brit. Mach. Vis. Conf.})
@String(TOG= {ACM Trans. Graph.})
@String(TIP  = {IEEE Trans. Image Process.})
@String(TVCG  = {IEEE Trans. Vis. Comput. Graph.})
@String(TMM  = {IEEE Trans. Multimedia})
@String(ACMMM= {ACM Int. Conf. Multimedia})
@String(ICME = {Int. Conf. Multimedia and Expo})
@String(ICASSP=	{ICASSP})
@String(ICIP = {IEEE Int. Conf. Image Process.})
@String(ACCV  = {ACCV})
@String(ICLR = {Int. Conf. Learn. Represent.})
@String(IJCAI = {IJCAI})
@String(PR   = {Pattern Recognition})
@String(AAAI = {AAAI})
@String(CVPRW= {IEEE Conf. Comput. Vis. Pattern Recog. Worksh.})
@String(CSVT = {IEEE Trans. Circuit Syst. Video Technol.})

@String(SPL	= {IEEE Sign. Process. Letters})
@String(VR   = {Vis. Res.})
@String(JOV	 = {J. Vis.})
@String(TVC  = {The Vis. Comput.})
@String(JCST  = {J. Comput. Sci. Tech.})
@String(CGF  = {Comput. Graph. Forum})
@String(CVM = {Computational Visual Media})


@String(PAMI  = {IEEE TPAMI})
@String(IJCV  = {IJCV})
@String(CVPR  = {CVPR})
@String(ICCV  = {ICCV})
@String(ECCV  = {ECCV})
@String(NIPS  = {NeurIPS})
@String(ICPR  = {ICPR})
@String(BMVC  =	{BMVC})
@String(TOG   = {ACM TOG})
@String(TIP   = {IEEE TIP})
@String(TVCG  = {IEEE TVCG})
@String(TCSVT = {IEEE TCSVT})
@String(TMM   =	{IEEE TMM})
@String(ACMMM = {ACM MM})
@String(ICME  =	{ICME})
@String(ICASSP=	{ICASSP})
@String(ICIP  = {ICIP})
@String(ACCV  = {ACCV})
@String(ICLR  = {ICLR})
@String(IJCAI = {IJCAI})
@String(PR = {PR})
@String(AAAI = {AAAI})
@String(CVPRW= {CVPRW})
@String(CSVT = {IEEE TCSVT})

@article{chenqianqi,
  title={Fast patch-based style transfer of arbitrary style},
  author={Chen, Tian Qi and Schmidt, Mark},
  journal={Workshop in Constructive Machine Learning},
  year={2016}
}

@inproceedings{graph_cut,
  title={Multimodal style transfer via graph cuts},
  author={Zhang, Yulun and Fang, Chen and Wang, Yilin and Wang, Zhaowen and Lin, Zhe and Fu, Yun and Yang, Jimei},
  booktitle={Proceedings of the IEEE/CVF International Conference on Computer Vision},
  pages={5943--5951},
  year={2019}
}

@inproceedings{Avatar-net,
  author       = {Lu Sheng and
                  Ziyi Lin and
                  Jing Shao and
                  Xiaogang Wang},
  title        = {Avatar-Net: Multi-Scale Zero-Shot Style Transfer by Feature Decoration},
  booktitle    = {2018 {IEEE} Conference on Computer Vision and Pattern Recognition},
  pages        = {8242--8250},
  year         = {2018}
}

@article{wct,
  title={Universal style transfer via feature transforms},
  author={Li, Yijun and Fang, Chen and Yang, Jimei and Wang, Zhaowen and Lu, Xin and Yang, Ming-Hsuan},
  journal={Advances in neural information processing systems},
  volume={30},
  year={2017}
}

@inproceedings{efdm,
  title={Exact feature distribution matching for arbitrary style transfer and domain generalization},
  author={Zhang, Yabin and Li, Minghan and Li, Ruihuang and Jia, Kui and Zhang, Lei},
  booktitle={Proceedings of the IEEE/CVF conference on computer vision and pattern recognition},
  pages={8035--8045},
  year={2022}
}

@inproceedings{adain,
  title={Arbitrary style transfer in real-time with adaptive instance normalization},
  author={Huang, Xun and Belongie, Serge},
  booktitle={Proceedings of the IEEE international conference on computer vision},
  pages={1501--1510},
  year={2017}
}

@inproceedings{gatys,
  title={Image style transfer using convolutional neural networks},
  author={Gatys, Leon A and Ecker, Alexander S and Bethge, Matthias},
  booktitle={Proceedings of the IEEE conference on computer vision and pattern recognition},
  pages={2414--2423},
  year={2016}
}

@inproceedings{sanet,
  title={Arbitrary style transfer with style-attentional networks},
  author={Park, Dae Young and Lee, Kwang Hee},
  booktitle={proceedings of the IEEE/CVF conference on computer vision and pattern recognition},
  pages={5880--5888},
  year={2019}
}

@inproceedings{adaattn,
  title={Adaattn: Revisit attention mechanism in arbitrary neural style transfer},
  author={Liu, Songhua and Lin, Tianwei and He, Dongliang and Li, Fu and Wang, Meiling and Li, Xin and Sun, Zhengxing and Li, Qian and Ding, Errui},
  booktitle={Proceedings of the IEEE/CVF international conference on computer vision},
  pages={6649--6658},
  year={2021}
}

@article{IEC,
  title={Artistic style transfer with internal-external learning and contrastive learning},
  author={Chen, Haibo and Wang, Zhizhong and Zhang, Huiming and Zuo, Zhiwen and Li, Ailin and Xing, Wei and Lu, Dongming and others},
  journal={Advances in Neural Information Processing Systems},
  volume={34},
  pages={26561--26573},
  year={2021}
}

@inproceedings{stytr2,
  title={Stytr2: Image style transfer with transformers},
  author={Deng, Yingying and Tang, Fan and Dong, Weiming and Ma, Chongyang and Pan, Xingjia and Wang, Lei and Xu, Changsheng},
  booktitle={Proceedings of the IEEE/CVF conference on computer vision and pattern recognition},
  pages={11326--11336},
  year={2022}
}

@inproceedings{puff-net,
  title={Puff-Net: Efficient Style Transfer with Pure Content and Style Feature Fusion Network},
  author={Zheng, Sizhe and Gao, Pan and Zhou, Peng and Qin, Jie},
  booktitle={Proceedings of the IEEE/CVF Conference on Computer Vision and Pattern Recognition},
  pages={8059--8068},
  year={2024}
}

@inproceedings{s2wat,
  title={S2wat: Image style transfer via hierarchical vision transformer using strips window attention},
  author={Zhang, Chiyu and Xu, Xiaogang and Wang, Lei and Dai, Zaiyan and Yang, Jun},
  booktitle={Proceedings of the AAAI Conference on Artificial Intelligence},
  volume={38},
  number={7},
  pages={7024--7032},
  year={2024}
}

@inproceedings{stya2k,
  title={All-to-key attention for arbitrary style transfer},
  author={Zhu, Mingrui and He, Xiao and Wang, Nannan and Wang, Xiaoyu and Gao, Xinbo},
  booktitle={Proceedings of the IEEE/CVF International Conference on Computer Vision},
  pages={23109--23119},
  year={2023}
}

@article{transformer,
  title={Attention is all you need},
  author={Vaswani, A},
  journal={Advances in Neural Information Processing Systems},
  year={2017}
}

@inproceedings{att2015,
  author       = {Dzmitry Bahdanau and
                  Kyunghyun Cho and
                  Yoshua Bengio},
  title        = {Neural Machine Translation by Jointly Learning to Align and Translate},
  booktitle    = {3rd International Conference on Learning Representations, {ICLR} 2015},
  year         = {2015}
}

@inproceedings{cv_att1,
  title={Pre-trained image processing transformer},
  author={Chen, Hanting and Wang, Yunhe and Guo, Tianyu and Xu, Chang and Deng, Yiping and Liu, Zhenhua and Ma, Siwei and Xu, Chunjing and Xu, Chao and Gao, Wen},
  booktitle={Proceedings of the IEEE/CVF conference on computer vision and pattern recognition},
  pages={12299--12310},
  year={2021}
}

@inproceedings{cv_att2,
  title={Multi-scale vision longformer: A new vision transformer for high-resolution image encoding},
  author={Zhang, Pengchuan and Dai, Xiyang and Yang, Jianwei and Xiao, Bin and Yuan, Lu and Zhang, Lei and Gao, Jianfeng},
  booktitle={Proceedings of the IEEE/CVF international conference on computer vision},
  pages={2998--3008},
  year={2021}
}

@inproceedings{cv_att3,
  title={Oneformer: One transformer to rule universal image segmentation},
  author={Jain, Jitesh and Li, Jiachen and Chiu, Mang Tik and Hassani, Ali and Orlov, Nikita and Shi, Humphrey},
  booktitle={Proceedings of the IEEE/CVF Conference on Computer Vision and Pattern Recognition},
  pages={2989--2998},
  year={2023}
}

@inproceedings{cv_att4,
  title={Continual detection transformer for incremental object detection},
  author={Liu, Yaoyao and Schiele, Bernt and Vedaldi, Andrea and Rupprecht, Christian},
  booktitle={Proceedings of the IEEE/CVF Conference on Computer Vision and Pattern Recognition},
  pages={23799--23808},
  year={2023}
}

@inproceedings{nlp_att1,
  author       = {Jacob Devlin and
                  Ming{-}Wei Chang and
                  Kenton Lee and
                  Kristina Toutanova},
  title        = {{BERT:} Pre-training of Deep Bidirectional Transformers for Language
                  Understanding},
  booktitle    = {Proceedings of the 2019 Conference of the North American Chapter of
                  the Association for Computational Linguistics: Human Language Technologies,
                  {NAACL-HLT} 2019},
  pages        = {4171--4186},
  year         = {2019}
}

@article{nlp_att2,
  title={Mpnet: Masked and permuted pre-training for language understanding},
  author={Song, Kaitao and Tan, Xu and Qin, Tao and Lu, Jianfeng and Liu, Tie-Yan},
  journal={Advances in neural information processing systems},
  volume={33},
  pages={16857--16867},
  year={2020}
}

@article{nlp_att3,
  title={Searching for efficient transformers for language modeling},
  author={So, David and Ma{\'n}ke, Wojciech and Liu, Hanxiao and Dai, Zihang and Shazeer, Noam and Le, Quoc V},
  journal={Advances in neural information processing systems},
  volume={34},
  pages={6010--6022},
  year={2021}
}

@article{nlp_att4,
  title={Unified language model pre-training for natural language understanding and generation},
  author={Dong, Li and Yang, Nan and Wang, Wenhui and Wei, Furu and Liu, Xiaodong and Wang, Yu and Gao, Jianfeng and Zhou, Ming and Hon, Hsiao-Wuen},
  journal={Advances in neural information processing systems},
  volume={32},
  year={2019}
}

@inproceedings{aespa-net,
  title={AesPA-Net: Aesthetic pattern-aware style transfer networks},
  author={Hong, Kibeom and Jeon, Seogkyu and Lee, Junsoo and Ahn, Namhyuk and Kim, Kunhee and Lee, Pilhyeon and Kim, Daesik and Uh, Youngjung and Byun, Hyeran},
  booktitle={Proceedings of the IEEE/CVF International Conference on Computer Vision},
  pages={22758--22767},
  year={2023}
}

@inproceedings{lpips,
  title={The unreasonable effectiveness of deep features as a perceptual metric},
  author={Zhang, Richard and Isola, Phillip and Efros, Alexei A and Shechtman, Eli and Wang, Oliver},
  booktitle={Proceedings of the IEEE conference on computer vision and pattern recognition},
  pages={586--595},
  year={2018}
}

@article{fid,
  title={Gans trained by a two time-scale update rule converge to a local nash equilibrium},
  author={Heusel, Martin and Ramsauer, Hubert and Unterthiner, Thomas and Nessler, Bernhard and Hochreiter, Sepp},
  journal={Advances in neural information processing systems},
  volume={30},
  year={2017}
}

@inproceedings{microast,
  title={MicroAST: towards super-fast ultra-resolution arbitrary style transfer},
  author={Wang, Zhizhong and Zhao, Lei and Zuo, Zhiwen and Li, Ailin and Chen, Haibo and Xing, Wei and Lu, Dongming},
  booktitle={Proceedings of the AAAI Conference on Artificial Intelligence},
  volume={37},
  number={3},
  pages={2742--2750},
  year={2023}
}

@article{vision_transformer,
  title={An image is worth 16x16 words: Transformers for image recognition at scale},
  author={Dosovitskiy, Alexey},
  journal={arXiv preprint arXiv:2010.11929},
  year={2020}
}

@inproceedings{artflow,
  title={Artflow: Unbiased image style transfer via reversible neural flows},
  author={An, Jie and Huang, Siyu and Song, Yibing and Dou, Dejing and Liu, Wei and Luo, Jiebo},
  booktitle={Proceedings of the IEEE/CVF Conference on Computer Vision and Pattern Recognition},
  pages={862--871},
  year={2021}
}

@inproceedings{styleformer,
  title={Styleformer: Real-time arbitrary style transfer via parametric style composition},
  author={Wu, Xiaolei and Hu, Zhihao and Sheng, Lu and Xu, Dong},
  booktitle={Proceedings of the IEEE/CVF International Conference on Computer Vision},
  pages={14618--14627},
  year={2021}
}

@inproceedings{deep_reshufffle,
  title={Arbitrary style transfer with deep feature reshuffle},
  author={Gu, Shuyang and Chen, Congliang and Liao, Jing and Yuan, Lu},
  booktitle={Proceedings of the IEEE conference on computer vision and pattern recognition},
  pages={8222--8231},
  year={2018}
}

@inproceedings{cl1,
  title={Domain enhanced arbitrary image style transfer via contrastive learning},
  author={Zhang, Yuxin and Tang, Fan and Dong, Weiming and Huang, Haibin and Ma, Chongyang and Lee, Tong-Yee and Xu, Changsheng},
  booktitle={ACM SIGGRAPH 2022 conference proceedings},
  pages={1--8},
  year={2022}
}

@inproceedings{gt_ast1,
  title={Arbitrary style transfer via multi-adaptation network},
  author={Deng, Yingying and Tang, Fan and Dong, Weiming and Sun, Wen and Huang, Feiyue and Xu, Changsheng},
  booktitle={Proceedings of the 28th ACM international conference on multimedia},
  pages={2719--2727},
  year={2020}
}

@inproceedings{gt_ast2,
  title={Dynamic instance normalization for arbitrary style transfer},
  author={Jing, Yongcheng and Liu, Xiao and Ding, Yukang and Wang, Xinchao and Ding, Errui and Song, Mingli and Wen, Shilei},
  booktitle={Proceedings of the AAAI conference on artificial intelligence},
  volume={34},
  number={04},
  pages={4369--4376},
  year={2020}
}

@article{vgg,
  title={Very deep convolutional networks for large-scale image recognition},
  author={Simonyan, Karen and Zisserman, Andrew},
  journal={arXiv preprint arXiv:1409.1556},
  year={2014}
}

@article{dynamic_net,
  title={Dynamic filter networks},
  author={Jia, Xu and De Brabandere, Bert and Tuytelaars, Tinne and Gool, Luc V},
  journal={Advances in neural information processing systems},
  volume={29},
  year={2016}
}

@inproceedings{mscoco,
  title={Microsoft coco: Common objects in context},
  author={Lin, Tsung-Yi and Maire, Michael and Belongie, Serge and Hays, James and Perona, Pietro and Ramanan, Deva and Doll{\'a}r, Piotr and Zitnick, C Lawrence},
  booktitle={Computer Vision--ECCV 2014: 13th European Conference, Zurich, Switzerland, September 6-12, 2014, Proceedings, Part V 13},
  pages={740--755},
  year={2014},
  organization={Springer}
}

@article{wikiart,
  title={Wiki art gallery, inc.: A case for critical thinking},
  author={Phillips, Fred and Mackintosh, Brandy},
  journal={Issues in Accounting Education},
  volume={26},
  number={3},
  pages={593--608},
  year={2011},
  publisher={American Accounting Assocation}
}