@inproceedings{bechavod2022information,
  title={Information discrepancy in strategic learning},
  author={Bechavod, Yahav and Podimata, Chara and Wu, Steven and Ziani, Juba},
  booktitle={International Conference on Machine Learning},
  pages={1691--1715},
  year={2022},
  organization={PMLR}
}

@article{bergemann2019information,
  title={Information design: A unified perspective},
  author={Bergemann, Dirk and Morris, Stephen},
  journal={Journal of Economic Literature},
  volume={57},
  number={1},
  pages={44--95},
  year={2019},
  publisher={American Economic Association 2014 Broadway, Suite 305, Nashville, TN 37203-2425}
}

@article{cohen2024bayesian,
  title={Bayesian Strategic Classification},
  author={Cohen, Lee and Sharifi-Malvajerdi, Saeed and Stangl, Kevin and Vakilian, Ali and Ziani, Juba},
  journal={arXiv preprint arXiv:2402.08758},
  year={2024}
}

@inproceedings{ghalme2021strategic,
  title={Strategic classification in the dark},
  author={Ghalme, Ganesh and Nair, Vineet and Eilat, Itay and Talgam-Cohen, Inbal and Rosenfeld, Nir},
  booktitle={International Conference on Machine Learning},
  pages={3672--3681},
  year={2021},
  organization={PMLR}
}

@article{haghtalab2024calibrated,
  title={Calibrated stackelberg games: Learning optimal commitments against calibrated agents},
  author={Haghtalab, Nika and Podimata, Chara and Yang, Kunhe},
  journal={Advances in Neural Information Processing Systems},
  volume={36},
  year={2024}
}

@article{harris2022bayesian,
  title={Bayesian persuasion for algorithmic recourse},
  author={Harris, Keegan and Chen, Valerie and Kim, Joon and Talwalkar, Ameet and Heidari, Hoda and Wu, Steven Z},
  journal={Advances in Neural Information Processing Systems},
  volume={35},
  pages={11131--11144},
  year={2022}
}

@inproceedings{jagadeesan2021alternative,
  title={Alternative microfoundations for strategic classification},
  author={Jagadeesan, Meena and Mendler-D{\"u}nner, Celestine and Hardt, Moritz},
  booktitle={International Conference on Machine Learning},
  pages={4687--4697},
  year={2021},
  organization={PMLR}
}

@article{karimi2022survey,
  title={A survey of algorithmic recourse: contrastive explanations and consequential recommendations},
  author={Karimi, Amir-Hossein and Barthe, Gilles and Sch{\"o}lkopf, Bernhard and Valera, Isabel},
  journal={ACM Computing Surveys},
  volume={55},
  number={5},
  pages={1--29},
  year={2022},
  publisher={ACM New York, NY}
}

@article{tsirtsis2020decisions,
  title={Decisions, counterfactual explanations and strategic behavior},
  author={Tsirtsis, Stratis and Gomez Rodriguez, Manuel},
  journal={Advances in Neural Information Processing Systems},
  volume={33},
  pages={16749--16760},
  year={2020}
}

@article{xie2024non,
  title={Non-linear Welfare-Aware Strategic Learning},
  author={Xie, Tian and Zhang, Xueru},
  journal={arXiv preprint arXiv:2405.01810},
  year={2024}
}

