@inproceedings{adachi2024looping,
  title={Looping in the Human: Collaborative and Explainable Bayesian Optimization},
  author={Adachi, Masaki and Planden, Brady and Howey, David A and Osborne, Michael A and Orbell, Sebastian and Ares, Natalia and Muandet, Krikamol and Chau, Siu Lun},
  booktitle={AISTATS},
  year={2024}
}

@inproceedings{ahmadi2021strategic,
  title={The strategic perceptron},
  author={Ahmadi, Saba and Beyhaghi, Hedyeh and Blum, Avrim and Naggita, Keziah},
  booktitle={Proceedings of the 22nd ACM Conference on Economics and Computation},
  pages={6--25},
  year={2021}
}

@inproceedings{ahmadi2023fundamental,
  title={Fundamental bounds on online strategic classification},
  author={Ahmadi, Saba and Blum, Avrim and Yang, Kunhe},
  booktitle={Proceedings of the 24th ACM Conference on Economics and Computation},
  pages={22--58},
  year={2023}
}

@inproceedings{alon2020multiagent,
  title={Multiagent evaluation mechanisms},
  author={Alon, Tal and Dobson, Magdalen and Procaccia, Ariel and Talgam-Cohen, Inbal and Tucker-Foltz, Jamie},
  booktitle={Proceedings of the AAAI Conference on Artificial Intelligence},
  volume={34},
  pages={1774--1781},
  year={2020}
}

@article{Angrist96:IV,
 author = {Joshua D. Angrist and Guido W. Imbens and Donald B. Rubin},
 journal = {Journal of the American Statistical Association},
 number = {434},
 pages = {444--455},
 publisher = {American Statistical Association, Taylor \& Francis, Ltd.},
 title = {Identification of Causal Effects Using Instrumental Variables},
 volume = {91},
 year = {1996}
}

@inproceedings{bechavod2022information,
  title={Information discrepancy in strategic learning},
  author={Bechavod, Yahav and Podimata, Chara and Wu, Steven and Ziani, Juba},
  booktitle={International Conference on Machine Learning},
  pages={1691--1715},
  year={2022},
  organization={PMLR}
}

@article{bergemann2016bayes,
  title={Bayes correlated equilibrium and the comparison of information structures in games},
  author={Bergemann, Dirk and Morris, Stephen},
  journal={Theoretical Economics},
  volume={11},
  number={2},
  pages={487--522},
  year={2016},
  publisher={Wiley Online Library}
}

@article{bergemann2019information,
  title={Information design: A unified perspective},
  author={Bergemann, Dirk and Morris, Stephen},
  journal={Journal of Economic Literature},
  volume={57},
  number={1},
  pages={44--95},
  year={2019},
  publisher={American Economic Association 2014 Broadway, Suite 305, Nashville, TN 37203-2425}
}

@article{bjorkegren2020behavior,
  title={Behavior revealed in mobile phone usage predicts credit repayment},
  author={Bj{\"o}rkegren, Daniel and Grissen, Darrell},
  journal={The World Bank Economic Review},
  volume={34},
  number={3},
  pages={618--634},
  year={2020},
  publisher={Oxford University Press}
}

%%article{bjorkegren2020manipulation,
%  title={Manipulation-proof machine learning},
%  author={Bj{\"o}rkegren, Daniel and Blumenstock, Joshua E and Knight, Samsun},
%  journal={arXiv preprint arXiv:2004.03865},
%  year={2020}
%}

@article{bruckner2012static,
  title={Static prediction games for adversarial learning problems},
  author={Br{\"u}ckner, Michael and Kanzow, Christian and Scheffer, Tobias},
  journal={The Journal of Machine Learning Research},
  volume={13},
  number={1},
  pages={2617--2654},
  year={2012},
  publisher={JMLR. org}
}

@book{cameron2005microeconometrics,
  title={Microeconometrics: methods and applications},
  author={Cameron, A Colin and Trivedi, Pravin K},
  year={2005},
  publisher={Cambridge university press}
}

@article{chau2021bayesimp,
  title={Bayesimp: Uncertainty quantification for causal data fusion},
  author={Chau, Siu Lun and Ton, Jean-Francois and Gonz{\'a}lez, Javier and Teh, Yee and Sejdinovic, Dino},
  journal={Advances in Neural Information Processing Systems},
  volume={34},
  pages={3466--3477},
  year={2021}
}


@article{chau2022rkhs,
  title={RKHS-SHAP: Shapley values for kernel methods},
  author={Chau, Siu Lun and Hu, Robert and Gonzalez, Javier and Sejdinovic, Dino},
  journal={Advances in neural information processing systems},
  volume={35},
  pages={13050--13063},
  year={2022}
}

@article{chau2023explaining,
  title={Explaining the uncertain: Stochastic Shapley values for Gaussian process models},
  author={Chau, Siu Lun and Muandet, Krikamol and Sejdinovic, Dino},
  journal={Advances in Neural Information Processing Systems},
  volume={36},
  pages={50769--50795},
  year={2023}
}

@inproceedings{cohen2023sequential,
  title={Sequential strategic screening},
  author={Cohen, Lee and Sharifi-Malvajerdi, Saeed and Stangl, Kevin and Vakilian, Ali and Ziani, Juba},
  booktitle={International Conference on Machine Learning},
  pages={6279--6295},
  year={2023},
  organization={PMLR}
}

@article{cohen2024bayesian,
  title={Bayesian Strategic Classification},
  author={Cohen, Lee and Sharifi-Malvajerdi, Saeed and Stangl, Kevin and Vakilian, Ali and Ziani, Juba},
  journal={arXiv preprint arXiv:2402.08758},
  year={2024}
}

@article{chen2020true,
  title={True to the model or true to the data?},
  author={Chen, Hugh and Janizek, Joseph D and Lundberg, Scott and Lee, Su-In},
  journal={arXiv preprint arXiv:2006.16234},
  year={2020}
}

@book{christoph2020interpretable,
  title={Interpretable machine learning: A guide for making black box models explainable},
  author={Christoph, Molnar},
  year={2020},
  publisher={Leanpub}
}

@article{dee2019causes,
  title={The causes and consequences of test score manipulation: Evidence from the New York regents examinations},
  author={Dee, Thomas S and Dobbie, Will and Jacob, Brian A and Rockoff, Jonah},
  journal={American Economic Journal: Applied Economics},
  volume={11},
  number={3},
  pages={382--423},
  year={2019},
  publisher={American Economic Association 2014 Broadway, Suite 305, Nashville, TN 37203-2425}
}

@inproceedings{Deshpande20:Ai-Resume,
  author = {Deshpande, Ketki V. and Pan, Shimei and Foulds, James R.},
  title = {Mitigating Demographic Bias in {AI}-Based Resume Filtering},
  year = {2020},
  publisher = {Association for Computing Machinery},
  booktitle = {Adjunct Publication of the 28th ACM Conference on User Modeling, Adaptation and Personalization},
  pages = {268--275},
  numpages = {8}
}

@inproceedings{dong2018strategic,
  title={Strategic classification from revealed preferences},
  author={Dong, Jinshuo and Roth, Aaron and Schutzman, Zachary and Waggoner, Bo and Wu, Zhiwei Steven},
  booktitle={Proceedings of the 2018 ACM Conference on Economics and Computation},
  pages={55--70},
  year={2018}
}

@article{dranove2003more,
  title={Is more information better? The effects of “report cards” on health care providers},
  author={Dranove, David and Kessler, Daniel and McClellan, Mark and Satterthwaite, Mark},
  journal={Journal of political Economy},
  volume={111},
  number={3},
  pages={555--588},
  year={2003},
  publisher={The University of Chicago Press}
}

@article{fokkema2023attribution,
  title={Attribution-based explanations that provide recourse cannot be robust},
  author={Fokkema, Hidde and De Heide, Rianne and Van Erven, Tim},
  journal={Journal of Machine Learning Research},
  volume={24},
  number={360},
  pages={1--37},
  year={2023}
}

@inproceedings{ghalme2021strategic,
  title={Strategic classification in the dark},
  author={Ghalme, Ganesh and Nair, Vineet and Eilat, Itay and Talgam-Cohen, Inbal and Rosenfeld, Nir},
  booktitle={International Conference on Machine Learning},
  pages={3672--3681},
  year={2021},
  organization={PMLR}
}

@article{Ghassemi22:ML-Health,
	author = {Ghassemi, Marzyeh and Mohamed, Shakir},
	journal = {npj Digital Medicine},
	number = {1},
	pages = {51},
	title = {Machine learning and health need better values},
	volume = {5},
	year = {2022}
}

@article{goodman2017european,
  title={European Union regulations on algorithmic decision-making and a “right to explanation”},
  author={Goodman, Bryce and Flaxman, Seth},
  journal={AI magazine},
  volume={38},
  number={3},
  pages={50--57},
  year={2017}
}

@article{guidotti2018survey,
  title={A survey of methods for explaining black box models},
  author={Guidotti, Riccardo and Monreale, Anna and Ruggieri, Salvatore and Turini, Franco and Giannotti, Fosca and Pedreschi, Dino},
  journal={ACM computing surveys (CSUR)},
  volume={51},
  number={5},
  pages={1--42},
  year={2018},
  publisher={ACM New York, NY, USA}
}

@article{haghtalab2024calibrated,
  title={Calibrated stackelberg games: Learning optimal commitments against calibrated agents},
  author={Haghtalab, Nika and Podimata, Chara and Yang, Kunhe},
  journal={Advances in Neural Information Processing Systems},
  volume={36},
  year={2024}
}

@inproceedings{hardt2016strategic,
  title={Strategic classification},
  author={Hardt, Moritz and Megiddo, Nimrod and Papadimitriou, Christos and Wootters, Mary},
  booktitle={Proceedings of the 2016 ACM conference on innovations in theoretical computer science},
  pages={111--122},
  year={2016}
}

@article{harris2021stateful,
  title={Stateful strategic regression},
  author={Harris, Keegan and Heidari, Hoda and Wu, Steven Z},
  journal={Advances in Neural Information Processing Systems},
  volume={34},
  pages={28728--28741},
  year={2021}
}

@inproceedings{harris2022strategic,
  title={Strategic instrumental variable regression: Recovering causal relationships from strategic responses},
  author={Harris, Keegan and Ngo, Dung Daniel T and Stapleton, Logan and Heidari, Hoda and Wu, Steven},
  booktitle={International Conference on Machine Learning},
  pages={8502--8522},
  year={2022},
  organization={PMLR}
}

@article{harris2022bayesian,
  title={Bayesian persuasion for algorithmic recourse},
  author={Harris, Keegan and Chen, Valerie and Kim, Joon and Talwalkar, Ameet and Heidari, Hoda and Wu, Steven Z},
  journal={Advances in Neural Information Processing Systems},
  volume={35},
  pages={11131--11144},
  year={2022}
}

@InProceedings{Hartford17:DIV,
  title = 	 {Deep {IV}: A Flexible Approach for Counterfactual Prediction},
  author = 	 {Jason Hartford and Greg Lewis and Kevin Leyton-Brown and Matt Taddy},
  booktitle = 	 {Proceedings of the 34th International Conference on Machine Learning},
  pages = 	 {1414--1423},
  year = 	 {2017},
  volume = 	 {70},
  publisher = 	 {PMLR}
}

@book{hastie2017elements,
  title={The Elements of Statistical Learning},
  author={Hastie, Trevor and Tibshirani, Robert and Friedman, Jerome},
  year={2017},
  publisher={Springer}
}

@inproceedings{horowitz2023causal,
  title={Causal strategic classification: A tale of two shifts},
  author={Horowitz, Guy and Rosenfeld, Nir},
  booktitle={International Conference on Machine Learning},
  pages={13233--13253},
  year={2023},
  organization={PMLR}
}

@article{hu2018disparate,
  author    = {Lily Hu and
               Nicole Immorlica and
               Jennifer Wortman Vaughan},
  title     = {The Disparate Effects of Strategic Manipulation},
  journal   = {CoRR},
  volume    = {abs/1808.08646},
  year      = {2018},
  url       = {http://arxiv.org/abs/1808.08646},
  eprinttype = {arXiv},
  eprint    = {1808.08646},
  timestamp = {Mon, 03 Sep 2018 13:39:00 +0200},
  biburl    = {https://dblp.org/rec/journals/corr/abs-1808-08646.bib},
  bibsource = {dblp computer science bibliography, https://dblp.org}
}

@article{hu2022explaining,
  title={Explaining preferences with shapley values},
  author={Hu, Robert and Chau, Siu Lun and Ferrando Huertas, Jaime and Sejdinovic, Dino},
  journal={Advances in Neural Information Processing Systems},
  volume={35},
  pages={27664--27677},
  year={2022}
}

@inproceedings{jagadeesan2021alternative,
  title={Alternative microfoundations for strategic classification},
  author={Jagadeesan, Meena and Mendler-D{\"u}nner, Celestine and Hardt, Moritz},
  booktitle={International Conference on Machine Learning},
  pages={4687--4697},
  year={2021},
  organization={PMLR}
}

@article{kamenica2011bayesian,
  title={Bayesian persuasion},
  author={Kamenica, Emir and Gentzkow, Matthew},
  journal={American Economic Review},
  volume={101},
  number={6},
  pages={2590--2615},
  year={2011},
  publisher={American Economic Association}
}

@article{karimi2020algorithmic,
  title={Algorithmic recourse under imperfect causal knowledge: a probabilistic approach},
  author={Karimi, Amir-Hossein and Von K{\"u}gelgen, Julius and Sch{\"o}lkopf, Bernhard and Valera, Isabel},
  journal={Advances in neural information processing systems},
  volume={33},
  pages={265--277},
  year={2020}
}

@inproceedings{karimi2021algorithmic,
  title={Algorithmic recourse: from counterfactual explanations to interventions},
  author={Karimi, Amir-Hossein and Sch{\"o}lkopf, Bernhard and Valera, Isabel},
  booktitle={Proceedings of the 2021 ACM conference on fairness, accountability, and transparency},
  pages={353--362},
  year={2021}
}

@article{karimi2022survey,
  title={A survey of algorithmic recourse: contrastive explanations and consequential recommendations},
  author={Karimi, Amir-Hossein and Barthe, Gilles and Sch{\"o}lkopf, Bernhard and Valera, Isabel},
  journal={ACM Computing Surveys},
  volume={55},
  number={5},
  pages={1--29},
  year={2022},
  publisher={ACM New York, NY}
}

@article{kleinberg2018human,
  title={Human decisions and machine predictions},
  author={Kleinberg, Jon and Lakkaraju, Himabindu and Leskovec, Jure and Ludwig, Jens and Mullainathan, Sendhil},
  journal={The quarterly journal of economics},
  volume={133},
  number={1},
  pages={237--293},
  year={2018},
  publisher={Oxford University Press}
}

@article{kleinberg2020classifiers,
  title={How do classifiers induce agents to invest effort strategically?},
  author={Kleinberg, Jon and Raghavan, Manish},
  journal={ACM Transactions on Economics and Computation (TEAC)},
  volume={8},
  number={4},
  pages={1--23},
  year={2020},
  publisher={ACM New York, NY, USA}
}

@inproceedings{levanon2021strategic,
  title={Strategic classification made practical},
  author={Levanon, Sagi and Rosenfeld, Nir},
  booktitle={International Conference on Machine Learning},
  pages={6243--6253},
  year={2021},
  organization={PMLR}
}

@inproceedings{luexplainable,
  title={Explainable Attribution using Additive Gaussian Processes},
  author={Lu, Xiaoyu and Boukouvalas, Alexis and Hensman, James},
  booktitle={Sixth Symposium on Advances in Approximate Bayesian Inference-Non Archival Track},
    year={2024}
}

@article{lundberg2017unified,
  title={A unified approach to interpreting model predictions},
  author={Lundberg, Scott},
  journal={arXiv preprint arXiv:1705.07874},
  year={2017}
}

@article{mendler2022anticipating,
  title={Anticipating performativity by predicting from predictions},
  author={Mendler-D{\"u}nner, Celestine and Ding, Frances and Wang, Yixin},
  journal={Advances in Neural Information Processing Systems},
  volume={35},
  pages={31171--31185},
  year={2022}
}

@inproceedings{miller2020strategic,
  title={Strategic classification is causal modeling in disguise},
  author={Miller, John and Milli, Smitha and Hardt, Moritz},
  booktitle={International Conference on Machine Learning},
  pages={6917--6926},
  year={2020},
  organization={PMLR}
}

@inproceedings{milli2019social,
  title={The social cost of strategic classification},
  author={Milli, Smitha and Miller, John and Dragan, Anca D and Hardt, Moritz},
  booktitle={Proceedings of the Conference on Fairness, Accountability, and Transparency},
  pages={230--239},
  year={2019}
}

@book{molnar2020interpretable,
  title={Interpretable machine learning},
  author={Molnar, Christoph},
  year={2020},
  publisher={Lulu. com}
}

@article{muandet2020dual,
  title={Dual instrumental variable regression},
  author={Muandet, Krikamol and Mehrjou, Arash and Lee, Si Kai and Raj, Anant},
  journal={Advances in Neural Information Processing Systems},
  volume={33},
  pages={2710--2721},
  year={2020}
}

@article{munro2021treatment,
   title={Treatment effects in market equilibrium},
   author={Munro, Evan and Wager, Stefan and Xu, Kuang},
   journal={arXiv preprint arXiv:2109.11647},
   year={2021}
 }

@article{munro2022learning,
  title={Learning to personalize treatments when agents are strategic},
  author={Munro, Evan},
  journal={arXiv preprint arXiv:2011.06528},
  year={2022}
}

@article{Newey03:NIV,
author = {Newey, Whitney K. and Powell, James L.},
title = {Instrumental Variable Estimation of Nonparametric Models},
journal = {Econometrica},
volume = {71},
number = {5},
pages = {1565--1578},
year = {2003}
}

@inproceedings{perdomo2020performative,
  title={Performative prediction},
  author={Perdomo, Juan and Zrnic, Tijana and Mendler-D{\"u}nner, Celestine and Hardt, Moritz},
  booktitle={International Conference on Machine Learning},
  pages={7599--7609},
  year={2020},
  organization={PMLR}
}

@book{peters2017elements,
  title={Elements of causal inference: foundations and learning algorithms},
  author={Peters, Jonas and Janzing, Dominik and Sch{\"o}lkopf, Bernhard},
  year={2017},
  publisher={The MIT Press}
}

@InProceedings{pmlr-v130-bechavod21a,
  title = 	 { Gaming Helps! Learning from Strategic Interactions in Natural Dynamics },
  author =       {Bechavod, Yahav and Ligett, Katrina and Wu, Steven and Ziani, Juba},
  booktitle = 	 {Proceedings of The 24th International Conference on Artificial Intelligence and Statistics},
  pages = 	 {1234--1242},
  year = 	 {2021},
  editor = 	 {Banerjee, Arindam and Fukumizu, Kenji},
  volume = 	 {130},
  series = 	 {Proceedings of Machine Learning Research},
  month = 	 {13--15 Apr},
  publisher =    {PMLR},
  pdf = 	 {http://proceedings.mlr.press/v130/bechavod21a/bechavod21a.pdf},
  url = 	 {https://proceedings.mlr.press/v130/bechavod21a.html},
}

@inproceedings{ribeiro2016should,
  title={" Why should i trust you?" Explaining the predictions of any classifier},
  author={Ribeiro, Marco Tulio and Singh, Sameer and Guestrin, Carlos},
  booktitle={Proceedings of the 22nd ACM SIGKDD international conference on knowledge discovery and data mining},
  pages={1135--1144},
  year={2016}
}

@article{rodemann2024explaining,
  title={Explaining Bayesian Optimization by Shapley Values Facilitates Human-AI Collaboration},
  author={Rodemann, Julian and Croppi, Federico and Arens, Philipp and Sale, Yusuf and Herbinger, Julia and Bischl, Bernd and H{\"u}llermeier, Eyke and Augustin, Thomas and Walsh, Conor J and Casalicchio, Giuseppe},
  journal={arXiv preprint arXiv:2403.04629},
  year={2024}
}

@article{selbst2017meaningful,
  title={Meaningful Information and the Right to Explanation},
  author={Selbst, Andrew D and Powles, Julia},
  journal={International Data Privacy Law},
  volume={7},
  number={4},
  pages={233--242},
  year={2017}
}

@article{shao2024strategic,
  title={Strategic classification under unknown personalized manipulation},
  author={Shao, Han and Blum, Avrim and Montasser, Omar},
  journal={Advances in Neural Information Processing Systems},
  volume={36},
  year={2024}
}

@inproceedings{shavit2020causal,
  title={Causal strategic linear regression},
  author={Shavit, Yonadav and Edelman, Benjamin and Axelrod, Brian},
  booktitle={International Conference on Machine Learning},
  pages={8676--8686},
  year={2020},
  organization={PMLR}
}

@article{singh2019kernel,
  title={Kernel instrumental variable regression},
  author={Singh, Rahul and Sahani, Maneesh and Gretton, Arthur},
  journal={Advances in Neural Information Processing Systems},
  volume={32},
  year={2019}
}

@article{sundaram2023pac,
  title={Pac-learning for strategic classification},
  author={Sundaram, Ravi and Vullikanti, Anil and Xu, Haifeng and Yao, Fan},
  journal={Journal of Machine Learning Research},
  volume={24},
  number={192},
  pages={1--38},
  year={2023}
}

@article{Tomav19:Clinical,
	author = {Toma{\v s}ev, Nenad and Glorot, Xavier and Rae, Jack W. and Zielinski, Michal and Askham, Harry and Saraiva, Andre and Mottram, Anne and Meyer, Clemens and Ravuri, Suman and Protsyuk, Ivan and Connell, Alistair and Hughes, C{\'\i}an O. and Karthikesalingam, Alan and Cornebise, Julien and Montgomery, Hugh and Rees, Geraint and Laing, Chris and Baker, Clifton R. and Peterson, Kelly and Reeves, Ruth and Hassabis, Demis and King, Dominic and Suleyman, Mustafa and Back, Trevor and Nielson, Christopher and Ledsam, Joseph R. and Mohamed, Shakir},
	journal = {Nature},
	number = {7767},
	pages = {116--119},
	title = {A clinically applicable approach to continuous prediction of future acute kidney injury},
	volume = {572},
	year = {2019}
}

@article{tsirtsis2020decisions,
  title={Decisions, counterfactual explanations and strategic behavior},
  author={Tsirtsis, Stratis and Gomez Rodriguez, Manuel},
  journal={Advances in Neural Information Processing Systems},
  volume={33},
  pages={16749--16760},
  year={2020}
}

@inproceedings{vo2024causal,
  title={Causal Strategic Learning with Competitive Selection},
  author={Vo, Kiet QH and Aadil, Muneeb and Chau, Siu Lun and Muandet, Krikamol},
  booktitle={Proceedings of the AAAI Conference on Artificial Intelligence},
  volume={38},
  pages={15411--15419},
  year={2024}
}

@article{wachter2017counterfactual,
  title={Counterfactual explanations without opening the black box: Automated decisions and the GDPR},
  author={Wachter, Sandra and Mittelstadt, Brent and Russell, Chris},
  journal={Harv. JL \& Tech.},
  volume={31},
  pages={841},
  year={2017},
  publisher={HeinOnline}
}

@article{wachter2017right,
  title={Why a right to explanation of automated decision-making does not exist in the general data protection regulation},
  author={Wachter, Sandra and Mittelstadt, Brent and Floridi, Luciano},
  journal={International data privacy law},
  volume={7},
  number={2},
  pages={76--99},
  year={2017},
  publisher={Oxford University Press}
}

@article{Wiens19:Roadmap,
	author = {Wiens, Jenna and Saria, Suchi and Sendak, Mark and Ghassemi, Marzyeh and Liu, Vincent X. and Doshi-Velez, Finale and Jung, Kenneth and Heller, Katherine and Kale, David and Saeed, Mohammed and Ossorio, Pilar N. and Thadaney-Israni, Sonoo and Goldenberg, Anna},
	journal = {Nature Medicine},
	number = {9},
	pages = {1337--1340},
	title = {Do no harm: a roadmap for responsible machine learning for health care},
	volume = {25},
	year = {2019}
}

@article{xie2024non,
  title={Non-linear Welfare-Aware Strategic Learning},
  author={Xie, Tian and Zhang, Xueru},
  journal={arXiv preprint arXiv:2405.01810},
  year={2024}
}

@inproceedings{zhang2021incentive,
  title={Incentive-aware PAC learning},
  author={Zhang, Hanrui and Conitzer, Vincent},
  booktitle={Proceedings of the AAAI Conference on Artificial Intelligence},
  volume={35},
  pages={5797--5804},
  year={2021}
}