% Use this file for citations not found in the ACL Anthology (contained in "anthology.bib").
@article{pourreza2024din,
  title={Din-sql: Decomposed in-context learning of text-to-sql with self-correction},
  author={Pourreza, Mohammadreza and Rafiei, Davood},
  journal={Advances in Neural Information Processing Systems},
  volume={36},
  year={2024}
}
@article{gan2021natural,
  title={Natural SQL: Making SQL easier to infer from natural language specifications},
  author={Gan, Yujian and Chen, Xinyun and Xie, Jinxia and Purver, Matthew and Woodward, John R and Drake, John and Zhang, Qiaofu},
  journal={arXiv preprint arXiv:2109.05153},
  year={2021}
}
@article{wang2019rat,
  title={Rat-sql: Relation-aware schema encoding and linking for text-to-sql parsers},
  author={Wang, Bailin and Shin, Richard and Liu, Xiaodong and Polozov, Oleksandr and Richardson, Matthew},
  journal={arXiv preprint arXiv:1911.04942},
  year={2019}
}
@article{eyal2023semantic,
  title={Semantic Decomposition of Question and SQL for Text-to-SQL Parsing},
  author={Eyal, Ben and Bachar, Amir and Haroche, Ophir and Mahabi, Moran and Elhadad, Michael},
  journal={arXiv preprint arXiv:2310.13575},
  year={2023}
}
@article{chung2024scaling,
  title={Scaling instruction-finetuned language models},
  author={Chung, Hyung Won and Hou, Le and Longpre, Shayne and Zoph, Barret and Tay, Yi and Fedus, William and Li, Yunxuan and Wang, Xuezhi and Dehghani, Mostafa and Brahma, Siddhartha and others},
  journal={Journal of Machine Learning Research},
  volume={25},
  number={70},
  pages={1--53},
  year={2024}
}
@inproceedings{li2023graphix,
  title={Graphix-t5: Mixing pre-trained transformers with graph-aware layers for text-to-sql parsing},
  author={Li, Jinyang and Hui, Binyuan and Cheng, Reynold and Qin, Bowen and Ma, Chenhao and Huo, Nan and Huang, Fei and Du, Wenyu and Si, Luo and Li, Yongbin},
  booktitle={Proceedings of the AAAI Conference on Artificial Intelligence},
  volume={37},
  pages={13076--13084},
  year={2023}
}
@article{zhong2020semantic,
  title={Semantic evaluation for text-to-SQL with distilled test suites},
  author={Zhong, Ruiqi and Yu, Tao and Klein, Dan},
  journal={arXiv preprint arXiv:2010.02840},
  year={2020}
}
@article{rajkumar2022evaluating,
  title={Evaluating the text-to-sql capabilities of large language models},
  author={Rajkumar, Nitarshan and Li, Raymond and Bahdanau, Dzmitry},
  journal={arXiv preprint arXiv:2204.00498},
  year={2022}
}
@article{liu2023comprehensive,
  title={A comprehensive evaluation of ChatGPT's zero-shot Text-to-SQL capability},
  author={Liu, Aiwei and Hu, Xuming and Wen, Lijie and Yu, Philip S},
  journal={arXiv preprint arXiv:2303.13547},
  year={2023}
}
@inproceedings{guo2023prompting,
  title={Prompting gpt-3.5 for text-to-sql with de-semanticization and skeleton retrieval},
  author={Guo, Chunxi and Tian, Zhiliang and Tang, Jintao and Wang, Pancheng and Wen, Zhihua and Yang, Kang and Wang, Ting},
  booktitle={Pacific Rim International Conference on Artificial Intelligence},
  pages={262--274},
  year={2023},
  organization={Springer}
}
@article{nan2023enhancing,
  title={Enhancing few-shot text-to-sql capabilities of large language models: A study on prompt design strategies},
  author={Nan, Linyong and Zhao, Yilun and Zou, Weijin and Ri, Narutatsu and Tae, Jaesung and Zhang, Ellen and Cohan, Arman and Radev, Dragomir},
  journal={arXiv preprint arXiv:2305.12586},
  year={2023}
}
@article{liu2023divide,
  title={Divide and prompt: Chain of thought prompting for text-to-sql},
  author={Liu, Xiping and Tan, Zhao},
  journal={arXiv preprint arXiv:2304.11556},
  year={2023}
}
@article{kaddour2023challenges,
  title={Challenges and applications of large language models},
  author={Kaddour, Jean and Harris, Joshua and Mozes, Maximilian and Bradley, Herbie and Raileanu, Roberta and McHardy, Robert},
  journal={arXiv preprint arXiv:2307.10169},
  year={2023}
}
@article{lightman2023let,
  title={Let's Verify Step by Step},
  author={Lightman, Hunter and Kosaraju, Vineet and Burda, Yura and Edwards, Harri and Baker, Bowen and Lee, Teddy and Leike, Jan and Schulman, John and Sutskever, Ilya and Cobbe, Karl},
  journal={arXiv preprint arXiv:2305.20050},
  year={2023}
}
@article{huang2023large,
  title={Large language models cannot self-correct reasoning yet},
  author={Huang, Jie and Chen, Xinyun and Mishra, Swaroop and Zheng, Huaixiu Steven and Yu, Adams Wei and Song, Xinying and Zhou, Denny},
  journal={arXiv preprint arXiv:2310.01798},
  year={2023}
}
@article{wei2022chain,
  title={Chain-of-thought prompting elicits reasoning in large language models},
  author={Wei, Jason and Wang, Xuezhi and Schuurmans, Dale and Bosma, Maarten and Xia, Fei and Chi, Ed and Le, Quoc V and Zhou, Denny and others},
  journal={Advances in neural information processing systems},
  volume={35},
  pages={24824--24837},
  year={2022}
}
@article{kojima2022large,
  title={Large language models are zero-shot reasoners},
  author={Kojima, Takeshi and Gu, Shixiang Shane and Reid, Machel and Matsuo, Yutaka and Iwasawa, Yusuke},
  journal={Advances in neural information processing systems},
  volume={35},
  pages={22199--22213},
  year={2022}
}
@article{wang2022self,
  title={Self-consistency improves chain of thought reasoning in language models},
  author={Wang, Xuezhi and Wei, Jason and Schuurmans, Dale and Le, Quoc and Chi, Ed and Narang, Sharan and Chowdhery, Aakanksha and Zhou, Denny},
  journal={arXiv preprint arXiv:2203.11171},
  year={2022}
}
@article{yao2024tree,
  title={Tree of thoughts: Deliberate problem solving with large language models},
  author={Yao, Shunyu and Yu, Dian and Zhao, Jeffrey and Shafran, Izhak and Griffiths, Tom and Cao, Yuan and Narasimhan, Karthik},
  journal={Advances in Neural Information Processing Systems},
  volume={36},
  year={2024}
}
@article{yu2023metamath,
  title={Metamath: Bootstrap your own mathematical questions for large language models},
  author={Yu, Longhui and Jiang, Weisen and Shi, Han and Yu, Jincheng and Liu, Zhengying and Zhang, Yu and Kwok, James T and Li, Zhenguo and Weller, Adrian and Liu, Weiyang},
  journal={arXiv preprint arXiv:2309.12284},
  year={2023}
}
@article{luo2023wizardmath,
  title={Wizardmath: Empowering mathematical reasoning for large language models via reinforced evol-instruct},
  author={Luo, Haipeng and Sun, Qingfeng and Xu, Can and Zhao, Pu and Lou, Jianguang and Tao, Chongyang and Geng, Xiubo and Lin, Qingwei and Chen, Shifeng and Zhang, Dongmei},
  journal={arXiv preprint arXiv:2308.09583},
  year={2023}
}
@article{zelikman2022star,
  title={Star: Bootstrapping reasoning with reasoning},
  author={Zelikman, Eric and Wu, Yuhuai and Mu, Jesse and Goodman, Noah},
  journal={Advances in Neural Information Processing Systems},
  volume={35},
  pages={15476--15488},
  year={2022}
}
@article{yuan2023scaling,
  title={Scaling relationship on learning mathematical reasoning with large language models},
  author={Yuan, Zheng and Yuan, Hongyi and Li, Chengpeng and Dong, Guanting and Tan, Chuanqi and Zhou, Chang},
  journal={arXiv preprint arXiv:2308.01825},
  year={2023}
}
@article{ni2022learning,
  title={Learning math reasoning from self-sampled correct and partially-correct solutions},
  author={Ni, Ansong and Inala, Jeevana Priya and Wang, Chenglong and Polozov, Oleksandr and Meek, Christopher and Radev, Dragomir and Gao, Jianfeng},
  journal={arXiv preprint arXiv:2205.14318},
  year={2022}
}
@article{cobbe2021training,
  title={Training verifiers to solve math word problems},
  author={Cobbe, Karl and Kosaraju, Vineet and Bavarian, Mohammad and Chen, Mark and Jun, Heewoo and Kaiser, Lukasz and Plappert, Matthias and Tworek, Jerry and Hilton, Jacob and Nakano, Reiichiro and others},
  journal={arXiv preprint arXiv:2110.14168},
  year={2021}
}
@inproceedings{Li2022MakingLM,
  title={Making Language Models Better Reasoners with Step-Aware Verifier},
  author={Yifei Li and Zeqi Lin and Shizhuo Zhang and Qiang Fu and B. Chen and Jian-Guang Lou and Weizhu Chen},
  booktitle={Annual Meeting of the Association for Computational Linguistics},
  year={2022}
}
@article{zhu2022solving,
  title={Solving math word problems via cooperative reasoning induced language models},
  author={Zhu, Xinyu and Wang, Junjie and Zhang, Lin and Zhang, Yuxiang and Huang, Yongfeng and Gan, Ruyi and Zhang, Jiaxing and Yang, Yujiu},
  journal={arXiv preprint arXiv:2210.16257},
  year={2022}
}
@article{cai2017encoder,
  title={An encoder-decoder framework translating natural language to database queries},
  author={Cai, Ruichu and Xu, Boyan and Yang, Xiaoyan and Zhang, Zhenjie and Li, Zijian and Liang, Zhihao},
  journal={arXiv preprint arXiv:1711.06061},
  year={2017}
}
@inproceedings{zelle1996learning,
  title={Learning to parse database queries using inductive logic programming},
  author={Zelle, John M and Mooney, Raymond J},
  booktitle={Proceedings of the national conference on artificial intelligence},
  pages={1050--1055},
  year={1996}
}
@article{xu2017sqlnet,
  title={Sqlnet: Generating structured queries from natural language without reinforcement learning},
  author={Xu, Xiaojun and Liu, Chang and Song, Dawn},
  journal={arXiv preprint arXiv:1711.04436},
  year={2017}
}
@article{yu2018typesql,
  title={Typesql: Knowledge-based type-aware neural text-to-sql generation},
  author={Yu, Tao and Li, Zifan and Zhang, Zilin and Zhang, Rui and Radev, Dragomir},
  journal={arXiv preprint arXiv:1804.09769},
  year={2018}
}
@article{yaghmazadeh2017sqlizer,
  title={SQLizer: query synthesis from natural language},
  author={Yaghmazadeh, Navid and Wang, Yuepeng and Dillig, Isil and Dillig, Thomas},
  journal={Proceedings of the ACM on Programming Languages},
  volume={1},
  number={OOPSLA},
  pages={1--26},
  year={2017},
  publisher={ACM New York, NY, USA}
}
@article{dong2016language,
  title={Language to logical form with neural attention},
  author={Dong, Li and Lapata, Mirella},
  journal={arXiv preprint arXiv:1601.01280},
  year={2016}
}
@article{hwang2019comprehensive,
  title={A comprehensive exploration on wikisql with table-aware word contextualization},
  author={Hwang, Wonseok and Yim, Jinyeong and Park, Seunghyun and Seo, Minjoon},
  journal={arXiv preprint arXiv:1902.01069},
  year={2019}
}
@article{lin2020bridging,
  title={Bridging textual and tabular data for cross-domain text-to-SQL semantic parsing},
  author={Lin, Xi Victoria and Socher, Richard and Xiong, Caiming},
  journal={arXiv preprint arXiv:2012.12627},
  year={2020}
}
@article{raffel2020exploring,
  title={Exploring the limits of transfer learning with a unified text-to-text transformer},
  author={Raffel, Colin and Shazeer, Noam and Roberts, Adam and Lee, Katherine and Narang, Sharan and Matena, Michael and Zhou, Yanqi and Li, Wei and Liu, Peter J},
  journal={Journal of machine learning research},
  volume={21},
  number={140},
  pages={1--67},
  year={2020}
}
@article{scholak2021picard,
  title={PICARD: Parsing incrementally for constrained auto-regressive decoding from language models},
  author={Scholak, Torsten and Schucher, Nathan and Bahdanau, Dzmitry},
  journal={arXiv preprint arXiv:2109.05093},
  year={2021}
}
@article{chen2021evaluating,
  title={Evaluating large language models trained on code},
  author={Chen, Mark and Tworek, Jerry and Jun, Heewoo and Yuan, Qiming and Pinto, Henrique Ponde De Oliveira and Kaplan, Jared and Edwards, Harri and Burda, Yuri and Joseph, Nicholas and Brockman, Greg and others},
  journal={arXiv preprint arXiv:2107.03374},
  year={2021}
}
@article{bogin2019representing,
  title={Representing schema structure with graph neural networks for text-to-SQL parsing},
  author={Bogin, Ben and Gardner, Matt and Berant, Jonathan},
  journal={arXiv preprint arXiv:1905.06241},
  year={2019}
}
@article{hui2021improving,
  title={Improving text-to-sql with schema dependency learning},
  author={Hui, Binyuan and Shi, Xiang and Geng, Ruiying and Li, Binhua and Li, Yongbin and Sun, Jian and Zhu, Xiaodan},
  journal={arXiv preprint arXiv:2103.04399},
  year={2021}
}
@article{brown2020language,
  title={Language models are few-shot learners},
  author={Brown, Tom and Mann, Benjamin and Ryder, Nick and Subbiah, Melanie and Kaplan, Jared D and Dhariwal, Prafulla and Neelakantan, Arvind and Shyam, Pranav and Sastry, Girish and Askell, Amanda and others},
  journal={Advances in neural information processing systems},
  volume={33},
  pages={1877--1901},
  year={2020}
}
@article{achiam2023gpt,
  title={Gpt-4 technical report},
  author={Achiam, Josh and Adler, Steven and Agarwal, Sandhini and Ahmad, Lama and Akkaya, Ilge and Aleman, Florencia Leoni and Almeida, Diogo and Altenschmidt, Janko and Altman, Sam and Anadkat, Shyamal and others},
  journal={arXiv preprint arXiv:2303.08774},
  year={2023}
}
@article{liu2023evaluating,
  title={Evaluating the logical reasoning ability of chatgpt and gpt-4},
  author={Liu, Hanmeng and Ning, Ruoxi and Teng, Zhiyang and Liu, Jian and Zhou, Qiji and Zhang, Yue},
  journal={arXiv preprint arXiv:2304.03439},
  year={2023}
}
@article{frieder2024mathematical,
  title={Mathematical capabilities of chatgpt},
  author={Frieder, Simon and Pinchetti, Luca and Griffiths, Ryan-Rhys and Salvatori, Tommaso and Lukasiewicz, Thomas and Petersen, Philipp and Berner, Julius},
  journal={Advances in Neural Information Processing Systems},
  volume={36},
  year={2024}
}
@article{nakano2021webgpt,
  title={Webgpt: Browser-assisted question-answering with human feedback},
  author={Nakano, Reiichiro and Hilton, Jacob and Balaji, Suchir and Wu, Jeff and Ouyang, Long and Kim, Christina and Hesse, Christopher and Jain, Shantanu and Kosaraju, Vineet and Saunders, William and others},
  journal={arXiv preprint arXiv:2112.09332},
  year={2021}
}
@article{Askell2021AGL,
  title={A General Language Assistant as a Laboratory for Alignment},
  author={Amanda Askell and Yuntao Bai and Anna Chen and Dawn Drain and Deep Ganguli and Tom Henighan and Andy Jones and Nicholas Joseph and Benjamin Mann and Nova Dassarma and Nelson Elhage and Zac Hatfield-Dodds and Danny Hernandez and John Kernion and Kamal Ndousse and Catherine Olsson and Dario Amodei and Tom B. Brown and Jack Clark and Sam McCandlish and Christopher Olah and Jared Kaplan},
  journal={ArXiv},
  year={2021},
  volume={abs/2112.00861}
}
@article{he2024advancing,
  title={Advancing process verification for large language models via tree-based preference learning},
  author={He, Mingqian and Shen, Yongliang and Zhang, Wenqi and Tan, Zeqi and Lu, Weiming},
  journal={arXiv preprint arXiv:2407.00390},
  year={2024}
}
@article{snell2024scaling,
  title={Scaling llm test-time compute optimally can be more effective than scaling model parameters},
  author={Snell, Charlie and Lee, Jaehoon and Xu, Kelvin and Kumar, Aviral},
  journal={arXiv preprint arXiv:2408.03314},
  year={2024}
}
@article{brown2024large,
  title={Large language monkeys: Scaling inference compute with repeated sampling},
  author={Brown, Bradley and Juravsky, Jordan and Ehrlich, Ryan and Clark, Ronald and Le, Quoc V and R{\'e}, Christopher and Mirhoseini, Azalia},
  journal={arXiv preprint arXiv:2407.21787},
  year={2024}
}
@article{yu2023outcome,
  title={Outcome-supervised verifiers for planning in mathematical reasoning},
  author={Yu, Fei and Gao, Anningzhe and Wang, Benyou},
  journal={arXiv preprint arXiv:2311.09724},
  year={2023}
}
@article{zhong2017seq2sql,
  title={Seq2sql: Generating structured queries from natural language using reinforcement learning},
  author={Zhong, Victor and Xiong, Caiming and Socher, Richard},
  journal={arXiv preprint arXiv:1709.00103},
  year={2017}
}
@article{yu2018spider,
  title={Spider: A large-scale human-labeled dataset for complex and cross-domain semantic parsing and text-to-sql task},
  author={Yu, Tao and Zhang, Rui and Yang, Kai and Yasunaga, Michihiro and Wang, Dongxu and Li, Zifan and Ma, James and Li, Irene and Yao, Qingning and Roman, Shanelle and others},
  journal={arXiv preprint arXiv:1809.08887},
  year={2018}
}
@article{gao2023text,
  title={Text-to-sql empowered by large language models: A benchmark evaluation},
  author={Gao, Dawei and Wang, Haibin and Li, Yaliang and Sun, Xiuyu and Qian, Yichen and Ding, Bolin and Zhou, Jingren},
  journal={arXiv preprint arXiv:2308.15363},
  year={2023}
}
@article{ding2024mitigating,
  title={Mitigating Tail Narrowing in LLM Self-Improvement via Socratic-Guided Sampling},
  author={Ding, Yiwen and Xi, Zhiheng and He, Wei and Li, Zhuoyuan and Zhai, Yitao and Shi, Xiaowei and Cai, Xunliang and Gui, Tao and Zhang, Qi and Huang, Xuanjing},
  journal={arXiv preprint arXiv:2411.00750},
  year={2024}
}
@article{gulcehre2023reinforced,
  title={Reinforced self-training (rest) for language modeling},
  author={Gulcehre, Caglar and Paine, Tom Le and Srinivasan, Srivatsan and Konyushkova, Ksenia and Weerts, Lotte and Sharma, Abhishek and Siddhant, Aditya and Ahern, Alex and Wang, Miaosen and Gu, Chenjie and others},
  journal={arXiv preprint arXiv:2308.08998},
  year={2023}
}
@article{wu2024inference,
  title={Inference scaling laws: An empirical analysis of compute-optimal inference for problem-solving with language models},
  author={Wu, Yangzhen and Sun, Zhiqing and Li, Shanda and Welleck, Sean and Yang, Yiming},
  journal={arXiv preprint arXiv:2408.00724},
  year={2024}
}
@article{wang2023mac,
  title={Mac-sql: Multi-agent collaboration for text-to-sql},
  author={Wang, Bing and Ren, Changyu and Yang, Jian and Liang, Xinnian and Bai, Jiaqi and Zhang, Qian-Wen and Yan, Zhao and Li, Zhoujun},
  journal={arXiv preprint arXiv:2312.11242},
  year={2023}
}
@article{yang2024qwen2,
  title={Qwen2. 5 technical report},
  author={Yang, An and Yang, Baosong and Zhang, Beichen and Hui, Binyuan and Zheng, Bo and Yu, Bowen and Li, Chengyuan and Liu, Dayiheng and Huang, Fei and Wei, Haoran and others},
  journal={arXiv preprint arXiv:2412.15115},
  year={2024}
}
@article{qin2024route,
  title={ROUTE: Robust Multitask Tuning and Collaboration for Text-to-SQL},
  author={Qin, Yang and Chen, Chao and Fu, Zhihang and Chen, Ze and Peng, Dezhong and Hu, Peng and Ye, Jieping},
  journal={arXiv preprint arXiv:2412.10138},
  year={2024}
}
@article{yang2024synthesizing,
  title={Synthesizing text-to-sql data from weak and strong llms},
  author={Yang, Jiaxi and Hui, Binyuan and Yang, Min and Yang, Jian and Lin, Junyang and Zhou, Chang},
  journal={arXiv preprint arXiv:2408.03256},
  year={2024}
}
@article{pourreza2024dts,
  title={Dts-sql: Decomposed text-to-sql with small large language models},
  author={Pourreza, Mohammadreza and Rafiei, Davood},
  journal={arXiv preprint arXiv:2402.01117},
  year={2024}
}
@article{roziere2023code,
  title={Code llama: Open foundation models for code},
  author={Roziere, Baptiste and Gehring, Jonas and Gloeckle, Fabian and Sootla, Sten and Gat, Itai and Tan, Xiaoqing Ellen and Adi, Yossi and Liu, Jingyu and Sauvestre, Romain and Remez, Tal and others},
  journal={arXiv preprint arXiv:2308.12950},
  year={2023}
}
@article{li2024codes,
  title={Codes: Towards building open-source language models for text-to-sql},
  author={Li, Haoyang and Zhang, Jing and Liu, Hanbing and Fan, Ju and Zhang, Xiaokang and Zhu, Jun and Wei, Renjie and Pan, Hongyan and Li, Cuiping and Chen, Hong},
  journal={Proceedings of the ACM on Management of Data},
  volume={2},
  number={3},
  pages={1--28},
  year={2024},
  publisher={ACM New York, NY, USA}
}