@inproceedings{Li2022MakingLM,
  title={Making Language Models Better Reasoners with Step-Aware Verifier},
  author={Yifei Li and Zeqi Lin and Shizhuo Zhang and Qiang Fu and B. Chen and Jian-Guang Lou and Weizhu Chen},
  booktitle={Annual Meeting of the Association for Computational Linguistics},
  year={2022}
}

@article{bogin2019representing,
  title={Representing schema structure with graph neural networks for text-to-SQL parsing},
  author={Bogin, Ben and Gardner, Matt and Berant, Jonathan},
  journal={arXiv preprint arXiv:1905.06241},
  year={2019}
}

@article{cai2017encoder,
  title={An encoder-decoder framework translating natural language to database queries},
  author={Cai, Ruichu and Xu, Boyan and Yang, Xiaoyan and Zhang, Zhenjie and Li, Zijian and Liang, Zhihao},
  journal={arXiv preprint arXiv:1711.06061},
  year={2017}
}

@article{chen2021evaluating,
  title={Evaluating large language models trained on code},
  author={Chen, Mark and Tworek, Jerry and Jun, Heewoo and Yuan, Qiming and Pinto, Henrique Ponde De Oliveira and Kaplan, Jared and Edwards, Harri and Burda, Yuri and Joseph, Nicholas and Brockman, Greg and others},
  journal={arXiv preprint arXiv:2107.03374},
  year={2021}
}

@article{cobbe2021training,
  title={Training verifiers to solve math word problems},
  author={Cobbe, Karl and Kosaraju, Vineet and Bavarian, Mohammad and Chen, Mark and Jun, Heewoo and Kaiser, Lukasz and Plappert, Matthias and Tworek, Jerry and Hilton, Jacob and Nakano, Reiichiro and others},
  journal={arXiv preprint arXiv:2110.14168},
  year={2021}
}

@article{dong2016language,
  title={Language to logical form with neural attention},
  author={Dong, Li and Lapata, Mirella},
  journal={arXiv preprint arXiv:1601.01280},
  year={2016}
}

@article{he2024advancing,
  title={Advancing process verification for large language models via tree-based preference learning},
  author={He, Mingqian and Shen, Yongliang and Zhang, Wenqi and Tan, Zeqi and Lu, Weiming},
  journal={arXiv preprint arXiv:2407.00390},
  year={2024}
}

@article{huang2023large,
  title={Large language models cannot self-correct reasoning yet},
  author={Huang, Jie and Chen, Xinyun and Mishra, Swaroop and Zheng, Huaixiu Steven and Yu, Adams Wei and Song, Xinying and Zhou, Denny},
  journal={arXiv preprint arXiv:2310.01798},
  year={2023}
}

@article{hui2021improving,
  title={Improving text-to-sql with schema dependency learning},
  author={Hui, Binyuan and Shi, Xiang and Geng, Ruiying and Li, Binhua and Li, Yongbin and Sun, Jian and Zhu, Xiaodan},
  journal={arXiv preprint arXiv:2103.04399},
  year={2021}
}

@article{hwang2019comprehensive,
  title={A comprehensive exploration on wikisql with table-aware word contextualization},
  author={Hwang, Wonseok and Yim, Jinyeong and Park, Seunghyun and Seo, Minjoon},
  journal={arXiv preprint arXiv:1902.01069},
  year={2019}
}

@article{kaddour2023challenges,
  title={Challenges and applications of large language models},
  author={Kaddour, Jean and Harris, Joshua and Mozes, Maximilian and Bradley, Herbie and Raileanu, Roberta and McHardy, Robert},
  journal={arXiv preprint arXiv:2307.10169},
  year={2023}
}

@article{kojima2022large,
  title={Large language models are zero-shot reasoners},
  author={Kojima, Takeshi and Gu, Shixiang Shane and Reid, Machel and Matsuo, Yutaka and Iwasawa, Yusuke},
  journal={Advances in neural information processing systems},
  volume={35},
  pages={22199--22213},
  year={2022}
}

@article{lightman2023let,
  title={Let's Verify Step by Step},
  author={Lightman, Hunter and Kosaraju, Vineet and Burda, Yura and Edwards, Harri and Baker, Bowen and Lee, Teddy and Leike, Jan and Schulman, John and Sutskever, Ilya and Cobbe, Karl},
  journal={arXiv preprint arXiv:2305.20050},
  year={2023}
}

@article{lin2020bridging,
  title={Bridging textual and tabular data for cross-domain text-to-SQL semantic parsing},
  author={Lin, Xi Victoria and Socher, Richard and Xiong, Caiming},
  journal={arXiv preprint arXiv:2012.12627},
  year={2020}
}

@article{liu2023comprehensive,
  title={A comprehensive evaluation of ChatGPT's zero-shot Text-to-SQL capability},
  author={Liu, Aiwei and Hu, Xuming and Wen, Lijie and Yu, Philip S},
  journal={arXiv preprint arXiv:2303.13547},
  year={2023}
}

@article{liu2023divide,
  title={Divide and prompt: Chain of thought prompting for text-to-sql},
  author={Liu, Xiping and Tan, Zhao},
  journal={arXiv preprint arXiv:2304.11556},
  year={2023}
}

@article{luo2023wizardmath,
  title={Wizardmath: Empowering mathematical reasoning for large language models via reinforced evol-instruct},
  author={Luo, Haipeng and Sun, Qingfeng and Xu, Can and Zhao, Pu and Lou, Jianguang and Tao, Chongyang and Geng, Xiubo and Lin, Qingwei and Chen, Shifeng and Zhang, Dongmei},
  journal={arXiv preprint arXiv:2308.09583},
  year={2023}
}

@article{ni2022learning,
  title={Learning math reasoning from self-sampled correct and partially-correct solutions},
  author={Ni, Ansong and Inala, Jeevana Priya and Wang, Chenglong and Polozov, Oleksandr and Meek, Christopher and Radev, Dragomir and Gao, Jianfeng},
  journal={arXiv preprint arXiv:2205.14318},
  year={2022}
}

@article{pourreza2024din,
  title={Din-sql: Decomposed in-context learning of text-to-sql with self-correction},
  author={Pourreza, Mohammadreza and Rafiei, Davood},
  journal={Advances in Neural Information Processing Systems},
  volume={36},
  year={2024}
}

@article{raffel2020exploring,
  title={Exploring the limits of transfer learning with a unified text-to-text transformer},
  author={Raffel, Colin and Shazeer, Noam and Roberts, Adam and Lee, Katherine and Narang, Sharan and Matena, Michael and Zhou, Yanqi and Li, Wei and Liu, Peter J},
  journal={Journal of machine learning research},
  volume={21},
  number={140},
  pages={1--67},
  year={2020}
}

@article{rajkumar2022evaluating,
  title={Evaluating the text-to-sql capabilities of large language models},
  author={Rajkumar, Nitarshan and Li, Raymond and Bahdanau, Dzmitry},
  journal={arXiv preprint arXiv:2204.00498},
  year={2022}
}

@article{scholak2021picard,
  title={PICARD: Parsing incrementally for constrained auto-regressive decoding from language models},
  author={Scholak, Torsten and Schucher, Nathan and Bahdanau, Dzmitry},
  journal={arXiv preprint arXiv:2109.05093},
  year={2021}
}

@article{wang2019rat,
  title={Rat-sql: Relation-aware schema encoding and linking for text-to-sql parsers},
  author={Wang, Bailin and Shin, Richard and Liu, Xiaodong and Polozov, Oleksandr and Richardson, Matthew},
  journal={arXiv preprint arXiv:1911.04942},
  year={2019}
}

@article{wang2022self,
  title={Self-consistency improves chain of thought reasoning in language models},
  author={Wang, Xuezhi and Wei, Jason and Schuurmans, Dale and Le, Quoc and Chi, Ed and Narang, Sharan and Chowdhery, Aakanksha and Zhou, Denny},
  journal={arXiv preprint arXiv:2203.11171},
  year={2022}
}

@article{wei2022chain,
  title={Chain-of-thought prompting elicits reasoning in large language models},
  author={Wei, Jason and Wang, Xuezhi and Schuurmans, Dale and Bosma, Maarten and Xia, Fei and Chi, Ed and Le, Quoc V and Zhou, Denny and others},
  journal={Advances in neural information processing systems},
  volume={35},
  pages={24824--24837},
  year={2022}
}

@article{xu2017sqlnet,
  title={Sqlnet: Generating structured queries from natural language without reinforcement learning},
  author={Xu, Xiaojun and Liu, Chang and Song, Dawn},
  journal={arXiv preprint arXiv:1711.04436},
  year={2017}
}

@article{yaghmazadeh2017sqlizer,
  title={SQLizer: query synthesis from natural language},
  author={Yaghmazadeh, Navid and Wang, Yuepeng and Dillig, Isil and Dillig, Thomas},
  journal={Proceedings of the ACM on Programming Languages},
  volume={1},
  number={OOPSLA},
  pages={1--26},
  year={2017},
  publisher={ACM New York, NY, USA}
}

@article{yao2024tree,
  title={Tree of thoughts: Deliberate problem solving with large language models},
  author={Yao, Shunyu and Yu, Dian and Zhao, Jeffrey and Shafran, Izhak and Griffiths, Tom and Cao, Yuan and Narasimhan, Karthik},
  journal={Advances in Neural Information Processing Systems},
  volume={36},
  year={2024}
}

@article{yu2018typesql,
  title={Typesql: Knowledge-based type-aware neural text-to-sql generation},
  author={Yu, Tao and Li, Zifan and Zhang, Zilin and Zhang, Rui and Radev, Dragomir},
  journal={arXiv preprint arXiv:1804.09769},
  year={2018}
}

@article{yu2023metamath,
  title={Metamath: Bootstrap your own mathematical questions for large language models},
  author={Yu, Longhui and Jiang, Weisen and Shi, Han and Yu, Jincheng and Liu, Zhengying and Zhang, Yu and Kwok, James T and Li, Zhenguo and Weller, Adrian and Liu, Weiyang},
  journal={arXiv preprint arXiv:2309.12284},
  year={2023}
}

@article{yuan2023scaling,
  title={Scaling relationship on learning mathematical reasoning with large language models},
  author={Yuan, Zheng and Yuan, Hongyi and Li, Chengpeng and Dong, Guanting and Tan, Chuanqi and Zhou, Chang},
  journal={arXiv preprint arXiv:2308.01825},
  year={2023}
}

@article{zelikman2022star,
  title={Star: Bootstrapping reasoning with reasoning},
  author={Zelikman, Eric and Wu, Yuhuai and Mu, Jesse and Goodman, Noah},
  journal={Advances in Neural Information Processing Systems},
  volume={35},
  pages={15476--15488},
  year={2022}
}

@inproceedings{zelle1996learning,
  title={Learning to parse database queries using inductive logic programming},
  author={Zelle, John M and Mooney, Raymond J},
  booktitle={Proceedings of the national conference on artificial intelligence},
  pages={1050--1055},
  year={1996}
}

@article{zhu2022solving,
  title={Solving math word problems via cooperative reasoning induced language models},
  author={Zhu, Xinyu and Wang, Junjie and Zhang, Lin and Zhang, Yuxiang and Huang, Yongfeng and Gan, Ruyi and Zhang, Jiaxing and Yang, Yujiu},
  journal={arXiv preprint arXiv:2210.16257},
  year={2022}
}

