@article{ahn2024large,
  title={Large language models for mathematical reasoning: Progresses and challenges},
  author={Ahn, Janice and Verma, Rishu and Lou, Renze and Liu, Di and Zhang, Rui and Yin, Wenpeng},
  journal={arXiv preprint arXiv:2402.00157},
  year={2024}
}

@article{amini2019mathqa,
  title={Mathqa: Towards interpretable math word problem solving with operation-based formalisms},
  author={Amini, Aida and Gabriel, Saadia and Lin, Peter and Koncel-Kedziorski, Rik and Choi, Yejin and Hajishirzi, Hannaneh},
  journal={arXiv preprint arXiv:1905.13319},
  year={2019}
}

@article{brown2024large,
  title={Large language monkeys: Scaling inference compute with repeated sampling},
  author={Brown, Bradley and Juravsky, Jordan and Ehrlich, Ryan and Clark, Ronald and Le, Quoc V and R{\'e}, Christopher and Mirhoseini, Azalia},
  journal={arXiv preprint arXiv:2407.21787},
  year={2024}
}

@article{cobbe2021training,
  title={Training verifiers to solve math word problems},
  author={Cobbe, Karl and Kosaraju, Vineet and Bavarian, Mohammad and Chen, Mark and Jun, Heewoo and Kaiser, Lukasz and Plappert, Matthias and Tworek, Jerry and Hilton, Jacob and Nakano, Reiichiro and others},
  journal={arXiv preprint arXiv:2110.14168},
  year={2021}
}

@article{gu2024cruxeval,
  title={Cruxeval: A benchmark for code reasoning, understanding and execution},
  author={Gu, Alex and Rozi{\`e}re, Baptiste and Leather, Hugh and Solar-Lezama, Armando and Synnaeve, Gabriel and Wang, Sida I},
  journal={arXiv preprint arXiv:2401.03065},
  year={2024}
}

@article{guo2025deepseek,
  title={DeepSeek-R1: Incentivizing Reasoning Capability in LLMs via Reinforcement Learning},
  author={Guo, Daya and Yang, Dejian and Zhang, Haowei and Song, Junxiao and Zhang, Ruoyu and Xu, Runxin and Zhu, Qihao and Ma, Shirong and Wang, Peiyi and Bi, Xiao and others},
  journal={arXiv preprint arXiv:2501.12948},
  year={2025}
}

@article{hendrycksmath2021,
  title={Measuring Mathematical Problem Solving With the MATH Dataset},
  author={Dan Hendrycks and Collin Burns and Saurav Kadavath and Akul Arora and Steven Basart and Eric Tang and Dawn Song and Jacob Steinhardt},
  journal={NeurIPS},
  year={2021}
}

@article{hinton2015distilling,
  title={Distilling the Knowledge in a Neural Network},
  author={Hinton, Geoffrey},
  journal={arXiv preprint arXiv:1503.02531},
  year={2015}
}

@article{huang2024o1,
  title={O1 Replication Journey--Part 2: Surpassing O1-preview through Simple Distillation, Big Progress or Bitter Lesson?},
  author={Huang, Zhen and Zou, Haoyang and Li, Xuefeng and Liu, Yixiu and Zheng, Yuxiang and Chern, Ethan and Xia, Shijie and Qin, Yiwei and Yuan, Weizhe and Liu, Pengfei},
  journal={arXiv preprint arXiv:2411.16489},
  year={2024}
}

@article{jaech2024openai,
  title={Openai o1 system card},
  author={Jaech, Aaron and Kalai, Adam and Lerer, Adam and Richardson, Adam and El-Kishky, Ahmed and Low, Aiden and Helyar, Alec and Madry, Aleksander and Beutel, Alex and Carney, Alex and others},
  journal={arXiv preprint arXiv:2412.16720},
  year={2024}
}

@article{jain2024livecodebench,
  title={Livecodebench: Holistic and contamination free evaluation of large language models for code},
  author={Jain, Naman and Han, King and Gu, Alex and Li, Wen-Ding and Yan, Fanjia and Zhang, Tianjun and Wang, Sida and Solar-Lezama, Armando and Sen, Koushik and Stoica, Ion},
  journal={arXiv preprint arXiv:2403.07974},
  year={2024}
}

@article{lambert2024t,
  title={T$\backslash$" ULU 3: Pushing Frontiers in Open Language Model Post-Training},
  author={Lambert, Nathan and Morrison, Jacob and Pyatkin, Valentina and Huang, Shengyi and Ivison, Hamish and Brahman, Faeze and Miranda, Lester James V and Liu, Alisa and Dziri, Nouha and Lyu, Shane and others},
  journal={arXiv preprint arXiv:2411.15124},
  year={2024}
}

@article{li2023taco,
  title={TACO: Topics in Algorithmic COde generation dataset},
  author={Rongao Li and Jie Fu and Bo-Wen Zhang and Tao Huang and Zhihong Sun and Chen Lyu and Guang Liu and Zhi Jin and Ge Li},
  journal={arXiv preprint arXiv:2312.14852},
  year={2023}
}

@article{li2024numinamath,
  title={Numinamath: The largest public dataset in ai4maths with 860k pairs of competition math problems and solutions},
  author={Li, Jia and Beeching, Edward and Tunstall, Lewis and Lipkin, Ben and Soletskyi, Roman and Huang, Shengyi and Rasul, Kashif and Yu, Longhui and Jiang, Albert Q and Shen, Ziju and others},
  journal={Hugging Face repository},
  volume={13},
  pages={9},
  year={2024}
}

@article{lightman2023let,
  title={Let's verify step by step},
  author={Lightman, Hunter and Kosaraju, Vineet and Burda, Yura and Edwards, Harri and Baker, Bowen and Lee, Teddy and Leike, Jan and Schulman, John and Sutskever, Ilya and Cobbe, Karl},
  journal={arXiv preprint arXiv:2305.20050},
  year={2023}
}

@article{miao2021diverse,
  title={A diverse corpus for evaluating and developing English math word problem solvers},
  author={Miao, Shen-Yun and Liang, Chao-Chun and Su, Keh-Yih},
  journal={arXiv preprint arXiv:2106.15772},
  year={2021}
}

@article{min2024imitate,
  title={Imitate, explore, and self-improve: A reproduction report on slow-thinking reasoning systems},
  author={Min, Yingqian and Chen, Zhipeng and Jiang, Jinhao and Chen, Jie and Deng, Jia and Hu, Yiwen and Tang, Yiru and Wang, Jiapeng and Cheng, Xiaoxue and Song, Huatong and others},
  journal={arXiv preprint arXiv:2412.09413},
  year={2024}
}

@misc{numina_math_datasets,
  author = {Jia LI and Edward Beeching and Lewis Tunstall and Ben Lipkin and Roman Soletskyi and Shengyi Costa Huang and Kashif Rasul and Longhui Yu and Albert Jiang and Ziju Shen and Zihan Qin and Bin Dong and Li Zhou and Yann Fleureau and Guillaume Lample and Stanislas Polu},
  title = {NuminaMath},
  year = {2024},
  publisher = {Numina},
  journal = {Hugging Face repository},
  howpublished = {\url{[https://huggingface.co/AI-MO/NuminaMath-CoT](https://github.com/project-numina/aimo-progress-prize/blob/main/report/numina_dataset.pdf)}}
}

@article{snell2024scaling,
  title={Scaling llm test-time compute optimally can be more effective than scaling model parameters},
  author={Snell, Charlie and Lee, Jaehoon and Xu, Kelvin and Kumar, Aviral},
  journal={arXiv preprint arXiv:2408.03314},
  year={2024}
}

@misc{team2024qwq,
  title={Qwq: Reflect deeply on the boundaries of the unknown},
  author={Team, Qwen},
  year={2024},
  publisher={November}
}

@article{wang2022self,
  title={Self-consistency improves chain of thought reasoning in language models},
  author={Wang, Xuezhi and Wei, Jason and Schuurmans, Dale and Le, Quoc and Chi, Ed and Narang, Sharan and Chowdhery, Aakanksha and Zhou, Denny},
  journal={arXiv preprint arXiv:2203.11171},
  year={2022}
}

@article{wei2022cot,
  title={Chain-of-Thought Prompting Elicits Reasoning in Large Language Models},
  author={Wei, Jason and others},
  journal={arXiv preprint arXiv:2201.11903},
  year={2022}
}

@article{yuan2024free,
  title={Free process rewards without process labels},
  author={Yuan, Lifan and Li, Wendi and Chen, Huayu and Cui, Ganqu and Ding, Ning and Zhang, Kaiyan and Zhou, Bowen and Liu, Zhiyuan and Peng, Hao},
  journal={arXiv preprint arXiv:2412.01981},
  year={2024}
}

@article{zelikman2022star,
  title={Star: Bootstrapping reasoning with reasoning},
  author={Zelikman, Eric and Wu, Yuhuai and Mu, Jesse and Goodman, Noah},
  journal={Advances in Neural Information Processing Systems},
  volume={35},
  pages={15476--15488},
  year={2022}
}

@article{zheng2023judging,
  title={Judging llm-as-a-judge with mt-bench and chatbot arena},
  author={Zheng, Lianmin and Chiang, Wei-Lin and Sheng, Ying and Zhuang, Siyuan and Wu, Zhanghao and Zhuang, Yonghao and Lin, Zi and Li, Zhuohan and Li, Dacheng and Xing, Eric and others},
  journal={Advances in Neural Information Processing Systems},
  volume={36},
  pages={46595--46623},
  year={2023}
}

