@inproceedings{besta2023graph,
  title={The Graph Database Interface: Scaling Online Transactional and Analytical Graph Workloads to Hundreds of Thousands of Cores},
  author={Besta, Maciej and Gerstenberger, Robert and Fischer, Marc and Podstawski, Michal and Blach, Nils and Egeli, Berke and Mitenkov, Georgy and Chlapek, Wojciech and Michalewicz, Marek and Niewiadomski, Hubert and others},
  booktitle={Proceedings of the International Conference for High Performance Computing, Networking, Storage and Analysis},
  pages={1--18},
  year={2023}
}

@inproceedings{carter2019nanosecond,
  title={Nanosecond indexing of graph data with hash maps and VLists},
  author={Carter, Andrew and Rodriguez, Andrew and Yang, Yiming and Meyer, Scott},
  booktitle={Proceedings of the 2019 International Conference on Management of Data},
  pages={623--635},
  year={2019}
}

@article{de2021teseo,
  title={Teseo and the analysis of structural dynamic graphs},
  author={De Leo, Dean and Boncz, Peter},
  journal={Proceedings of the VLDB Endowment},
  volume={14},
  number={6},
  pages={1053--1066},
  year={2021},
  publisher={VLDB Endowment}
}

@inproceedings{dhulipala2019low,
  title={Low-latency graph streaming using compressed purely-functional trees},
  author={Dhulipala, Laxman and Blelloch, Guy E and Shun, Julian},
  booktitle={Proceedings of the 40th ACM SIGPLAN conference on programming language design and implementation},
  pages={918--934},
  year={2019}
}

@inproceedings{erling2015ldbc,
  title={The LDBC social network benchmark: Interactive workload},
  author={Erling, Orri and Averbuch, Alex and Larriba-Pey, Josep and Chafi, Hassan and Gubichev, Andrey and Prat, Arnau and Pham, Minh-Duc and Boncz, Peter},
  booktitle={Proceedings of the 2015 ACM SIGMOD International Conference on Management of Data},
  pages={619--630},
  year={2015}
}

@article{fan2018parallelizing,
  title={Parallelizing sequential graph computations},
  author={Fan, Wenfei and Yu, Wenyuan and Xu, Jingbo and Zhou, Jingren and Luo, Xiaojian and Yin, Qiang and Lu, Ping and Cao, Yang and Xu, Ruiqi},
  journal={ACM Transactions on Database Systems (TODS)},
  volume={43},
  number={4},
  pages={1--39},
  year={2018},
  publisher={ACM New York, NY, USA}
}

@inproceedings{feng2021risgraph,
  title={Risgraph: A real-time streaming system for evolving graphs to support sub-millisecond per-update analysis at millions ops/s},
  author={Feng, Guanyu and Ma, Zixuan and Li, Daixuan and Chen, Shengqi and Zhu, Xiaowei and Han, Wentao and Chen, Wenguang},
  booktitle={Proceedings of the 2021 International Conference on Management of Data},
  pages={513--527},
  year={2021}
}

@article{fuchs2022sortledton,
  title={Sortledton: a universal, transactional graph data structure},
  author={Fuchs, Per and Margan, Domagoj and Giceva, Jana},
  journal={Proceedings of the VLDB Endowment},
  volume={15},
  number={6},
  pages={1173--1186},
  year={2022},
  publisher={VLDB Endowment}
}

@book{grover2015hadoop,
  title={Hadoop application architectures: Designing real-world big data applications},
  author={Grover, Mark and Malaska, Ted and Seidman, Jonathan and Shapira, Gwen},
  year={2015},
  publisher={" O'Reilly Media, Inc."}
}

@article{iosup2016ldbc,
  title={LDBC Graphalytics: A benchmark for large-scale graph analysis on parallel and distributed platforms},
  author={Iosup, Alexandru and Hegeman, Tim and Ngai, Wing Lung and Heldens, Stijn and Prat-P{\'e}rez, Arnau and Manhardto, Thomas and Chafio, Hassan and Capot{\u{a}}, Mihai and Sundaram, Narayanan and Anderson, Michael and others},
  journal={Proceedings of the VLDB Endowment},
  volume={9},
  number={13},
  pages={1317--1328},
  year={2016},
  publisher={VLDB Endowment}
}

@inproceedings{kuzu:cidr,
  author =  {Xiyang Feng and
             Guodong Jin and
             Ziyi Chen and
             Chang Liu and
             Semih Saliho\u{g}lu},
  title={K\`uzu Graph Database Management System},
  booktitle={CIDR},
  year={2023}
}

@article{li2022bytegraph,
  title={ByteGraph: a high-performance distributed graph database in ByteDance},
  author={Li, Changji and Chen, Hongzhi and Zhang, Shuai and Hu, Yingqian and Chen, Chao and Zhang, Zhenjie and Li, Meng and Li, Xiangchen and Han, Dongqing and Chen, Xiaohui and others},
  journal={Proceedings of the VLDB Endowment},
  volume={15},
  number={12},
  pages={3306--3318},
  year={2022},
  publisher={VLDB Endowment}
}

@inproceedings{macko2015llama,
  title={Llama: Efficient graph analytics using large multiversioned arrays},
  author={Macko, Peter and Marathe, Virendra J and Margo, Daniel W and Seltzer, Margo I},
  booktitle={2015 IEEE 31st International Conference on Data Engineering},
  pages={363--374},
  year={2015},
  organization={IEEE}
}

@inproceedings{malewicz2010pregel,
  title={Pregel: a system for large-scale graph processing},
  author={Malewicz, Grzegorz and Austern, Matthew H and Bik, Aart JC and Dehnert, James C and Horn, Ilan and Leiser, Naty and Czajkowski, Grzegorz},
  booktitle={Proceedings of the 2010 ACM SIGMOD International Conference on Management of data},
  pages={135--146},
  year={2010}
}

@inproceedings{mhedhbi2021a+,
  title={A+ indexes: Tunable and space-efficient adjacency lists in graph database management systems},
  author={Mhedhbi, Amine and Gupta, Pranjal and Khaliq, Shahid and Salihoglu, Semih},
  booktitle={2021 IEEE 37th International Conference on Data Engineering (ICDE)},
  pages={1464--1475},
  year={2021},
  organization={IEEE}
}

@book{ramakrishnan2002database,
  title={Database management systems},
  author={Ramakrishnan, Raghu and Gehrke, Johannes},
  year={2002},
  publisher={McGraw-Hill, Inc.}
}

@inproceedings{shun2013ligra,
  title={Ligra: a lightweight graph processing framework for shared memory},
  author={Shun, Julian and Blelloch, Guy E},
  booktitle={Proceedings of the 18th ACM SIGPLAN symposium on Principles and practice of parallel programming},
  pages={135--146},
  year={2013}
}

@inproceedings{shun2015smaller,
  title={Smaller and faster: Parallel processing of compressed graphs with Ligra+},
  author={Shun, Julian and Dhulipala, Laxman and Blelloch, Guy E},
  booktitle={2015 Data Compression Conference},
  pages={403--412},
  year={2015},
  organization={IEEE}
}

@article{szarnyas2022ldbc,
  title={The LDBC social network benchmark: Business intelligence workload},
  author={Sz{\'a}rnyas, G{\'a}bor and Waudby, Jack and Steer, Benjamin A and Szak{\'a}llas, D{\'a}vid and Birler, Altan and Wu, Mingxi and Zhang, Yuchen and Boncz, Peter},
  journal={Proceedings of the VLDB Endowment},
  volume={16},
  number={4},
  pages={877--890},
  year={2022},
  publisher={VLDB Endowment}
}

@inproceedings{tench2022graphzeppelin,
  title={GraphZeppelin: Storage-friendly sketching for connected components on dynamic graph streams},
  author={Tench, David and West, Evan and Zhang, Victor and Bender, Michael A and Chowdhury, Abiyaz and Dellas, J Ahmed and Farach-Colton, Martin and Seip, Tyler and Zhang, Kenny},
  booktitle={Proceedings of the 2022 International Conference on Management of Data},
  pages={325--339},
  year={2022}
}

@inproceedings{vora2017kickstarter,
  title={Kickstarter: Fast and accurate computations on streaming graphs via trimmed approximations},
  author={Vora, Keval and Gupta, Rajiv and Xu, Guoqing},
  booktitle={Proceedings of the twenty-second international conference on architectural support for programming languages and operating systems},
  pages={237--251},
  year={2017}
}

@inproceedings{zhang2024bg3,
  title={BG3: A Cost Effective and I/O Efficient Graph Database in Bytedance},
  author={Zhang, Wei and Chen, Cheng and Wang, Qiange and Wang, Wei and Yang, Shijiao and Zhou, Bingyu and Zhu, Huiming and Chen, Chao and Zhao, Yongjun and Hu, Yingqian and others},
  booktitle={Companion of the 2024 International Conference on Management of Data},
  pages={360--372},
  year={2024}
}

@inproceedings{zhu2016gemini,
  title={Gemini: A $\{$Computation-Centric$\}$ distributed graph processing system},
  author={Zhu, Xiaowei and Chen, Wenguang and Zheng, Weimin and Ma, Xiaosong},
  booktitle={12th USENIX Symposium on Operating Systems Design and Implementation (OSDI 16)},
  pages={301--316},
  year={2016}
}

@article{zhu2019livegraph,
  title={Livegraph: A transactional graph storage system with purely sequential adjacency list scans},
  author={Zhu, Xiaowei and Feng, Guanyu and Serafini, Marco and Ma, Xiaosong and Yu, Jiping and Xie, Lei and Aboulnaga, Ashraf and Chen, Wenguang},
  journal={arXiv preprint arXiv:1910.05773},
  year={2019}
}

