@misc{lmdb,
  author       = {Symas Corporation},
  title        = {Lightning Memory-Mapped Database (LMDB)},
  howpublished = {\url{https://symas.com/lmdb/}},
  note         = {Accessed: 2024-06-29}
}

@inproceedings{zhu2016gemini,
  title={Gemini: A $\{$Computation-Centric$\}$ distributed graph processing system},
  author={Zhu, Xiaowei and Chen, Wenguang and Zheng, Weimin and Ma, Xiaosong},
  booktitle={12th USENIX Symposium on Operating Systems Design and Implementation (OSDI 16)},
  pages={301--316},
  year={2016}
}

@article{fan2018parallelizing,
  title={Parallelizing sequential graph computations},
  author={Fan, Wenfei and Yu, Wenyuan and Xu, Jingbo and Zhou, Jingren and Luo, Xiaojian and Yin, Qiang and Lu, Ping and Cao, Yang and Xu, Ruiqi},
  journal={ACM Transactions on Database Systems (TODS)},
  volume={43},
  number={4},
  pages={1--39},
  year={2018},
  publisher={ACM New York, NY, USA}
}

@inproceedings{mhedhbi2021a+,
  title={A+ indexes: Tunable and space-efficient adjacency lists in graph database management systems},
  author={Mhedhbi, Amine and Gupta, Pranjal and Khaliq, Shahid and Salihoglu, Semih},
  booktitle={2021 IEEE 37th International Conference on Data Engineering (ICDE)},
  pages={1464--1475},
  year={2021},
  organization={IEEE}
}

@inproceedings{carter2019nanosecond,
  title={Nanosecond indexing of graph data with hash maps and VLists},
  author={Carter, Andrew and Rodriguez, Andrew and Yang, Yiming and Meyer, Scott},
  booktitle={Proceedings of the 2019 International Conference on Management of Data},
  pages={623--635},
  year={2019}
}

@inproceedings{zhang2024bg3,
  title={BG3: A Cost Effective and I/O Efficient Graph Database in Bytedance},
  author={Zhang, Wei and Chen, Cheng and Wang, Qiange and Wang, Wei and Yang, Shijiao and Zhou, Bingyu and Zhu, Huiming and Chen, Chao and Zhao, Yongjun and Hu, Yingqian and others},
  booktitle={Companion of the 2024 International Conference on Management of Data},
  pages={360--372},
  year={2024}
}

@article{sakr2021future,
  title={The future is big graphs: a community view on graph processing systems},
  author={Sakr, Sherif and Bonifati, Angela and Voigt, Hannes and Iosup, Alexandru and Ammar, Khaled and Angles, Renzo and Aref, Walid and Arenas, Marcelo and Besta, Maciej and Boncz, Peter A and others},
  journal={Communications of the ACM},
  volume={64},
  number={9},
  pages={62--71},
  year={2021},
  publisher={ACM New York, NY, USA}
}

@article{beamer2015gap,
  title={The GAP benchmark suite},
  author={Beamer, Scott and Asanovi{\'c}, Krste and Patterson, David},
  journal={arXiv preprint arXiv:1508.03619},
  year={2015}
}

@book{jones2023garbage,
  title={The garbage collection handbook: the art of automatic memory management},
  author={Jones, Richard and Hosking, Antony and Moss, Eliot},
  year={2023},
  publisher={CRC Press}
}

@phdthesis{guiroux2018understanding,
  title={Understanding the performance of mutual exclusion algorithms on modern multicore machines.},
  author={Guiroux, Hugo},
  year={2018},
  school={Universit{\'e} Grenoble Alpes}
}

@inproceedings{mitzenmacher2001compressed,
  title={Compressed bloom filters},
  author={Mitzenmacher, Michael},
  booktitle={Proceedings of the twentieth annual ACM symposium on Principles of distributed computing},
  pages={144--150},
  year={2001}
}

@article{fekete2005making,
  title={Making snapshot isolation serializable},
  author={Fekete, Alan and Liarokapis, Dimitrios and O'Neil, Elizabeth and O'Neil, Patrick and Shasha, Dennis},
  journal={ACM Transactions on Database Systems (TODS)},
  volume={30},
  number={2},
  pages={492--528},
  year={2005},
  publisher={ACM New York, NY, USA}
}

@book{ramakrishnan2002database,
  title={Database management systems},
  author={Ramakrishnan, Raghu and Gehrke, Johannes},
  year={2002},
  publisher={McGraw-Hill, Inc.}
}

@inproceedings{pacaci2020regular,
  title={Regular path query evaluation on streaming graphs},
  author={Pacaci, Anil and Bonifati, Angela and {\"O}zsu, M Tamer},
  booktitle={Proceedings of the 2020 ACM SIGMOD International Conference on Management of Data},
  pages={1415--1430},
  year={2020}
}

@inproceedings{pacaci2022evaluating,
  title={Evaluating complex queries on streaming graphs},
  author={Pacaci, Anil and Bonifati, Angela and {\"O}zsu, M Tamer},
  booktitle={2022 IEEE 38th International Conference on Data Engineering (ICDE)},
  pages={272--285},
  year={2022},
  organization={IEEE}
}

@article{pugh1990skip,
  title={Skip lists: a probabilistic alternative to balanced trees},
  author={Pugh, William},
  journal={Communications of the ACM},
  volume={33},
  number={6},
  pages={668--676},
  year={1990},
  publisher={ACM New York, NY, USA}
}

@inproceedings{sun2018pam,
  title={PAM: parallel augmented maps},
  author={Sun, Yihan and Ferizovic, Daniel and Belloch, Guy E},
  booktitle={Proceedings of the 23rd ACM SIGPLAN Symposium on Principles and Practice of Parallel Programming},
  pages={290--304},
  year={2018}
}

@article{larson2011high,
  title={High-Performance Concurrency Control Mechanisms for Main-Memory Databases},
  author={Larson, Per-{\AA}ke and Blanas, Spyros and Diaconu, Cristian and Freedman, Craig and Patel, Jignesh M and Zwilling, Mike},
  journal={Proceedings of the VLDB Endowment},
  volume={5},
  number={4},
  year={2011}
}

@article{bernstein1981concurrency,
  title={Concurrency control in distributed database systems},
  author={Bernstein, Philip A and Goodman, Nathan},
  journal={ACM Computing Surveys (CSUR)},
  volume={13},
  number={2},
  pages={185--221},
  year={1981},
  publisher={ACM New York, NY, USA}
}

@article{yu2014staring,
  title={Staring into the abyss: An evaluation of concurrency control with one thousand cores},
  author={Yu, Xiangyao and Bezerra, George and Pavlo, Andrew and Devadas, Srinivas and Stonebraker, Michael},
  year={2014},
  publisher={Association for Computing Machinery (ACM)}
}

@inproceedings{han2018speeding,
  title={Speeding up set intersections in graph algorithms using simd instructions},
  author={Han, Shuo and Zou, Lei and Yu, Jeffrey Xu},
  booktitle={Proceedings of the 2018 International Conference on Management of Data},
  pages={1587--1602},
  year={2018}
}

@article{yang2024hero,
  title={HERO: A Hierarchical Set Partitioning and Join Framework for Speeding up the Set Intersection Over Graphs},
  author={Yang, Boyu and Zheng, Weiguo and Lian, Xiang and Cai, Yuzheng and Wang, X Sean},
  journal={Proceedings of the ACM on Management of Data},
  volume={2},
  number={1},
  pages={1--25},
  year={2024},
  publisher={ACM New York, NY, USA}
}

@inproceedings{wang2017experimental,
  title={An experimental study of bitmap compression vs. inverted list compression},
  author={Wang, Jianguo and Lin, Chunbin and Papakonstantinou, Yannis and Swanson, Steven},
  booktitle={Proceedings of the 2017 ACM International Conference on Management of Data},
  pages={993--1008},
  year={2017}
}

@inproceedings{leis2013adaptive,
  title={The adaptive radix tree: ARTful indexing for main-memory databases},
  author={Leis, Viktor and Kemper, Alfons and Neumann, Thomas},
  booktitle={2013 IEEE 29th International Conference on Data Engineering (ICDE)},
  pages={38--49},
  year={2013},
  organization={IEEE}
}

@inproceedings{de2019packed,
  title={Packed memory arrays-rewired},
  author={De Leo, Dean and Boncz, Peter},
  booktitle={2019 IEEE 35th International Conference on Data Engineering (ICDE)},
  pages={830--841},
  year={2019},
  organization={IEEE}
}

@article{bender2007adaptive,
  title={An adaptive packed-memory array},
  author={Bender, Michael A and Hu, Haodong},
  journal={ACM Transactions on Database Systems (TODS)},
  volume={32},
  number={4},
  pages={26--es},
  year={2007},
  publisher={ACM New York, NY, USA}
}

@article{raman2013db2,
  title={DB2 with BLU acceleration: So much more than just a column store},
  author={Raman, Vijayshankar and Attaluri, Gopi and Barber, Ronald and Chainani, Naresh and Kalmuk, David and KulandaiSamy, Vincent and Leenstra, Jens and Lightstone, Sam and Liu, Shaorong and Lohman, Guy M and others},
  journal={Proceedings of the VLDB Endowment},
  volume={6},
  number={11},
  pages={1080--1091},
  year={2013},
  publisher={VLDB Endowment}
}

@inproceedings{gonzalez2012powergraph,
  title={PowerGraph: Distributed Graph-Parallel Computation on Natural Graphs},
  author={Gonzalez, Joseph E and Low, Yucheng and Gu, Haijie and Bickson, Danny and Guestrin, Carlos},
  booktitle={10th USENIX symposium on operating systems design and implementation (OSDI 12)},
  pages={17--30},
  year={2012}
}

@article{aberger2017emptyheaded,
  title={Emptyheaded: A relational engine for graph processing},
  author={Aberger, Christopher R and Lamb, Andrew and Tu, Susan and N{\"o}tzli, Andres and Olukotun, Kunle and R{\'e}, Christopher},
  journal={ACM Transactions on Database Systems (TODS)},
  volume={42},
  number={4},
  pages={1--44},
  year={2017},
  publisher={ACM New York, NY, USA}
}

@inproceedings{kemper2011hyper,
  title={HyPer: A hybrid OLTP\&OLAP main memory database system based on virtual memory snapshots},
  author={Kemper, Alfons and Neumann, Thomas},
  booktitle={2011 IEEE 27th International Conference on Data Engineering},
  pages={195--206},
  year={2011},
  organization={IEEE}
}

@inproceedings{neumann2015fast,
  title={Fast serializable multi-version concurrency control for main-memory database systems},
  author={Neumann, Thomas and M{\"u}hlbauer, Tobias and Kemper, Alfons},
  booktitle={Proceedings of the 2015 ACM SIGMOD International Conference on Management of Data},
  pages={677--689},
  year={2015}
}

@book{silberschatz1991operating,
  title={Operating system concepts},
  author={Silberschatz, Abraham and Peterson, James L and Galvin, Peter B},
  year={1991},
  publisher={Addison-Wesley Longman Publishing Co., Inc.}
}


@book{bernstein1987concurrency,
  title={Concurrency control and recovery in database systems},
  author={Bernstein, Philip A and Hadzilacos, Vassos and Goodman, Nathan and others},
  volume={370},
  year={1987},
  publisher={Addison-wesley Reading}
}

@inproceedings{angles2018g,
  title={G-CORE: A core for future graph query languages},
  author={Angles, Renzo and Arenas, Marcelo and Barcel{\'o}, Pablo and Boncz, Peter and Fletcher, George and Gutierrez, Claudio and Lindaaker, Tobias and Paradies, Marcus and Plantikow, Stefan and Sequeda, Juan and others},
  booktitle={Proceedings of the 2018 International Conference on Management of Data},
  pages={1421--1432},
  year={2018}
}

@inproceedings{fan2017incremental,
  title={Incremental graph computations: Doable and undoable},
  author={Fan, Wenfei and Hu, Chunming and Tian, Chao},
  booktitle={Proceedings of the 2017 ACM International Conference on Management of Data},
  pages={155--169},
  year={2017}
}

@article{fan2013incremental,
  title={Incremental graph pattern matching},
  author={Fan, Wenfei and Wang, Xin and Wu, Yinghui},
  journal={ACM Transactions on Database Systems (TODS)},
  volume={38},
  number={3},
  pages={1--47},
  year={2013},
  publisher={ACM New York, NY, USA}
}

@article{sun2022rapidflow,
  title={Rapidflow: An efficient approach to continuous subgraph matching},
  author={Sun, Shixuan and Sun, Xibo and He, Bingsheng and Luo, Qiong},
  journal={Proceedings of the VLDB Endowment},
  volume={15},
  number={11},
  pages={2415--2427},
  year={2022},
  publisher={VLDB Endowment}
}

@article{sahu2017ubiquity,
  title={The ubiquity of large graphs and surprising challenges of graph processing},
  author={Sahu, Siddhartha and Mhedhbi, Amine and Salihoglu, Semih and Lin, Jimmy and {\"O}zsu, M Tamer},
  journal={Proceedings of the VLDB Endowment},
  volume={11},
  number={4},
  pages={420--431},
  year={2017},
  publisher={VLDB Endowment}
}

@inproceedings{mhedhbi2021lsqb,
  title={LSQB: a large-scale subgraph query benchmark},
  author={Mhedhbi, Amine and Lissandrini, Matteo and Kuiper, Laurens and Waudby, Jack and Sz{\'a}rnyas, G{\'a}bor},
  booktitle={Proceedings of the 4th ACM SIGMOD Joint International Workshop on Graph Data Management Experiences \& Systems (GRADES) and Network Data Analytics (NDA)},
  pages={1--11},
  year={2021}
}
@article{sun2020rapidmatch,
  title={Rapidmatch: A holistic approach to subgraph query processing},
  author={Sun, Shixuan and Sun, Xibo and Che, Yulin and Luo, Qiong and He, Bingsheng},
  journal={Proceedings of the VLDB Endowment},
  volume={14},
  number={2},
  pages={176--188},
  year={2020},
  publisher={VLDB Endowment}
}

@article{angles2014linked,
  title={The linked data benchmark council: a graph and RDF industry benchmarking effort},
  author={Angles, Renzo and Boncz, Peter and Larriba-Pey, Josep and Fundulaki, Irini and Neumann, Thomas and Erling, Orri and Neubauer, Peter and Martinez-Bazan, Norbert and Kotsev, Venelin and Toma, Ioan},
  journal={ACM SIGMOD Record},
  volume={43},
  number={1},
  pages={27--31},
  year={2014},
  publisher={ACM New York, NY, USA}
}

@inproceedings{besta2023graph,
  title={The Graph Database Interface: Scaling Online Transactional and Analytical Graph Workloads to Hundreds of Thousands of Cores},
  author={Besta, Maciej and Gerstenberger, Robert and Fischer, Marc and Podstawski, Michal and Blach, Nils and Egeli, Berke and Mitenkov, Georgy and Chlapek, Wojciech and Michalewicz, Marek and Niewiadomski, Hubert and others},
  booktitle={Proceedings of the International Conference for High Performance Computing, Networking, Storage and Analysis},
  pages={1--18},
  year={2023}
}

@article{li2022bytegraph,
  title={ByteGraph: a high-performance distributed graph database in ByteDance},
  author={Li, Changji and Chen, Hongzhi and Zhang, Shuai and Hu, Yingqian and Chen, Chao and Zhang, Zhenjie and Li, Meng and Li, Xiangchen and Han, Dongqing and Chen, Xiaohui and others},
  journal={Proceedings of the VLDB Endowment},
  volume={15},
  number={12},
  pages={3306--3318},
  year={2022},
  publisher={VLDB Endowment}
}

@article{besta2023demystifying,
  title={Demystifying graph databases: Analysis and taxonomy of data organization, system designs, and graph queries},
  author={Besta, Maciej and Gerstenberger, Robert and Peter, Emanuel and Fischer, Marc and Podstawski, Micha{\l} and Barthels, Claude and Alonso, Gustavo and Hoefler, Torsten},
  journal={ACM Computing Surveys},
  volume={56},
  number={2},
  pages={1--40},
  year={2023},
  publisher={ACM New York, NY}
}

@inproceedings{erling2015ldbc,
  title={The LDBC social network benchmark: Interactive workload},
  author={Erling, Orri and Averbuch, Alex and Larriba-Pey, Josep and Chafi, Hassan and Gubichev, Andrey and Prat, Arnau and Pham, Minh-Duc and Boncz, Peter},
  booktitle={Proceedings of the 2015 ACM SIGMOD International Conference on Management of Data},
  pages={619--630},
  year={2015}
}

@article{iosup2016ldbc,
  title={LDBC Graphalytics: A benchmark for large-scale graph analysis on parallel and distributed platforms},
  author={Iosup, Alexandru and Hegeman, Tim and Ngai, Wing Lung and Heldens, Stijn and Prat-P{\'e}rez, Arnau and Manhardto, Thomas and Chafio, Hassan and Capot{\u{a}}, Mihai and Sundaram, Narayanan and Anderson, Michael and others},
  journal={Proceedings of the VLDB Endowment},
  volume={9},
  number={13},
  pages={1317--1328},
  year={2016},
  publisher={VLDB Endowment}
}

@article{szarnyas2022ldbc,
  title={The LDBC social network benchmark: Business intelligence workload},
  author={Sz{\'a}rnyas, G{\'a}bor and Waudby, Jack and Steer, Benjamin A and Szak{\'a}llas, D{\'a}vid and Birler, Altan and Wu, Mingxi and Zhang, Yuchen and Boncz, Peter},
  journal={Proceedings of the VLDB Endowment},
  volume={16},
  number={4},
  pages={877--890},
  year={2022},
  publisher={VLDB Endowment}
}

@inproceedings{macko2015llama,
  title={Llama: Efficient graph analytics using large multiversioned arrays},
  author={Macko, Peter and Marathe, Virendra J and Margo, Daniel W and Seltzer, Margo I},
  booktitle={2015 IEEE 31st International Conference on Data Engineering},
  pages={363--374},
  year={2015},
  organization={IEEE}
}

@article{zhu2019livegraph,
  title={Livegraph: A transactional graph storage system with purely sequential adjacency list scans},
  author={Zhu, Xiaowei and Feng, Guanyu and Serafini, Marco and Ma, Xiaosong and Yu, Jiping and Xie, Lei and Aboulnaga, Ashraf and Chen, Wenguang},
  journal={arXiv preprint arXiv:1910.05773},
  year={2019}
}

@article{de2021teseo,
  title={Teseo and the analysis of structural dynamic graphs},
  author={De Leo, Dean and Boncz, Peter},
  journal={Proceedings of the VLDB Endowment},
  volume={14},
  number={6},
  pages={1053--1066},
  year={2021},
  publisher={VLDB Endowment}
}

@article{fuchs2022sortledton,
  title={Sortledton: a universal, transactional graph data structure},
  author={Fuchs, Per and Margan, Domagoj and Giceva, Jana},
  journal={Proceedings of the VLDB Endowment},
  volume={15},
  number={6},
  pages={1173--1186},
  year={2022},
  publisher={VLDB Endowment}
}

@inproceedings{dhulipala2019low,
  title={Low-latency graph streaming using compressed purely-functional trees},
  author={Dhulipala, Laxman and Blelloch, Guy E and Shun, Julian},
  booktitle={Proceedings of the 40th ACM SIGPLAN conference on programming language design and implementation},
  pages={918--934},
  year={2019}
}

@inproceedings{bender2000cache,
  title={Cache-oblivious B-trees},
  author={Bender, Michael A and Demaine, Erik D and Farach-Colton, Martin},
  booktitle={Proceedings 41st Annual Symposium on Foundations of Computer Science},
  pages={399--409},
  year={2000},
  organization={IEEE}
}

@inproceedings{beamer2012direction,
  title={Direction-optimizing breadth-first search},
  author={Beamer, Scott and Asanovic, Krste and Patterson, David},
  booktitle={SC'12: Proceedings of the International Conference on High Performance Computing, Networking, Storage and Analysis},
  pages={1--10},
  year={2012},
  organization={IEEE}
}

@inproceedings{ying2020pensieve,
  title={Pensieve: Skewness-aware version switching for efficient graph processing},
  author={Ying, Tangwei and Chen, Hanhua and Jin, Hai},
  booktitle={Proceedings of the 2020 ACM SIGMOD International Conference on Management of Data},
  pages={699--713},
  year={2020}
}

@book{weikum2001transactional,
  title={Transactional information systems: theory, algorithms, and the practice of concurrency control and recovery},
  author={Weikum, Gerhard and Vossen, Gottfried},
  year={2001},
  publisher={Elsevier}
}

@inproceedings{jordan1981precision,
  title={Precision locks},
  author={Jordan, JR and Banerjee, J and Batman, RB},
  booktitle={Proceedings of the 1981 ACM SIGMOD international conference on Management of data},
  pages={143--147},
  year={1981}
}

@inproceedings{brown2015reclaiming,
  title={Reclaiming memory for lock-free data structures: There has to be a better way},
  author={Brown, Trevor Alexander},
  booktitle={Proceedings of the 2015 ACM Symposium on Principles of Distributed Computing},
  pages={261--270},
  year={2015}
}

@techreport{fraser2004practical,
  title={Practical lock-freedom},
  author={Fraser, Keir},
  year={2004},
  institution={University of Cambridge, Computer Laboratory}
}

@article{fernandes2011lock,
  title={Lock-free and scalable multi-version software transactional memory},
  author={Fernandes, S{\'e}rgio Miguel and Cachopo, Joao},
  journal={ACM SIGPLAN Notices},
  volume={46},
  number={8},
  pages={179--188},
  year={2011},
  publisher={ACM New York, NY, USA}
}

@inproceedings{wei2021constant,
  title={Constant-time snapshots with applications to concurrent data structures},
  author={Wei, Yuanhao and Ben-David, Naama and Blelloch, Guy E and Fatourou, Panagiota and Ruppert, Eric and Sun, Yihan},
  booktitle={Proceedings of the 26th ACM SIGPLAN Symposium on Principles and Practice of Parallel Programming},
  pages={31--46},
  year={2021}
}

@article{wu2017empirical,
  title={An empirical evaluation of in-memory multi-version concurrency control},
  author={Wu, Yingjun and Arulraj, Joy and Lin, Jiexi and Xian, Ran and Pavlo, Andrew},
  journal={Proceedings of the VLDB Endowment},
  volume={10},
  number={7},
  pages={781--792},
  year={2017},
  publisher={VLDB Endowment}
}

@article{bottcher2019scalable,
  title={Scalable garbage collection for in-memory MVCC systems},
  author={B{\"o}ttcher, Jan and Leis, Viktor and Neumann, Thomas and Kemper, Alfons},
  journal={Proceedings of the VLDB Endowment},
  volume={13},
  number={2},
  pages={128--141},
  year={2019},
  publisher={VLDB Endowment}
}

@inproceedings{lee2016hybrid,
  title={Hybrid garbage collection for multi-version concurrency control in sap hana},
  author={Lee, Juchang and Shin, Hyungyu and Park, Chang Gyoo and Ko, Seongyun and Noh, Jaeyun and Chuh, Yongjae and Stephan, Wolfgang and Han, Wook-Shin},
  booktitle={Proceedings of the 2016 International Conference on Management of Data},
  pages={1307--1318},
  year={2016}
}

@inproceedings{lu2013generic,
  title={Generic multiversion STM},
  author={Lu, Li and Scott, Michael L},
  booktitle={International Symposium on Distributed Computing},
  pages={134--148},
  year={2013},
  organization={Springer}
}

@article{ben2021space,
  title={Space and time bounded multiversion garbage collection},
  author={Ben-David, Naama and Blelloch, Guy E and Fatourou, Panagiota and Ruppert, Eric and Sun, Yihan and Wei, Yuanhao},
  journal={arXiv preprint arXiv:2108.02775},
  year={2021}
}

@inproceedings{wei2023practically,
  title={Practically and Theoretically Efficient Garbage Collection for Multiversioning},
  author={Wei, Yuanhao and Blelloch, Guy E and Fatourou, Panagiota and Ruppert, Eric},
  booktitle={Proceedings of the 28th ACM SIGPLAN Annual Symposium on Principles and Practice of Parallel Programming},
  pages={66--78},
  year={2023}
}

@inproceedings{fatourou2019persistent,
  title={Persistent non-blocking binary search trees supporting wait-free range queries},
  author={Fatourou, Panagiota and Papavasileiou, Elias and Ruppert, Eric},
  booktitle={The 31st ACM Symposium on Parallelism in Algorithms and Architectures},
  pages={275--286},
  year={2019}
}

@inproceedings{basin2017kiwi,
  title={Kiwi: A key-value map for scalable real-time analytics},
  author={Basin, Dmitry and Bortnikov, Edward and Braginsky, Anastasia and Golan-Gueta, Guy and Hillel, Eshcar and Keidar, Idit and Sulamy, Moshe},
  booktitle={Proceedings of the 22Nd ACM SIGPLAN Symposium on Principles and Practice of Parallel Programming},
  pages={357--369},
  year={2017}
}

@inproceedings{nelson2022bundling,
  title={Bundling linked data structures for linearizable range queries},
  author={Nelson-Slivon, Jacob and Hassan, Ahmed and Palmieri, Roberto},
  booktitle={Proceedings of the 27th ACM SIGPLAN Symposium on Principles and Practice of Parallel Programming},
  pages={368--384},
  year={2022}
}

@inproceedings{kankanamge2017graphflow,
  title={Graphflow: An active graph database},
  author={Kankanamge, Chathura and Sahu, Siddhartha and Mhedbhi, Amine and Chen, Jeremy and Salihoglu, Semih},
  booktitle={Proceedings of the 2017 ACM International Conference on Management of Data},
  pages={1695--1698},
  year={2017}
}

@inproceedings{kuzu:cidr,
  author =  {Xiyang Feng and
             Guodong Jin and
             Ziyi Chen and
             Chang Liu and
             Semih Saliho\u{g}lu},
  title={K\`uzu Graph Database Management System},
  booktitle={CIDR},
  year={2023}
}

@article{hinze2006finger,
  title={Finger trees: a simple general-purpose data structure},
  author={Hinze, Ralf and Paterson, Ross},
  journal={Journal of functional programming},
  volume={16},
  number={2},
  pages={197--217},
  year={2006},
  publisher={Cambridge University Press}
}

@inproceedings{islam2022vcsr,
  title={VCSR: Mutable CSR Graph Format Using Vertex-Centric Packed Memory Array},
  author={Islam, Abdullah Al Raqibul and Dai, Dong and Cheng, Dazhao},
  booktitle={2022 22nd IEEE International Symposium on Cluster, Cloud and Internet Computing (CCGrid)},
  pages={71--80},
  year={2022},
  organization={IEEE}
}

@inproceedings{wheatman2021parallel,
  title={A parallel packed memory array to store dynamic graphs},
  author={Wheatman, Brian and Xu, Helen},
  booktitle={2021 Proceedings of the Workshop on Algorithm Engineering and Experiments (ALENEX)},
  pages={31--45},
  year={2021},
  organization={SIAM}
}

@inproceedings{de2019fast,
  title={Fast concurrent reads and updates with pmas},
  author={De Leo, Dean and Boncz, Peter},
  booktitle={Proceedings of the 2nd Joint International Workshop on Graph Data Management Experiences \& Systems (GRADES) and Network Data Analytics (NDA)},
  pages={1--8},
  year={2019}
}

@inproceedings{shun2013ligra,
  title={Ligra: a lightweight graph processing framework for shared memory},
  author={Shun, Julian and Blelloch, Guy E},
  booktitle={Proceedings of the 18th ACM SIGPLAN symposium on Principles and practice of parallel programming},
  pages={135--146},
  year={2013}
}

@inproceedings{shun2015smaller,
  title={Smaller and faster: Parallel processing of compressed graphs with Ligra+},
  author={Shun, Julian and Dhulipala, Laxman and Blelloch, Guy E},
  booktitle={2015 Data Compression Conference},
  pages={403--412},
  year={2015},
  organization={IEEE}
}

@inproceedings{vora2017kickstarter,
  title={Kickstarter: Fast and accurate computations on streaming graphs via trimmed approximations},
  author={Vora, Keval and Gupta, Rajiv and Xu, Guoqing},
  booktitle={Proceedings of the twenty-second international conference on architectural support for programming languages and operating systems},
  pages={237--251},
  year={2017}
}

@inproceedings{feng2021risgraph,
  title={Risgraph: A real-time streaming system for evolving graphs to support sub-millisecond per-update analysis at millions ops/s},
  author={Feng, Guanyu and Ma, Zixuan and Li, Daixuan and Chen, Shengqi and Zhu, Xiaowei and Han, Wentao and Chen, Wenguang},
  booktitle={Proceedings of the 2021 International Conference on Management of Data},
  pages={513--527},
  year={2021}
}

@inproceedings{ediger2012stinger,
  title={Stinger: High performance data structure for streaming graphs},
  author={Ediger, David and McColl, Rob and Riedy, Jason and Bader, David A},
  booktitle={2012 IEEE Conference on High Performance Extreme Computing},
  pages={1--5},
  year={2012},
  organization={IEEE}
}

@inproceedings{malewicz2010pregel,
  title={Pregel: a system for large-scale graph processing},
  author={Malewicz, Grzegorz and Austern, Matthew H and Bik, Aart JC and Dehnert, James C and Horn, Ilan and Leiser, Naty and Czajkowski, Grzegorz},
  booktitle={Proceedings of the 2010 ACM SIGMOD International Conference on Management of data},
  pages={135--146},
  year={2010}
}

@article{valiant1990bridging,
  title={A bridging model for parallel computation},
  author={Valiant, Leslie G},
  journal={Communications of the ACM},
  volume={33},
  number={8},
  pages={103--111},
  year={1990},
  publisher={ACM New York, NY, USA}
}

@book{grover2015hadoop,
  title={Hadoop application architectures: Designing real-world big data applications},
  author={Grover, Mark and Malaska, Ted and Seidman, Jonathan and Shapira, Gwen},
  year={2015},
  publisher={" O'Reilly Media, Inc."}
}

@article{ewen2012spinning,
  title={Spinning fast iterative data flows},
  author={Ewen, Stephan and Tzoumas, Kostas and Kaufmann, Moritz and Markl, Volker},
  journal={arXiv preprint arXiv:1208.0088},
  year={2012}
}

@article{kumar2020graphone,
  title={Graphone: A data store for real-time analytics on evolving graphs},
  author={Kumar, Pradeep and Huang, H Howie},
  journal={ACM Transactions on Storage (TOS)},
  volume={15},
  number={4},
  pages={1--40},
  year={2020},
  publisher={ACM New York, NY, USA}
}

@inproceedings{shen2023bridging,
  title={Bridging the Gap between Relational $\{$OLTP$\}$ and Graph-based $\{$OLAP$\}$},
  author={Shen, Sijie and Yao, Zihang and Shi, Lin and Wang, Lei and Lai, Longbin and Tao, Qian and Su, Li and Chen, Rong and Yu, Wenyuan and Chen, Haibo and others},
  booktitle={2023 USENIX Annual Technical Conference (USENIX ATC 23)},
  pages={181--196},
  year={2023}
}

@inproceedings{tench2022graphzeppelin,
  title={GraphZeppelin: Storage-friendly sketching for connected components on dynamic graph streams},
  author={Tench, David and West, Evan and Zhang, Victor and Bender, Michael A and Chowdhury, Abiyaz and Dellas, J Ahmed and Farach-Colton, Martin and Seip, Tyler and Zhang, Kenny},
  booktitle={Proceedings of the 2022 International Conference on Management of Data},
  pages={325--339},
  year={2022}
}

@inproceedings{pandey2021terrace,
  title={Terrace: A hierarchical graph container for skewed dynamic graphs},
  author={Pandey, Prashant and Wheatman, Brian and Xu, Helen and Buluc, Aydin},
  booktitle={Proceedings of the 2021 International Conference on Management of Data},
  pages={1372--1385},
  year={2021}
}

@inproceedings{wheatman2021streaming,
  title={Streaming sparse graphs using efficient dynamic sets},
  author={Wheatman, Brian and Burns, Randal},
  booktitle={2021 IEEE International Conference on Big Data (Big Data)},
  pages={284--294},
  year={2021},
  organization={IEEE}
}

@misc{llamacodebase,
        title={LLAMA},
        author={Peter Macko},
        month={September},
        year={2017},
        howpublished={\url{https://github.com/goatdb/llama}},
        note={Accessed on July 18, 2024.},
}

@misc{aspencodebase,
        title={Aspen},
        author={Laxman Dhulipala},
        month={June},
        year={2019},
        howpublished={\url{https://github.com/ldhulipala/aspen}},
        note={Accessed on July 18, 2024.},
}

@misc{livegraphcodebase,
        title={LiveGraph},
        author={Guanyu Feng},
        month={June},
        year={2020},
        howpublished={\url{https://github.com/thu-pacman/LiveGraph}},
        note={Accessed on July 18, 2024.},
}

@misc{teseocodebase,
        author={Dean De Leo},
        title={Teseo},
        month={June},
        year={2022},
        howpublished={\url{https://github.com/cwida/teseo}},
        note={Accessed on July 18, 2024.},
}


@misc{sortledtoncosebase,
        author={Per Fuchs},
        title={Sortledton},
        month={June},
        year={2022},
        howpublished={\url{https://gitlab.db.in.tum.de/per.fuchs/sortledton}},
        note={Accessed on July 18, 2024.},
}

@InProceedings{ldbcic,
 title                = {The LDBC Social Network Benchmark: Interactive Workload},
 author               = {Erling, Orri and Averbuch, A. and Larriba-Pey, Josep and Chafi, Hassan and Gubichev, Andrey and Prat, A. and Pham, Minh-Duc and Boncz, Peter},
 booktitle            = {Proceedings of ACM SIGMOD International Conference on Management of Data 2015 (SIGMOD'15)},
 year                 = 2015,
 month                = jan
}


@misc{livegraphlab,
 title                = {Live Graph Lab: Towards Open, Dynamic and Real Transaction Graphs with NFT},
 author               = {Zhen Zhang and Bingqiao Luo and Shengliang Lu and Bingsheng He},
  howpublished={\url{https://livegraphlab.github.io}},
}


@article{Zhang2023LiveGL,
  title={Live Graph Lab: Towards Open, Dynamic and Real Transaction Graphs with NFT},
  author={Zhen Zhang and Bingqiao Luo and Shengliang Lu and Bingsheng He},
  journal={ArXiv},
  year={2023},
  volume={abs/2310.11709},
  url={https://api.semanticscholar.org/CorpusID:264289175}
}

@misc{snapnets,
  author       = {Jure Leskovec and Andrej Krevl},
  title        = {{SNAP Datasets}: {Stanford} Large Network Dataset Collection},
  howpublished = {\url{http://snap.stanford.edu/data}},
  month        = jun,
  year         = 2014
}

@misc{anonymous2024,
  author    = {Anonymous},
    year      = {2024},
  title     = {Revisiting the Design of In-Memory Dynamic Graph Storage},
  howpublished = {\url{https://drive.google.com/file/d/16LowG0imgvpH67fPFGGzMVbw8IEWrmqJ/view?usp=sharing}},
  note      = {Accessed: 2024-07-18}
}
