@article{SVC,
	title ={Recommendation {ITU-T H}.266 (V3) (09/2023)  Versatile video coding},
	author={ITU},
	year  = {2023}
	
}

@inproceedings{carlucci2016analysis,
	title={Analysis and design of the google congestion control for web real-time communication (WebRTC)},
	author={Carlucci, Gaetano and De Cicco, Luca and Holmer, Stefan and Mascolo, Saverio},
	booktitle={Proceedings of the 7th International Conference on Multimedia Systems},
	pages={1--12},
	year={2016}
}

@inproceedings{fouladi2018salsify,
	title={Salsify:Low-Latency Network Video through Tighter Integration between a Video Codec and a Transport Protocol},
	author={Fouladi, Sadjad and Emmons, John and Orbay, Emre and Wu, Catherine and Wahby, Riad S and Winstein, Keith},
	booktitle={15th USENIX Symposium on Networked Systems Design and Implementation (NSDI 18)},
	pages={267--282},
	year={2018},
}

@inproceedings{huang2022learned,
	title={Learned Internet Congestion Control for Short Video Uploading},
	author={Huang, Tianchi and Zhou, Chao and Jia, Lianchen and Zhang, Rui- and Sun, Lifeng},
	booktitle={Proceedings of the 30th ACM International Conference on Multimedia},
	pages={3064--3075},
	year={2022}
}

@article{hyun2020frame,
	title={A frame-level constant bit-rate control using recursive Bayesian estimation for versatile video coding},
	author={Hyun, Myung Han and Lee, Bumshik and Kim, Munchurl},
	journal={IEEE Access},
	volume={8},
	pages={227255--227269},
	year={2020},
}

@inproceedings{kan2022improving,
	title={Improving generalization for neural adaptive video streaming via meta reinforcement learning},
	author={Kan, Nuowen and Jiang, Yuankun and Li, Chenglin and Dai, Wenrui and Zou, Junni and Xiong, Hongkai},
	booktitle={Proceedings of the 30th ACM International Conference on Multimedia},
	pages={3006--3016},
	year={2022}
}

@inproceedings{kim2020neural,
	title={Neural-enhanced live streaming: Improving live video ingest via online learning},
	author={Kim, Jaehong and Jung, Youngmok and Yeo, Hyunho and Ye, Juncheol and Han, Dongsu},
	booktitle={Proceedings of the Annual conference of the ACM Special Interest Group on Data Communication on the applications, technologies, architectures, and protocols for computer communication},
	pages={107--125},
	year={2020}
}

@inproceedings{li2022livenet,
	title={Livenet: a low-latency video transport network for large-scale live streaming},
	author={Li, Jinyang and Li, Zhenyu and Lu, Ri and Xiao, Kai and Li, Songlin and Chen, Jufeng and Yang, Jingyu and Zong, Chunli and Chen, Aiyun and Wu, Qinghua and others},
	booktitle={Proceedings of the ACM SIGCOMM 2022 Conference},
	pages={812--825},
	year={2022}
}

@inproceedings{li2023mamba,
	title={Mamba: Bringing Multi-Dimensional {ABR} to {W}eb{RTC}},
	author={Li, Yueheng and Zhang, Zicheng and Chen, Hao and Ma, Zhan},
	booktitle={Proceedings of the 31st ACM International Conference on Multimedia},
	pages={9262--9270},
	year={2023}
}

@inproceedings{lin2022gso,
	title={{GSO}-simulcast: global stream orchestration in simulcast video conferencing systems},
	author={Lin, Xianshang and Ma, Yunfei and Zhang, Junshao and Cui, Yao and Li, Jing and Bai, Shi and Zhang, Ziyue and Cai, Dennis and Liu, Hongqiang Harry and Zhang, Ming},
	booktitle={Proceedings of the ACM SIGCOMM 2022 Conference},
	pages={826--839},
	year={2022}
}

@inproceedings{ray2022prism,
	title={Prism: Handling Packet Loss for Ultra-low Latency Video},
	author={Ray, Devdeep and Bobadilla Riquelme, Vicente and Seshan, Srinivasan},
	booktitle={Proceedings of the 30th ACM International Conference on Multimedia},
	pages={3104--3114},
	year={2022}
}

@inproceedings{wang2021enabling,
	title={Enabling Edge-Cloud Video Analytics for Robotics Applications},
	author={Wang, Yiding and Wang, Weiyan and Liu, Duowen and Jin, Xin and Jiang, Junchen and Chen, Kai},
	booktitle={IEEE INFOCOM 2021-IEEE Conference on Computer Communications},
	pages={1--10},
	year={2021},
}

@article{wang2021multilive,
	title={Multilive: Adaptive bitrate control for low-delay multi-party interactive live streaming},
	author={Wang, Ziyi and Cui, Yong and Hu, Xiaoyu and Wang, Xin and Ooi, Wei Tsang and Cao, Zhen and Li, Yi},
	journal={IEEE/ACM Transactions on Networking},
	volume={30},
	number={2},
	pages={923--938},
	year={2021},
	publisher={IEEE}
}

@inproceedings{wang2023twinstar,
	title={Twin{S}tar: A Practical Multi-path Transmission Framework for Ultra-Low Latency Video Delivery},
	author={Wang, Haiping and Yu, Zhenhua and Zhang, Ruixiao and Tao, Siping and Yu, Hebin and Shi, Shu},
	booktitle={Proceedings of the 31st ACM International Conference on Multimedia},
	pages={9234--9242},
	year={2023}
}

@inproceedings{xiao2022dnn,
	title={{DNN}-driven compressive offloading for edge-assisted semantic video segmentation},
	author={Xiao, Xuedou and Zhang, Juecheng and Wang, Wei and He, Jianhua and Zhang, Qian},
	booktitle={IEEE INFOCOM 2022-IEEE Conference on Computer Communications},
	pages={1888--1897},
	year={2022},
	organization={IEEE}
}

@inproceedings{yeo2022neuroscaler,
	title={Neuroscaler: Neural video enhancement at scale},
	author={Yeo, Hyunho and Lim, Hwijoon and Kim, Jaehong and Jung, Youngmok and Ye, Juncheol and Han, Dongsu},
	booktitle={Proceedings of the ACM SIGCOMM 2022 Conference},
	pages={795--811},
	year={2022}
}

@inproceedings{zhang2020onrl,
	title={{OnRL}: improving mobile video telephony via online reinforcement learning},
	author={Zhang, Huanhuan and Zhou, Anfu and Lu, Jiamin and Ma, Ruoxuan and Hu, Yuhan and Li, Cong and Zhang, Xinyu and Ma, Huadong and Chen, Xiaojiang},
	booktitle={Proceedings of the 26th Annual International Conference on Mobile Computing and Networking},
	pages={1--14},
	year={2020}
}

@inproceedings{zhang2021loki,
	title={Loki: improving long tail performance of learning-based real-time video adaptation by fusing rule-based models},
	author={Zhang, Huanhuan and Zhou, Anfu and Hu, Yuhan and Li, Chaoyue and Wang, Guangping and Zhang, Xinyu and Ma, Huadong and Wu, Leilei and Chen, Aiyun and Wu, Changhui},
	booktitle={Proceedings of the 27th Annual International Conference on Mobile Computing and Networking},
	pages={775--788},
	year={2021}
}

@inproceedings{zhang2023intelligent,
	title={An Intelligent Learning Approach to Achieve Near-Second Low-Latency Live Video Streaming under Highly Fluctuating Networks},
	author={Zhang, Guanghui and Liu, Ke and Xiao, Mengbai and Wang, Bingshu and Aggarwal, Vaneet},
	booktitle={Proceedings of the 31st ACM International Conference on Multimedia},
	pages={8067--8075},
	year={2023}
}

@article{zhao2021cbren,
	title={{CBREN}: Convolutional neural networks for constant bit rate video quality enhancement},
	author={Zhao, Hengrun and Zheng, Bolun and Yuan, Shanxin and Zhang, Hua and Yan, Chenggang and Li, Liang and Slabaugh, Gregory},
	journal={IEEE Transactions on Circuits and Systems for Video Technology},
	volume={32},
	number={7},
	pages={4138--4149},
	year={2021},
}

@inproceedings{zhao2022learning,
	title={Learning-based video coding with joint deep compression and enhancement},
	author={Zhao, Tiesong and Feng, Weize and Zeng, HongJi and Xu, Yiwen and Niu, Yuzhen and Liu, Jiaying},
	booktitle={Proceedings of the 30th ACM International Conference on Multimedia},
	pages={3045--3054},
	year={2022}
}

