
% Journals

% First the Full Name is given, then the abbreviation used in the AMS Math
% Reviews, with an indication if it could not be found there.
% Note the 2nd overwrites the 1st, so swap them if you want the full name.
@inproceedings{wang2021enabling,
	title={Enabling Edge-Cloud Video Analytics for Robotics Applications},
	author={Wang, Yiding and Wang, Weiyan and Liu, Duowen and Jin, Xin and Jiang, Junchen and Chen, Kai},
	booktitle={IEEE INFOCOM 2021-IEEE Conference on Computer Communications},
	pages={1--10},
	year={2021},
}
@article{lee2000scalable,
	title={Scalable rate control for {MPEG}-4 video},
	author={Lee, Hung-Ju and Chiang, Tihao and Zhang, Ya-Qin},
	journal={IEEE Transactions on Circuits and Systems for Video Technology},
	volume={10},
	number={6},
	pages={878--894},
	year={2000},
}

@inproceedings{xiao2022dnn,
	title={{DNN}-driven compressive offloading for edge-assisted semantic video segmentation},
	author={Xiao, Xuedou and Zhang, Juecheng and Wang, Wei and He, Jianhua and Zhang, Qian},
	booktitle={IEEE INFOCOM 2022-IEEE Conference on Computer Communications},
	pages={1888--1897},
	year={2022},
	organization={IEEE}
}

@article{xiao2019sensor,
	title={Sensor-augmented neural adaptive bitrate video streaming on {UAV}s},
	author={Xiao, Xuedou and Wang, Wei and Chen, Taobin and Cao, Yang and Jiang, Tao and Zhang, Qian},
	journal={IEEE Transactions on Multimedia},
	volume={22},
	number={6},
	pages={1567--1576},
	year={2019},
	publisher={IEEE}
}

@article{xiao2019sensor,
	title={Sensor-augmented neural adaptive bitrate video streaming on UAVs},
	author={Xiao, Xuedou and Wang, Wei and Chen, Taobin and Cao, Yang and Jiang, Tao and Zhang, Qian},
	journal={IEEE Transactions on Multimedia},
	volume={22},
	number={6},
	pages={1567--1576},
	year={2019},
	publisher={IEEE}
}

@article{ma2011modeling,
	title={Modeling of rate and perceptual quality of compressed video as functions of frame rate and quantization stepsize and its applications},
	author={Ma, Zhan and Xu, Meng and Ou, Yen-Fu and Wang, Yao},
	journal={IEEE Transactions on Circuits and Systems for Video Technology},
	volume={22},
	number={5},
	pages={671--682},
	year={2011},
}

@inproceedings{fouladi2018salsify,
	title={Salsify:Low-Latency Network Video through Tighter Integration between a Video Codec and a Transport Protocol},
	author={Fouladi, Sadjad and Emmons, John and Orbay, Emre and Wu, Catherine and Wahby, Riad S and Winstein, Keith},
	booktitle={15th USENIX Symposium on Networked Systems Design and Implementation (NSDI 18)},
	pages={267--282},
	year={2018},
}

@article{hyun2020frame,
	title={A frame-level constant bit-rate control using recursive Bayesian estimation for versatile video coding},
	author={Hyun, Myung Han and Lee, Bumshik and Kim, Munchurl},
	journal={IEEE Access},
	volume={8},
	pages={227255--227269},
	year={2020},
}

@article{zhao2021cbren,
	title={{CBREN}: Convolutional neural networks for constant bit rate video quality enhancement},
	author={Zhao, Hengrun and Zheng, Bolun and Yuan, Shanxin and Zhang, Hua and Yan, Chenggang and Li, Liang and Slabaugh, Gregory},
	journal={IEEE Transactions on Circuits and Systems for Video Technology},
	volume={32},
	number={7},
	pages={4138--4149},
	year={2021},
}

@inproceedings{kim2020neural,
	title={Neural-enhanced live streaming: Improving live video ingest via online learning},
	author={Kim, Jaehong and Jung, Youngmok and Yeo, Hyunho and Ye, Juncheol and Han, Dongsu},
	booktitle={Proceedings of the Annual conference of the ACM Special Interest Group on Data Communication on the applications, technologies, architectures, and protocols for computer communication},
	pages={107--125},
	year={2020}
}
@article{schulman2017proximal,
	title={Proximal policy optimization algorithms},
	author={Schulman, John and Wolski, Filip and Dhariwal, Prafulla and Radford, Alec and Klimov, Oleg},
	journal={arXiv preprint arXiv:1707.06347},
	year={2017}
}

@inproceedings{yeo2022neuroscaler,
	title={Neuroscaler: Neural video enhancement at scale},
	author={Yeo, Hyunho and Lim, Hwijoon and Kim, Jaehong and Jung, Youngmok and Ye, Juncheol and Han, Dongsu},
	booktitle={Proceedings of the ACM SIGCOMM 2022 Conference},
	pages={795--811},
	year={2022}
}

@inproceedings{zhao2022learning,
	title={Learning-based video coding with joint deep compression and enhancement},
	author={Zhao, Tiesong and Feng, Weize and Zeng, HongJi and Xu, Yiwen and Niu, Yuzhen and Liu, Jiaying},
	booktitle={Proceedings of the 30th ACM International Conference on Multimedia},
	pages={3045--3054},
	year={2022}
}
@inproceedings{zhang2020onrl,
	title={{OnRL}: improving mobile video telephony via online reinforcement learning},
	author={Zhang, Huanhuan and Zhou, Anfu and Lu, Jiamin and Ma, Ruoxuan and Hu, Yuhan and Li, Cong and Zhang, Xinyu and Ma, Huadong and Chen, Xiaojiang},
	booktitle={Proceedings of the 26th Annual International Conference on Mobile Computing and Networking},
	pages={1--14},
	year={2020}
}

@inproceedings{zhang2021loki,
	title={Loki: improving long tail performance of learning-based real-time video adaptation by fusing rule-based models},
	author={Zhang, Huanhuan and Zhou, Anfu and Hu, Yuhan and Li, Chaoyue and Wang, Guangping and Zhang, Xinyu and Ma, Huadong and Wu, Leilei and Chen, Aiyun and Wu, Changhui},
	booktitle={Proceedings of the 27th Annual International Conference on Mobile Computing and Networking},
	pages={775--788},
	year={2021}
}

@inproceedings{carlucci2016analysis,
	title={Analysis and design of the google congestion control for web real-time communication (WebRTC)},
	author={Carlucci, Gaetano and De Cicco, Luca and Holmer, Stefan and Mascolo, Saverio},
	booktitle={Proceedings of the 7th International Conference on Multimedia Systems},
	pages={1--12},
	year={2016}
}

@inproceedings{huang2022learned,
	title={Learned Internet Congestion Control for Short Video Uploading},
	author={Huang, Tianchi and Zhou, Chao and Jia, Lianchen and Zhang, Rui- and Sun, Lifeng},
	booktitle={Proceedings of the 30th ACM International Conference on Multimedia},
	pages={3064--3075},
	year={2022}
}

@inproceedings{li2023mamba,
	title={Mamba: Bringing Multi-Dimensional {ABR} to {W}eb{RTC}},
	author={Li, Yueheng and Zhang, Zicheng and Chen, Hao and Ma, Zhan},
	booktitle={Proceedings of the 31st ACM International Conference on Multimedia},
	pages={9262--9270},
	year={2023}
}
@inproceedings{zhang2023intelligent,
	title={An Intelligent Learning Approach to Achieve Near-Second Low-Latency Live Video Streaming under Highly Fluctuating Networks},
	author={Zhang, Guanghui and Liu, Ke and Xiao, Mengbai and Wang, Bingshu and Aggarwal, Vaneet},
	booktitle={Proceedings of the 31st ACM International Conference on Multimedia},
	pages={8067--8075},
	year={2023}
}

@inproceedings{kan2022improving,
	title={Improving generalization for neural adaptive video streaming via meta reinforcement learning},
	author={Kan, Nuowen and Jiang, Yuankun and Li, Chenglin and Dai, Wenrui and Zou, Junni and Xiong, Hongkai},
	booktitle={Proceedings of the 30th ACM International Conference on Multimedia},
	pages={3006--3016},
	year={2022}
}
@inproceedings{wang2023twinstar,
	title={Twin{S}tar: A Practical Multi-path Transmission Framework for Ultra-Low Latency Video Delivery},
	author={Wang, Haiping and Yu, Zhenhua and Zhang, Ruixiao and Tao, Siping and Yu, Hebin and Shi, Shu},
	booktitle={Proceedings of the 31st ACM International Conference on Multimedia},
	pages={9234--9242},
	year={2023}
}
@article{wang2021multilive,
	title={Multilive: Adaptive bitrate control for low-delay multi-party interactive live streaming},
	author={Wang, Ziyi and Cui, Yong and Hu, Xiaoyu and Wang, Xin and Ooi, Wei Tsang and Cao, Zhen and Li, Yi},
	journal={IEEE/ACM Transactions on Networking},
	volume={30},
	number={2},
	pages={923--938},
	year={2021},
	publisher={IEEE}
}

@inproceedings{lin2022gso,
	title={{GSO}-simulcast: global stream orchestration in simulcast video conferencing systems},
	author={Lin, Xianshang and Ma, Yunfei and Zhang, Junshao and Cui, Yao and Li, Jing and Bai, Shi and Zhang, Ziyue and Cai, Dennis and Liu, Hongqiang Harry and Zhang, Ming},
	booktitle={Proceedings of the ACM SIGCOMM 2022 Conference},
	pages={826--839},
	year={2022}
}



@article{SVC,
	title ={Recommendation {ITU-T H}.266 (V3) (09/2023)  Versatile video coding},
	author={ITU},
	year  = {2023}
	
}

@inproceedings{ray2022prism,
	title={Prism: Handling Packet Loss for Ultra-low Latency Video},
	author={Ray, Devdeep and Bobadilla Riquelme, Vicente and Seshan, Srinivasan},
	booktitle={Proceedings of the 30th ACM International Conference on Multimedia},
	pages={3104--3114},
	year={2022}
}

@inproceedings{li2022livenet,
	title={Livenet: a low-latency video transport network for large-scale live streaming},
	author={Li, Jinyang and Li, Zhenyu and Lu, Ri and Xiao, Kai and Li, Songlin and Chen, Jufeng and Yang, Jingyu and Zong, Chunli and Chen, Aiyun and Wu, Qinghua and others},
	booktitle={Proceedings of the ACM SIGCOMM 2022 Conference},
	pages={812--825},
	year={2022}
}


@Misc{market,
	author ="Polaris Market Research",
	year =         "2021",
	month =        "May",
	title = "Interactive Video Wall Market Share",
	howpublished = {\url{https://www.polarismarketresearch.com/industry-analysis/interactive-video-wall-market}},
}

@Misc{x264,
	author ="VideoLAN",
	title = "x264",
	howpublished = {\url{https://www.videolan.org/developers/x264.html}},
} 

@article{li2006adaptive,
	title={Adaptive rate control for {H}.264},
	author={Li, ZG and Gao, Wen and Pan, Feng and Ma, SW and Lim, Keng Pang and Feng, GN and Lin, Xiao and Rahardja, Susanto and Lu, HQ and Lu, Yan},
	journal={Journal of Visual Communication and Image Representation},
	volume={17},
	number={2},
	pages={376--406},
	year={2006},
	publisher={Elsevier}
}

@inproceedings{xiao2023ember,
	title={From Ember to Blaze: Swift Interactive Video Adaptation via Meta-Reinforcement Learning},
	author={Xiao, Xuedou and Yan, Mingxuan and Zuo, Yingying and Liu, Boxi and Ruan, Paul and Cao, Yang and Wang, Wei},
	booktitle={IEEE INFOCOM 2023-IEEE Conference on Computer Communications},
	pages={1--10},
	year={2023},
	organization={IEEE}
}
@article{cinar2021improved,
	title={Improved jitter buffer management for {WebRTC}},
	author={Cinar, Yusuf and Pocta, Peter and Chambers, Desmond and Melvin, Hugh},
	journal={ACM Transactions on Multimedia Computing, Communications, and Applications (TOMM)},
	volume={17},
	number={1},
	pages={1--20},
	year={2021},
	publisher={ACM New York, NY}
}




@Misc{webrtc,
	title = "WebRTC",
	year = "2019",
	howpublished = {\url{https://github.com/webrtc}},
}
@Misc{aiortc,
	title = "Aiortc",
	year = "2019",
	howpublished = {\url{https://aiortc.readthedocs.io/en/latest/index.html}},
}
@Misc{tc,
	author ="Tc (Linux)",
	year = "2019",
	howpublished = {\url{https://en.wikipedia.org/wiki/Tc_(Linux)}},
}
@inproceedings{aliabad2010no,
	title={No-reference {H}. 264/{AVC} statistical multiplexing for {DVB-RCS}},
	author={Aliabad, Hamed Ahmadi and Moiron, Sandro and Fleury, Martin and Ghanbari, Mohammed},
	booktitle={Personal Satellite Services: Second International ICST Confernce, PSATS 2010, Rome, Italy, February 2010 Revised Selected Papers 2},
	pages={163--178},
	year={2010},
	organization={Springer}
}
@inproceedings{mnih2016asynchronous,
	title={Asynchronous methods for deep reinforcement learning},
	author={Mnih, Volodymyr and Badia, Adria Puigdomenech and Mirza, Mehdi and Graves, Alex and Lillicrap, Timothy and Harley, Tim and Silver, David and Kavukcuoglu, Koray},
	booktitle={International conference on machine learning},
	pages={1928--1937},
	year={2016},
	organization={PMLR}
}

@Misc{autoregressive,
	author = "Henrycharlesworth",
	year =         "2021",
	month =        May,
	title = "{PPO} with multi-head/autoregressive action outputs",
	lastaccessed = "Mar 4, 2021",
	howpublished = {\url{https://github.com/henrycharlesworth/multi_action_head_PPO}},
}

@Misc{4g,
	author="Tionry",
	year="2021",
	title="tionry/{4GD}ata", 
	howpublished = {\url{https://github.com/tionry/4GData}},
}

@Misc{5g,
	author="D. Raca, D. Leahy, C. Sreenan, J. J. Quinlan",
	year="2020",
	month="Jun",
	title="Beyond Throughput: The Next Generation: A {5G} dataset with channel and context metrics"
}

@Misc{wifi,
	author="A. U. Chaudhry",
	year="2021",
	title="Using machine learning to find the hidden relationship between {RTT} and {TCP} throughput in {WiFi}"
	
}