@misc{CUTIE,
      title={Putting the Object Back into Video Object Segmentation}, 
      author={Ho Kei Cheng and Seoung Wug Oh and Brian Price and Joon-Young Lee and Alexander Schwing},
      year={2024},
      eprint={2310.12982},
      archivePrefix={arXiv},
      primaryClass={cs.CV},
      url={https://arxiv.org/abs/2310.12982}, 
}

@misc{XMEM,
      title={XMem: Long-Term Video Object Segmentation with an Atkinson-Shiffrin Memory Model}, 
      author={Ho Kei Cheng and Alexander G. Schwing},
      year={2022},
      eprint={2207.07115},
      archivePrefix={arXiv},
      primaryClass={cs.CV},
      url={https://arxiv.org/abs/2207.07115}, 
}

@misc{SAM2,
      title={SAM 2: Segment Anything in Images and Videos}, 
      author={Nikhila Ravi and Valentin Gabeur and Yuan-Ting Hu and Ronghang Hu and Chaitanya Ryali and Tengyu Ma and Haitham Khedr and Roman Rädle and Chloe Rolland and Laura Gustafson and Eric Mintun and Junting Pan and Kalyan Vasudev Alwala and Nicolas Carion and Chao-Yuan Wu and Ross Girshick and Piotr Dollár and Christoph Feichtenhofer},
      year={2024},
      eprint={2408.00714},
      archivePrefix={arXiv},
      primaryClass={cs.CV},
      url={https://arxiv.org/abs/2408.00714}, 
}

@misc{SAM,
      title={Segment Anything}, 
      author={Alexander Kirillov and Eric Mintun and Nikhila Ravi and Hanzi Mao and Chloe Rolland and Laura Gustafson and Tete Xiao and Spencer Whitehead and Alexander C. Berg and Wan-Yen Lo and Piotr Dollár and Ross Girshick},
      year={2023},
      eprint={2304.02643},
      archivePrefix={arXiv},
      primaryClass={cs.CV},
      url={https://arxiv.org/abs/2304.02643}, 
}

@misc{DAVIS,
      title={High-Quality Visually-Guided Sound Separation from Diverse Categories}, 
      author={Chao Huang and Susan Liang and Yapeng Tian and Anurag Kumar and Chenliang Xu},
      year={2024},
      eprint={2308.00122},
      archivePrefix={arXiv},
      primaryClass={cs.CV},
      url={https://arxiv.org/abs/2308.00122}, 
}

@misc{MOSE,
      title={MOSE: A New Dataset for Video Object Segmentation in Complex Scenes}, 
      author={Henghui Ding and Chang Liu and Shuting He and Xudong Jiang and Philip H. S. Torr and Song Bai},
      year={2023},
      eprint={2302.01872},
      archivePrefix={arXiv},
      primaryClass={cs.CV},
      url={https://arxiv.org/abs/2302.01872}, 
}

@misc{MBS,
      title={Seeing Objects in a Cluttered World: Computational Objectness from Motion in Video}, 
      author={Douglas Poland and Amar Saini},
      year={2024},
      eprint={2402.01126},
      archivePrefix={arXiv},
      primaryClass={cs.CV},
      url={https://arxiv.org/abs/2402.01126}, 
}

@misc{Interjection,
      title={Addressing Issues with Working Memory in Video Object Segmentation}, 
      author={Clayton Bromley and Alexander Moore and Amar Saini and Douglas Poland and Carmen Carrano},
      year={2024},
      eprint={2410.22451},
      archivePrefix={arXiv},
      primaryClass={cs.CV},
      url={https://arxiv.org/abs/2410.22451}, 
}

@misc{SAM2Flaw,
      title={SAMURAI: Adapting Segment Anything Model for Zero-Shot Visual Tracking with Motion-Aware Memory}, 
      author={Cheng-Yen Yang and Hsiang-Wei Huang and Wenhao Chai and Zhongyu Jiang and Jenq-Neng Hwang},
      year={2024},
      eprint={2411.11922},
      archivePrefix={arXiv},
      primaryClass={cs.CV},
      url={https://arxiv.org/abs/2411.11922}, 
}