@article{Samsi2023From,
title={From Words to Watts: Benchmarking the Energy Costs of Large Language Model Inference},
author={S. Samsi and Dan Zhao and Joseph McDonald and Baolin Li and Adam Michaleas and Michael Jones and William Bergeron and J. Kepner and Devesh Tiwari and V. Gadepally},
journal={2023 IEEE High Performance Extreme Computing Conference (HPEC)},
year={2023},
pages={1-9},
doi={10.1109/HPEC58863.2023.10363447}
}

@article{Verdecchia2023A,
title={A systematic review of Green AI},
author={R. Verdecchia and June Sallou and Luís Cruz},
journal={Wiley Interdisciplinary Reviews: Data Mining and Knowledge Discovery},
year={2023},
volume={13},
doi={10.1002/widm.1507}
}

@inproceedings{baez2019conversational,
  title={Conversational web interaction: proposal of a dialog-based natural language interaction paradigm for the web},
  author={Baez, Marcos and Daniel, Florian and Casati, Fabio},
  booktitle={International Workshop on Chatbot Research and Design},
  pages={94--110},
  year={2019},
  organization={Springer}
}

@article{benaddi2024towards,
  title={Towards a software factory for developing the chatbots in smart tourism mobile applications},
  author={Benaddi, Lamya and Ouaddi, Charaf and Jakimi, Abdeslam and Ouchao, Brahim},
  journal={Procedia Computer Science},
  volume={231},
  pages={275--280},
  year={2024},
  publisher={Elsevier}
}

@inproceedings{bender2021dangers,
  title={On the dangers of stochastic parrots: Can language models be too big?},
  author={Bender, Emily M and Gebru, Timnit and McMillan-Major, Angelina and Shmitchell, Shmargaret},
  booktitle={Proceedings of the 2021 ACM conference on fairness, accountability, and transparency},
  pages={610--623},
  year={2021}
}

@article{brown2020language,
  title={Language models are few-shot learners},
  author={Brown, Tom B},
  journal={arXiv preprint arXiv:2005.14165},
  year={2020}
}

@inproceedings{chitto2020automatic,
  title={Automatic generation of chatbots for conversational web browsing},
  author={Chitt{\`o}, Pietro and Baez, Marcos and Daniel, Florian and Benatallah, Boualem},
  booktitle={Conceptual Modeling: 39th International Conference, ER 2020, Vienna, Austria, November 3--6, 2020, Proceedings 39},
  pages={239--249},
  year={2020},
  organization={Springer}
}

@misc{dechezelles2024browsergymecosystemwebagent,
      title={The BrowserGym Ecosystem for Web Agent Research}, 
      author={Thibault Le Sellier De Chezelles and Maxime Gasse and Alexandre Drouin and Massimo Caccia and Léo Boisvert and Megh Thakkar and Tom Marty and Rim Assouel and Sahar Omidi Shayegan and Lawrence Keunho Jang and Xing Han Lù and Ori Yoran and Dehan Kong and Frank F. Xu and Siva Reddy and Quentin Cappart and Graham Neubig and Ruslan Salakhutdinov and Nicolas Chapados and Alexandre Lacoste},
      year={2024},
      eprint={2412.05467},
      archivePrefix={arXiv},
      primaryClass={cs.LG},
      url={https://arxiv.org/abs/2412.05467}, 
}

@article{deng2024mind2web,
  title={Mind2web: Towards a generalist agent for the web},
  author={Deng, Xiang and Gu, Yu and Zheng, Boyuan and Chen, Shijie and Stevens, Sam and Wang, Boshi and Sun, Huan and Su, Yu},
  journal={Advances in Neural Information Processing Systems},
  volume={36},
  year={2024}
}

@article{devlin2018bert,
  title={Bert: Pre-training of deep bidirectional transformers for language understanding},
  author={Devlin, Jacob},
  journal={arXiv preprint arXiv:1810.04805},
  year={2018}
}

@article{dubey2024llama,
  title={The llama 3 herd of models},
  author={Dubey, Abhimanyu and Jauhri, Abhinav and Pandey, Abhinav and Kadian, Abhishek and Al-Dahle, Ahmad and Letman, Aiesha and Mathur, Akhil and Schelten, Alan and Yang, Amy and Fan, Angela and others},
  journal={arXiv preprint arXiv:2407.21783},
  year={2024}
}

@article{gur2023real,
  title={A real-world webagent with planning, long context understanding, and program synthesis},
  author={Gur, Izzeddin and Furuta, Hiroki and Huang, Austin and Safdari, Mustafa and Matsuo, Yutaka and Eck, Douglas and Faust, Aleksandra},
  journal={arXiv preprint arXiv:2307.12856},
  year={2023}
}

@misc{he2024webvoyagerbuildingendtoendweb,
      title={WebVoyager: Building an End-to-End Web Agent with Large Multimodal Models}, 
      author={Hongliang He and Wenlin Yao and Kaixin Ma and Wenhao Yu and Yong Dai and Hongming Zhang and Zhenzhong Lan and Dong Yu},
      year={2024},
      eprint={2401.13919},
      archivePrefix={arXiv},
      primaryClass={cs.CL},
      url={https://arxiv.org/abs/2401.13919}, 
}

@article{lannelongue2021green,
  title={Green algorithms: quantifying the carbon footprint of computation},
  author={Lannelongue, Lo{\"\i}c and Grealey, Jason and Inouye, Michael},
  journal={Advanced science},
  volume={8},
  number={12},
  pages={2100707},
  year={2021},
  publisher={Wiley Online Library}
}

@article{lu2024weblinx,
  title={Weblinx: Real-world website navigation with multi-turn dialogue},
  author={L{\`u}, Xing Han and Kasner, Zden{\v{e}}k and Reddy, Siva},
  journal={arXiv preprint arXiv:2402.05930},
  year={2024}
}

@article{ma2023laser,
  title={Laser: Llm agent with state-space exploration for web navigation},
  author={Ma, Kaixin and Zhang, Hongming and Wang, Hongwei and Pan, Xiaoman and Yu, Dong},
  journal={arXiv preprint arXiv:2309.08172},
  year={2023}
}

@article{nakano2021webgpt,
  title={Webgpt: Browser-assisted question-answering with human feedback},
  author={Nakano, Reiichiro and Hilton, Jacob and Balaji, Suchir and Wu, Jeff and Ouyang, Long and Kim, Christina and Hesse, Christopher and Jain, Shantanu and Kosaraju, Vineet and Saunders, William and others},
  journal={arXiv preprint arXiv:2112.09332},
  year={2021}
}

@article{ouaddi2024architecture,
  title={Architecture, tools, and dsls for developing conversational agents: An overview},
  author={Ouaddi, Charaf and Benaddi, Lamya and Jakimi, Abdeslam},
  journal={Procedia Computer Science},
  volume={231},
  pages={293--298},
  year={2024},
  publisher={Elsevier}
}

@article{patterson2021carbon,
  title={Carbon emissions and large neural network training},
  author={Patterson, David and Gonzalez, Joseph and Le, Quoc and Liang, Chen and Munguia, Lluis-Miquel and Rothchild, Daniel and So, David and Texier, Maud and Dean, Jeff},
  journal={arXiv preprint arXiv:2104.10350},
  year={2021}
}

@inproceedings{pucci2023defining,
  title={Defining Patterns for a Conversational Web},
  author={Pucci, Emanuele and Possaghi, Isabella and Cutrupi, Claudia Maria and Baez, Marcos and Cappiello, Cinzia and Matera, Maristella},
  booktitle={Proceedings of the 2023 CHI Conference on Human Factors in Computing Systems},
  pages={1--17},
  year={2023}
}

@article{shi2023thinking,
  title={Thinking geographically about AI sustainability},
  author={Shi, Meilin and Currier, Kitty and Liu, Zilong and Janowicz, Krzysztof and Wiedemann, Nina and Verstegen, Judith and McKenzie, Grant and Graser, Anita and Zhu, Rui and Mai, Gengchen},
  journal={AGILE: GIScience Series},
  volume={4},
  pages={42},
  year={2023},
  publisher={Copernicus Publications G{\"o}ttingen, Germany}
}

@misc{yang2024agentoccamsimplestrongbaseline,
      title={AgentOccam: A Simple Yet Strong Baseline for LLM-Based Web Agents}, 
      author={Ke Yang and Yao Liu and Sapana Chaudhary and Rasool Fakoor and Pratik Chaudhari and George Karypis and Huzefa Rangwala},
      year={2024},
      eprint={2410.13825},
      archivePrefix={arXiv},
      primaryClass={cs.AI},
      url={https://arxiv.org/abs/2410.13825}, 
}

@article{yao2022webshop,
  title={Webshop: Towards scalable real-world web interaction with grounded language agents},
  author={Yao, Shunyu and Chen, Howard and Yang, John and Narasimhan, Karthik},
  journal={Advances in Neural Information Processing Systems},
  volume={35},
  pages={20744--20757},
  year={2022}
}

@misc{zhang2024webpilotversatileautonomousmultiagent,
      title={WebPilot: A Versatile and Autonomous Multi-Agent System for Web Task Execution with Strategic Exploration}, 
      author={Yao Zhang and Zijian Ma and Yunpu Ma and Zhen Han and Yu Wu and Volker Tresp},
      year={2024},
      eprint={2408.15978},
      archivePrefix={arXiv},
      primaryClass={cs.AI},
      url={https://arxiv.org/abs/2408.15978}, 
}

@article{zheng2024gpt,
  title={Gpt-4v (ision) is a generalist web agent, if grounded},
  author={Zheng, Boyuan and Gou, Boyu and Kil, Jihyung and Sun, Huan and Su, Yu},
  journal={arXiv preprint arXiv:2401.01614},
  year={2024}
}

