
% Journals

% First the Full Name is given, then the abbreviation used in the AMS Math
% Reviews, with an indication if it could not be found there.
% Note the 2nd overwrites the 1st, so swap them if you want the full name.

 %{AMS}
 @String{AMSTrans = "American Mathematical Society Translations" }
 @String{AMSTrans = "Amer. Math. Soc. Transl." }
 @String{BullAMS = "Bulletin of the American Mathematical Society" }
 @String{BullAMS = "Bull. Amer. Math. Soc." }
 @String{ProcAMS = "Proceedings of the American Mathematical Society" }
 @String{ProcAMS = "Proc. Amer. Math. Soc." }
 @String{TransAMS = "Transactions of the American Mathematical Society" }
 @String{TransAMS = "Trans. Amer. Math. Soc." }

 %ACM
 @String{CACM = "Communications of the {ACM}" }
 @String{CACM = "Commun. {ACM}" }
 @String{CompServ = "Comput. Surveys" }
 @String{JACM = "J. ACM" }
 @String{ACMMathSoft = "{ACM} Transactions on Mathematical Software" }
 @String{ACMMathSoft = "{ACM} Trans. Math. Software" }
 @String{SIGNUM = "{ACM} {SIGNUM} Newsletter" }
 @String{SIGNUM = "{ACM} {SIGNUM} Newslett." }

 @String{AmerSocio = "American Journal of Sociology" }
 @String{AmerStatAssoc = "Journal of the American Statistical Association" }
 @String{AmerStatAssoc = "J. Amer. Statist. Assoc." }
 @String{ApplMathComp = "Applied Mathematics and Computation" }
 @String{ApplMathComp = "Appl. Math. Comput." }
 @String{AmerMathMonthly = "American Mathematical Monthly" }
 @String{AmerMathMonthly = "Amer. Math. Monthly" }
 @String{BIT = "{BIT}" }
 @String{BritStatPsych = "British Journal of Mathematical and Statistical
          Psychology" }
 @String{BritStatPsych = "Brit. J. Math. Statist. Psych." }
 @String{CanMathBull = "Canadian Mathematical Bulletin" }
 @String{CanMathBull = "Canad. Math. Bull." }
 @String{CompApplMath = "Journal of Computational and Applied Mathematics" }
 @String{CompApplMath = "J. Comput. Appl. Math." }
 @String{CompPhys = "Journal of Computational Physics" }
 @String{CompPhys = "J. Comput. Phys." }
 @String{CompStruct = "Computers and Structures" }
 @String{CompStruct = "Comput. \& Structures" }
 @String{CompJour = "The Computer Journal" }
 @String{CompJour = "Comput. J." }
 @String{CompSysSci = "Journal of Computer and System Sciences" }
 @String{CompSysSci = "J. Comput. System Sci." }
 @String{Computing = "Computing" }
 @String{ContempMath = "Contemporary Mathematics" }
 @String{ContempMath = "Contemp. Math." }
 @String{Crelle = "Crelle's Journal" }
 @String{GiornaleMath = "Giornale di Mathematiche" }
 @String{GiornaleMath = "Giorn. Mat." } % didn't find in AMS MR., ibid.

 %IEEE
 @String{Computer = "{IEEE} Computer" }
 @String{IEEETransComp = "{IEEE} Transactions on Computers" }
 @String{IEEETransComp = "{IEEE} Trans. Comput." }
 @String{IEEETransAC = "{IEEE} Transactions on Automatic Control" }
 @String{IEEETransAC = "{IEEE} Trans. Automat. Control" }
 @String{IEEESpec = "{IEEE} Spectrum" } % didn't find in AMS MR
 @String{ProcIEEE = "Proceedings of the {IEEE}" }
 @String{ProcIEEE = "Proc. {IEEE}" } % didn't find in AMS MR
 @String{IEEETransAeroElec = "{IEEE} Transactions on Aerospace and Electronic
     Systems" }
 @String{IEEETransAeroElec = "{IEEE} Trans. Aerospace Electron. Systems" }

 @String{IMANumerAna = "{IMA} Journal of Numerical Analysis" }
 @String{IMANumerAna = "{IMA} J. Numer. Anal." }
 @String{InfProcLet = "Information Processing Letters" }
 @String{InfProcLet = "Inform. Process. Lett." }
 @String{InstMathApp = "Journal of the Institute of Mathematics and
     its Applications" }
 @String{InstMathApp = "J. Inst. Math. Appl." }
 @String{IntControl = "International Journal of Control" }
 @String{IntControl = "Internat. J. Control" }
 @String{IntNumerEng = "International Journal for Numerical Methods in
     Engineering" }
 @String{IntNumerEng = "Internat. J. Numer. Methods Engrg." }
 @String{IntSuper = "International Journal of Supercomputing Applications" }
 @String{IntSuper = "Internat. J. Supercomputing Applic." } % didn't find
%% in AMS MR
 @String{Kibernetika = "Kibernetika" }
 @String{JResNatBurStand = "Journal of Research of the National Bureau
     of Standards" }
 @String{JResNatBurStand = "J. Res. Nat. Bur. Standards" }
 @String{LinAlgApp = "Linear Algebra and its Applications" }
 @String{LinAlgApp = "Linear Algebra Appl." }
 @String{MathAnaAppl = "Journal of Mathematical Analysis and Applications" }
 @String{MathAnaAppl = "J. Math. Anal. Appl." }
 @String{MathAnnalen = "Mathematische Annalen" }
 @String{MathAnnalen = "Math. Ann." }
 @String{MathPhys = "Journal of Mathematical Physics" }
 @String{MathPhys = "J. Math. Phys." }
 @String{MathComp = "Mathematics of Computation" }
 @String{MathComp = "Math. Comp." }
 @String{MathScand = "Mathematica Scandinavica" }
 @String{MathScand = "Math. Scand." }
 @String{TablesAidsComp = "Mathematical Tables and Other Aids to Computation" }
 @String{TablesAidsComp = "Math. Tables Aids Comput." }
 @String{NumerMath = "Numerische Mathematik" }
 @String{NumerMath = "Numer. Math." }
 @String{PacificMath = "Pacific Journal of Mathematics" }
 @String{PacificMath = "Pacific J. Math." }
 @String{ParDistComp = "Journal of Parallel and Distributed Computing" }
 @String{ParDistComp = "J. Parallel and Distrib. Comput." } % didn't find
%% in AMS MR
 @String{ParComputing = "Parallel Computing" }
 @String{ParComputing = "Parallel Comput." }
 @String{PhilMag = "Philosophical Magazine" }
 @String{PhilMag = "Philos. Mag." }
 @String{ProcNAS = "Proceedings of the National Academy of Sciences
                    of the USA" }
 @String{ProcNAS = "Proc. Nat. Acad. Sci. U. S. A." }
 @String{Psychometrika = "Psychometrika" }
 @String{QuartMath = "Quarterly Journal of Mathematics, Oxford, Series (2)" }
 @String{QuartMath = "Quart. J. Math. Oxford Ser. (2)" }
 @String{QuartApplMath = "Quarterly of Applied Mathematics" }
 @String{QuartApplMath = "Quart. Appl. Math." }
 @String{RevueInstStat = "Review of the International Statisical Institute" }
 @String{RevueInstStat = "Rev. Inst. Internat. Statist." }

 %SIAM
 @String{JSIAM = "Journal of the Society for Industrial and Applied
     Mathematics" }
 @String{JSIAM = "J. Soc. Indust. Appl. Math." }
 @String{JSIAMB = "Journal of the Society for Industrial and Applied
     Mathematics, Series B, Numerical Analysis" }
 @String{JSIAMB = "J. Soc. Indust. Appl. Math. Ser. B Numer. Anal." }
 @String{SIAMAlgMeth = "{SIAM} Journal on Algebraic and Discrete Methods" }
 @String{SIAMAlgMeth = "{SIAM} J. Algebraic Discrete Methods" }
 @String{SIAMAppMath = "{SIAM} Journal on Applied Mathematics" }
 @String{SIAMAppMath = "{SIAM} J. Appl. Math." }
 @String{SIAMComp = "{SIAM} Journal on Computing" }
 @String{SIAMComp = "{SIAM} J. Comput." }
 @String{SIAMMatrix = "{SIAM} Journal on Matrix Analysis and Applications" }
 @String{SIAMMatrix = "{SIAM} J. Matrix Anal. Appl." }
 @String{SIAMNumAnal = "{SIAM} Journal on Numerical Analysis" }
 @String{SIAMNumAnal = "{SIAM} J. Numer. Anal." }
 @String{SIAMReview = "{SIAM} Review" }
 @String{SIAMReview = "{SIAM} Rev." }
 @String{SIAMSciStat = "{SIAM} Journal on Scientific and Statistical
     Computing" }
 @String{SIAMSciStat = "{SIAM} J. Sci. Statist. Comput." }

 @String{SoftPracExp = "Software Practice and Experience" }
 @String{SoftPracExp = "Software Prac. Experience" } % didn't find in AMS MR
 @String{StatScience = "Statistical Science" }
 @String{StatScience = "Statist. Sci." }
 @String{Techno = "Technometrics" }
 @String{USSRCompMathPhys = "{USSR} Computational Mathematics and Mathematical
     Physics" }
 @String{USSRCompMathPhys = "{U. S. S. R.} Comput. Math. and Math. Phys." }
 @String{VLSICompSys = "Journal of {VLSI} and Computer Systems" }
 @String{VLSICompSys = "J. {VLSI} Comput. Syst." }
 @String{ZAngewMathMech = "Zeitschrift fur Angewandte Mathematik und
     Mechanik" }
 @String{ZAngewMathMech = "Z. Angew. Math. Mech." }
 @String{ZAngewMathPhys = "Zeitschrift fur Angewandte Mathematik und Physik" }
 @String{ZAngewMathPhys = "Z. Angew. Math. Phys." }

% Publishers % ================================================= |

 @String{Academic = "Academic Press" }
 @String{ACMPress = "{ACM} Press" }
 @String{AdamHilger = "Adam Hilger" }
 @String{AddisonWesley = "Addison-Wesley" }
 @String{AllynBacon = "Allyn and Bacon" }
 @String{AMS = "American Mathematical Society" }
 @String{Birkhauser = "Birkha{\"u}ser" }
 @String{CambridgePress = "Cambridge University Press" }
 @String{Chelsea = "Chelsea" }
 @String{ClaredonPress = "Claredon Press" }
 @String{DoverPub = "Dover Publications" }
 @String{Eyolles = "Eyolles" }
 @String{HoltRinehartWinston = "Holt, Rinehart and Winston" }
 @String{Interscience = "Interscience" }
 @String{JohnsHopkinsPress = "The Johns Hopkins University Press" }
 @String{JohnWileySons = "John Wiley and Sons" }
 @String{Macmillan = "Macmillan" }
 @String{MathWorks = "The Math Works Inc." }
 @String{McGrawHill = "McGraw-Hill" }
 @String{NatBurStd = "National Bureau of Standards" }
 @String{NorthHolland = "North-Holland" }
 @String{OxfordPress = "Oxford University Press" }  %address Oxford or London?
 @String{PergamonPress = "Pergamon Press" }
 @String{PlenumPress = "Plenum Press" }
 @String{PrenticeHall = "Prentice-Hall" }
 @String{SIAMPub = "{SIAM} Publications" }
 @String{Springer = "Springer-Verlag" }
 @String{TexasPress = "University of Texas Press" }
 @String{VanNostrand = "Van Nostrand" }
 @String{WHFreeman = "W. H. Freeman and Co." }

%Entries



@inproceedings{Boi_2024_VulnHunt-GPT,
  title = {{{VulnHunt-GPT}}: A {{Smart Contract}} Vulnerabilities Detector Based on {{OpenAI chatGPT}}},
  booktitle = {Proceedings of the {{ACM}}/{{SIGAPP Symposium}} on {{Applied Computing}} (SAC)},
  author = {Boi, Biagio and Esposito, Christian and Lee, Sokjoon},
  year = {2024},
  pages = {1517--1524}

}

@misc{Devlin_2019_BERT,
  title = {{{BERT}}: {{Pre-training}} of {{Deep Bidirectional Transformers}} for {{Language Understanding}}},
  author = {Devlin, Jacob and Chang, Ming-Wei and Lee, Kenton and Toutanova, Kristina},
  year = {2019},
  eprint = {1810.04805},
  archivePrefix={arXiv}
}

@misc{Du_2022_GLM,
  title = {{{GLM}}: {{General Language Model Pretraining}} with {{Autoregressive Blank Infilling}}},
  author = {Du, Zhengxiao and Qian, Yujie and Liu, Xiao and Ding, Ming and Qiu, Jiezhong and Yang, Zhilin and Tang, Jie},
  year = {2022},
  eprint = {2103.10360},
  archivePrefix={arXiv}
}

@misc{Gao_2024_Retrieval-Augmented,
  title = {Retrieval-{{Augmented Generation}} for {{Large Language Models}}: {{A Survey}}},
  author = {Gao, Yunfan and Xiong, Yun and Gao, Xinyu and Jia, Kangxiang and Pan, Jinliu and Bi, Yuxi and Dai, Yi and Sun, Jiawei and Wang, Meng and Wang, Haofen},
  year = {2024},
  eprint = {2312.10997},
  archivePrefix={arXiv}
}

@misc{Hambardzumyan_2022_Deepa,
  title = {Deep {{Lake}}: A {{Lakehouse}} for {{Deep Learning}}},
  author = {Hambardzumyan, Sasun and Tuli, Abhinav and Ghukasyan, Levon and Rahman, Fariz and Topchyan, Hrant and Isayan, David and McQuade, Mark and Harutyunyan, Mikayel and Hakobyan, Tatevik and Stranic, Ivo and Buniatyan, Davit},
  year = {2022},
  eprint = {2209.10785},
  archivePrefix={arXiv}
}


@article{Kasneci_2023_ChatGPT,
  title={ChatGPT for good? On opportunities and challenges of large language models for education},
  author={Kasneci, Enkelejda and Se{\ss}ler, Kathrin and K{\"u}chemann, Stefan and Bannert, Maria and Dementieva, Daryna and Fischer, Frank and Gasser, Urs and Groh, Georg and G{\"u}nnemann, Stephan and H{\"u}llermeier, Eyke and others},
  journal={Learning and individual differences},
  volume={103},
  pages={102274--102282},
  year={2023},
}

@inproceedings{Lewis_2020_Retrieval-Augmented,
  title = {Retrieval-{{Augmented Generation}} for {{Knowledge-Intensive NLP Tasks}}},
  booktitle = {Advances in {{Neural Information Processing Systems}}},
  author = {Lewis, Patrick and Perez, Ethan and Piktus, Aleksandra and Petroni, Fabio and Karpukhin, Vladimir and Goyal, Naman and Küttler, Heinrich and Lewis, Mike and Yih, Wen-tau and Rocktäschel, Tim and Riedel, Sebastian and Kiela, Douwe},
  year = {2020},
  volume = {33},
  pages = {9459--9474}
}

@misc{Liu_2024_PropertyGPT,
  title = {{{PropertyGPT}}: {{LLM-driven Formal Verification}} of {{Smart Contracts}} through {{Retrieval-Augmented Property Generation}}},
  author = {Liu, Ye and Xue, Yue and Wu, Daoyuan and Sun, Yuqiang and Li, Yi and Shi, Miaolei and Liu, Yang},
  year = {2024},
  eprint = {2405.02580},
  archivePrefix={arXiv}
}


@inproceedings{Napoli_2023_Evaluating,
  title={Evaluating ChatGPT for Smart Contracts Vulnerability Correction},
  author={Napoli, Emanuele Antonio and Gatteschi, Valentina},
  booktitle={Proceedings of the IEEE Annual Computers, Software, and Applications Conference (COMPSAC)},
  pages={1828--1833},
  year={2023}
}

@misc{Shou_2024_LLM4Fuzz,
  title = {{{LLM4Fuzz}}: {{Guided Fuzzing}} of {{Smart Contracts}} with {{Large Language Models}}},
  author = {Shou, Chaofan and Liu, Jing and Lu, Doudou and Sen, Koushik},
  year = {2024},
  eprint = {2401.11108},
  archivePrefix={arXiv}
}

@inproceedings{Storhaug_2023_Efficient,
  title = {Efficient {{Avoidance}} of {{Vulnerabilities}} in {{Auto-completed Smart Contract Code Using Vulnerability-constrained Decoding}}},
  booktitle = {Proceedings of the {{IEEE}} {{International Symposium}} on {{Software Reliability Engineering}} ({{ISSRE}})},
  author = {Storhaug, André and Li, Jingyue and Hu, Tianyuan},
  year = {2023},
  pages = {683--693}
}

@misc{Xia_2024_AuditGPT,
  title = {{{AuditGPT}}: {{Auditing Smart Contracts}} with {{ChatGPT}}},
  author = {Xia, Shihao and Shao, Shuai and He, Mengting and Yu, Tingting and Song, Linhai and Zhang, Yiying},
  year = {2024},
  eprint = {2404.04306},
  archivePrefix={arXiv}
}

@inproceedings{Yang_2024_Automated,
  title = {Automated {{Smart Contract Vulnerability Detection}} Using {{Fine-tuned Large Language Models}}},
  booktitle = {Proceedings of the {{International Conference}} on {{Blockchain Technology}} and {{Applications}} (ICBTA)},
  author = {Yang, Zhiju and Man, Gaoyuan and Yue, Songqing},
  year = {2024},
  pages = {19--23}
}



@misc{Zheng__TAKE,
      title={Take a Step Back: Evoking Reasoning via Abstraction in Large Language Models}, 
      author={Huaixiu Steven Zheng and Swaroop Mishra and Xinyun Chen and Heng-Tze Cheng and Ed H. Chi and Quoc V Le and Denny Zhou},
      year={2024},
      eprint={2310.06117},
      archivePrefix={arXiv}
}


@inproceedings{Chaliasos_2024_Smart,
  title = {Smart {{Contract}} and {{DeFi Security Tools}}: {{Do They Meet}} the {{Needs}} of {{Practitioners}}?},
  booktitle = {Proceedings of the {{IEEE}}/{{ACM}} {{International Conference}} on {{Software Engineering}} (ICSE)},
  author = {Chaliasos, Stefanos and Charalambous, Marcos Antonios and Zhou, Liyi and Galanopoulou, Rafaila and Gervais, Arthur and Mitropoulos, Dimitris and Livshits, Benjamin},
  year = {2024},
  pages = {1--13}
}


@article{Sharma_2023_review,
  title = {A Review of Smart Contract-Based Platforms, Applications, and Challenges},
  author = {Sharma, Pratima and Jindal, Rajni and Borah, Malaya Dutta},
  year = {2023},
  journal = {Cluster Computing},
  volume = {26},
  number = {1},
  pages = {395--421}
}


@article{zheng2023dappscan,
  title={Dappscan: building large-scale datasets for smart contract weaknesses in dapp projects},
  author={Zheng, Zibin and Su, Jianzhong and Chen, Jiachi and Lo, David and Zhong, Zhijie and Ye, Mingxi},
  journal={IEEE Transactions on Software Engineering},
  year={2024},
   volume={50},
  number={6},
  pages={1360-1373}
}

@ARTICLE{zheng2024dappscan,
  author={Zheng, Zibin and Su, Jianzhong and Chen, Jiachi and Lo, David and Zhong, Zhijie and Ye, Mingxi},
  journal={IEEE Transactions on Software Engineering}, 
  title={DAppSCAN: Building Large-Scale Datasets for Smart Contract Weaknesses in DApp Projects}, 
  year={2024},
  volume={50},
  number={6},
  pages={1360-1373},

}

@Inproceedings{DurieuxEtAl2020ICSE,
  title={Empirical Review of Automated Analysis Tools on 47,587 {Ethereum} Smart Contracts},
  author={Durieux, Thomas and Ferreira, Jo{\~a}o F. and Abreu, Rui and Cruz, Pedro},
  booktitle={Proceedings of the ACM/IEEE 42nd International conference on software engineering (ICSE)},
  pages={530--541},
  year={2020}
}


@inproceedings{Luu_2016_Making,
  title = {Making {{Smart Contracts Smarter}}},
  booktitle = {Proceedings of the {{ACM SIGSAC Conference}} on {{Computer}} and {{Communications Security}} (CCS)},
  author = {Luu, Loi and Chu, Duc-Hiep and Olickel, Hrishi and Saxena, Prateek and Hobor, Aquinas},
  year = {2016},
  pages = {254--269}
}


@inproceedings{Torres_2021_ConFuzzius,
  title = {{{ConFuzzius}}: {{A Data Dependency-Aware Hybrid Fuzzer}} for {{Smart Contracts}}},
  booktitle = {Proceedings of the {{IEEE European Symposium}} on {{Security}} and {{Privacy}} (EuroS\&P)},
  author = {Torres, Christof Ferreira and Iannillo, Antonio Ken and Gervais, Arthur and State, Radu},
  year = {2021},
  pages = {103--119},
}


@misc{wagner2018eip,
  author={Wagner, G},
  year={2018},
  title={Eip-1470: Smart contract weakness classification (SWC)},
  howpublished = {\url{https://github.com/ethereum/EIPs}},
  note = {Accessed: 2024-12-24}
}

@misc{slowmist,
  author = {SlowMist Zone},
  year = {2024},
  title = {SlowMist Hacked},
  howpublished = {\url{https://hacked.slowmist.io}},
  note = {Accessed: 2024-12-24}
}

@misc{mythril,
  author = {Mythril},
  year = {2024},
  title = {Mythril},
  howpublished = {\url{https://mythril-classic.readthedocs.io/}},
  note = {Accessed: 2024-12-24}
}

@misc{VelosoConkas,
  author = {Veloso, Nuno},
  year = {2024},
  title = {Conkas: {{A Modular}} and {{Static Analysis Tool}} for {{Ethereum Bytecode}}},
  howpublished = {\url{https://github.com/nveloso/conkas/}},
  note = {Accessed: 2024-12-24}
}


@inproceedings{li2024cobra,
  title={COBRA: Interaction-Aware Bytecode-Level Vulnerability Detector for Smart Contracts},
  author={Li, Wenkai and Li, Xiaoqi and Li, Zongwei and Zhang, Yuqing},
  booktitle={Proceedings of the 39th IEEE/ACM International Conference on Automated Software Engineering (ASE)},
  pages={1358--1369},
  year={2024}
}

@inproceedings{kong2024characterizing,
  title={Characterizing the Solana NFT Ecosystem},
  author={Kong, Dechao and Li, Xiaoqi and Li, Wenkai},
  booktitle={Companion Proceedings of the ACM on Web Conference (WWW)},
  pages={766--769},
  year={2024}
}

@inproceedings{niu2024unveiling,
  title={Unveiling Wash Trading in Popular NFT Markets},
  author={Niu, Yuanzheng and Li, Xiaoqi and Peng, Hongli and Li, Wenkai},
  booktitle={Companion Proceedings of the ACM on Web Conference (WWW)},
  pages={730--733},
  year={2024}
}

@article{li2023overview,
  title={An overview of AI and blockchain integration for privacy-preserving},
  author={Li, Zongwei and Kong, Dechao and Niu, Yuanzheng and Peng, Hongli and Li, Xiaoqi and Li, Wenkai},
  journal={arXiv preprint arXiv:2305.03928},
  year={2023}
}

@inproceedings{li2024stateguard,
  title={StateGuard: Detecting State Derailment Defects in Decentralized Exchange Smart Contract},
  author={Li, Zongwei and Li, Wenkai and Li, Xiaoqi and Zhang, Yuqing},
  booktitle={Companion Proceedings of the ACM on Web Conference (WWW)},
  pages={810--813},
  year={2024}
}

@inproceedings{li2024defitail,
  title={DeFiTail: DeFi Protocol Inspection through Cross-Contract Execution Analysis},
  author={Li, Wenkai and Li, Xiaoqi and Zhang, Yuqing and Li, Zongwei},
  booktitle={Companion Proceedings of the ACM on Web Conference (WWW)},
  pages={786--789},
  year={2024}
}

@article{mao2024scla,
  title={SCLA: Automated Smart Contract Summarization via LLMs and Semantic Augmentation},
  author={Mao, Yingjie and Li, Xiaoqi and Li, Wenkai and Wang, Xin and Xie, Lei},
  journal={arXiv preprint arXiv:2402.04863},
  year={2024}
}

@inproceedings{li2020characterizing,
  title={Characterizing erasable accounts in ethereum},
  author={Li, Xiaoqi and Chen, Ting and Luo, Xiapu and Yu, Jiangshan},
 booktitle={Proceedings of the 23rd International Conference on Information Security (ISC)},
  pages={352--371},
  year={2020}
}

@article{li2024guardians,
  title={Guardians of the ledger: Protecting decentralized exchanges from state derailment defects},
  author={Li, Zongwei and Li, Wenkai and Li, Xiaoqi and Zhang, Yuqing},
  journal={IEEE Transactions on Reliability},
  year={2024}
}