@misc{Liu_2024_PropertyGPT,
  title = {{{PropertyGPT}}: {{LLM-driven Formal Verification}} of {{Smart Contracts}} through {{Retrieval-Augmented Property Generation}}},
  author = {Liu, Ye and Xue, Yue and Wu, Daoyuan and Sun, Yuqiang and Li, Yi and Shi, Miaolei and Liu, Yang},
  year = {2024},
  eprint = {2405.02580},
  archivePrefix={arXiv}
}

@inproceedings{Napoli_2023_Evaluating,
  title={Evaluating ChatGPT for Smart Contracts Vulnerability Correction},
  author={Napoli, Emanuele Antonio and Gatteschi, Valentina},
  booktitle={Proceedings of the IEEE Annual Computers, Software, and Applications Conference (COMPSAC)},
  pages={1828--1833},
  year={2023}
}

@misc{Shou_2024_LLM4Fuzz,
  title = {{{LLM4Fuzz}}: {{Guided Fuzzing}} of {{Smart Contracts}} with {{Large Language Models}}},
  author = {Shou, Chaofan and Liu, Jing and Lu, Doudou and Sen, Koushik},
  year = {2024},
  eprint = {2401.11108},
  archivePrefix={arXiv}
}

@inproceedings{Storhaug_2023_Efficient,
  title = {Efficient {{Avoidance}} of {{Vulnerabilities}} in {{Auto-completed Smart Contract Code Using Vulnerability-constrained Decoding}}},
  booktitle = {Proceedings of the {{IEEE}} {{International Symposium}} on {{Software Reliability Engineering}} ({{ISSRE}})},
  author = {Storhaug, Andr√© and Li, Jingyue and Hu, Tianyuan},
  year = {2023},
  pages = {683--693}
}

@misc{Xia_2024_AuditGPT,
  title = {{{AuditGPT}}: {{Auditing Smart Contracts}} with {{ChatGPT}}},
  author = {Xia, Shihao and Shao, Shuai and He, Mengting and Yu, Tingting and Song, Linhai and Zhang, Yiying},
  year = {2024},
  eprint = {2404.04306},
  archivePrefix={arXiv}
}

@inproceedings{Yang_2024_Automated,
  title = {Automated {{Smart Contract Vulnerability Detection}} Using {{Fine-tuned Large Language Models}}},
  booktitle = {Proceedings of the {{International Conference}} on {{Blockchain Technology}} and {{Applications}} (ICBTA)},
  author = {Yang, Zhiju and Man, Gaoyuan and Yue, Songqing},
  year = {2024},
  pages = {19--23}
}

@inproceedings{li2024defitail,
  title={DeFiTail: DeFi Protocol Inspection through Cross-Contract Execution Analysis},
  author={Li, Wenkai and Li, Xiaoqi and Zhang, Yuqing and Li, Zongwei},
  booktitle={Companion Proceedings of the ACM on Web Conference (WWW)},
  pages={786--789},
  year={2024}
}

