@article{E-GSM2024Xu,
  title={Can LLMs Solve longer Math Word Problems Better?},
  author={Xu, Xin and Xiao, Tong and Chao, Zitong and Huang, Zhenya and Yang, Can and Wang, Yang},
  journal={arXiv preprint arXiv:2405.14804},
  year={2024}
}

@misc{brown2024large,
  title = {Large Language Monkeys: Scaling Inference Compute with Repeated Sampling},
  shorttitle = {Large Language Monkeys},
  author = {Brown, Bradley and Juravsky, Jordan and Ehrlich, Ryan and Clark, Ronald and Le, Quoc V. and R{\'e}, Christopher and Mirhoseini, Azalia},
  year = {2024},
  month = jul,
  number = {arXiv:2407.21787},
  primaryclass = {cs},
  publisher = {arXiv},
  urldate = {2024-08-01},
  archiveprefix = {arXiv},
  langid = {english}
}

@misc{chen2024alphamath,
  title = {AlphaMath Almost Zero: Process Supervision without Process},
  shorttitle = {AlphaMath Almost Zero},
  author = {Chen, Guoxin and Liao, Minpeng and Li, Chengxi and Fan, Kai},
  year = {2024},
  month = sep,
  number = {arXiv:2405.03553},
  primaryclass = {cs},
  publisher = {arXiv},
  doi = {10.48550/arXiv.2405.03553},
  urldate = {2025-01-15},
  archiveprefix = {arXiv}
}

@misc{ding2024unleashing,
  title = {Unleashing Reasoning Capability of LLMs via Scalable Question Synthesis from Scratch},
  author = {Ding, Yuyang and Shi, Xinyu and Liang, Xiaobo and Li, Juntao and Zhu, Qiaoming and Zhang, Min},
  year = {2024},
  month = oct,
  number = {arXiv:2410.18693},
  primaryclass = {cs},
  publisher = {arXiv},
  doi = {10.48550/arXiv.2410.18693},
  urldate = {2025-01-15},
  archiveprefix = {arXiv}
}

@misc{feng2024alphazerolike,
  title = {Alphazero-like Tree-Search Can Guide Large Language Model Decoding and Training},
  author = {Feng, Xidong and Wan, Ziyu and Wen, Muning and McAleer, Stephen Marcus and Wen, Ying and Zhang, Weinan and Wang, Jun},
  year = {2024},
  month = feb,
  number = {arXiv:2309.17179},
  primaryclass = {cs},
  publisher = {arXiv},
  doi = {10.48550/arXiv.2309.17179},
  urldate = {2025-01-15},
  archiveprefix = {arXiv}
}

@misc{guan2025rstarmath,
  title = {rStar-Math: Small LLMs Can Master Math Reasoning with Self-Evolved Deep Thinking},
  shorttitle = {rStar-Math},
  author = {Guan, Xinyu and Zhang, Li Lyna and Liu, Yifei and Shang, Ning and Sun, Youran and Zhu, Yi and Yang, Fan and Yang, Mao},
  year = {2025},
  month = jan,
  number = {arXiv:2501.04519},
  primaryclass = {cs},
  publisher = {arXiv},
  doi = {10.48550/arXiv.2501.04519},
  urldate = {2025-01-15},
  archiveprefix = {arXiv}
}

@misc{hoffmann2022training,
  title = {Training Compute-Optimal Large Language Models},
  author = {Hoffmann, Jordan and Borgeaud, Sebastian and Mensch, Arthur and Buchatskaya, Elena and Cai, Trevor and Rutherford, Eliza and Casas, Diego de Las and Hendricks, Lisa Anne and Welbl, Johannes and Clark, Aidan and Hennigan, Tom and Noland, Eric and Millican, Katie and van den Driessche, George and Damoc, Bogdan and Guy, Aurelia and Osindero, Simon and Simonyan, Karen and Elsen, Erich and Rae, Jack W. and Vinyals, Oriol and Sifre, Laurent},
  year = {2022},
  month = mar,
  number = {arXiv:2203.15556},
  primaryclass = {cs},
  publisher = {arXiv},
  doi = {10.48550/arXiv.2203.15556},
  urldate = {2025-01-15},
  archiveprefix = {arXiv}
}

@misc{jin2024impact,
  title = {The Impact of Reasoning Step Length on Large Language Models},
  author = {Jin, Mingyu and Yu, Qinkai and Shu, Dong and Zhao, Haiyan and Hua, Wenyue and Meng, Yanda and Zhang, Yongfeng and Du, Mengnan},
  year = {2024},
  month = jun,
  number = {arXiv:2401.04925},
  primaryclass = {cs},
  publisher = {arXiv},
  doi = {10.48550/arXiv.2401.04925},
  urldate = {2025-01-15},
  archiveprefix = {arXiv}
}

@misc{lightman2023lets,
  title = {Let's Verify Step by Step},
  author = {Lightman, Hunter and Kosaraju, Vineet and Burda, Yura and Edwards, Harri and Baker, Bowen and Lee, Teddy and Leike, Jan and Schulman, John and Sutskever, Ilya and Cobbe, Karl},
  year = {2023},
  month = may,
  number = {arXiv:2305.20050},
  primaryclass = {cs},
  publisher = {arXiv},
  urldate = {2024-04-22},
  archiveprefix = {arXiv}
}

@misc{paster2023openwebmatha,
  title = {OpenWebMath: An Open Dataset of High-Quality Mathematical Web Text},
  shorttitle = {OpenWebMath},
  author = {Paster, Keiran and Santos, Marco Dos and Azerbayev, Zhangir and Ba, Jimmy},
  year = {2023},
  month = oct,
  number = {arXiv:2310.06786},
  primaryclass = {cs},
  publisher = {arXiv},
  doi = {10.48550/arXiv.2310.06786},
  urldate = {2025-01-15},
  archiveprefix = {arXiv}
}

@article{pds2024xu,
  title={Can We Verify Step by Step for Incorrect Answer Detection?},
  author={Xu, Xin and Diao, Shizhe and Yang, Can and Wang, Yang},
  journal={arXiv preprint arXiv:2402.10528},
  year={2024}
}

@misc{snell2024scaling,
  title = {Scaling LLM Test-Time Compute Optimally Can Be More Effective than Scaling Model Parameters},
  author = {Snell, Charlie and Lee, Jaehoon and Xu, Kelvin and Kumar, Aviral},
  year = {2024},
  month = aug,
  number = {arXiv:2408.03314},
  primaryclass = {cs},
  publisher = {arXiv},
  doi = {10.48550/arXiv.2408.03314},
  urldate = {2025-01-15},
  archiveprefix = {arXiv}
}

@misc{wang2023planandsolve,
  title = {Plan-and-Solve Prompting: Improving Zero-Shot Chain-of-Thought Reasoning by Large Language Models},
  shorttitle = {Plan-and-Solve Prompting},
  author = {Wang, Lei and Xu, Wanyu and Lan, Yihuai and Hu, Zhiqiang and Lan, Yunshi and Lee, Roy Ka-Wei and Lim, Ee-Peng},
  year = {2023},
  month = may,
  number = {arXiv:2305.04091},
  primaryclass = {cs},
  publisher = {arXiv},
  doi = {10.48550/arXiv.2305.04091},
  urldate = {2025-01-15},
  archiveprefix = {arXiv}
}

@misc{wang2023selfconsistency,
  title = {Self-Consistency Improves Chain of Thought Reasoning in Language Models},
  author = {Wang, Xuezhi and Wei, Jason and Schuurmans, Dale and Le, Quoc and Chi, Ed and Narang, Sharan and Chowdhery, Aakanksha and Zhou, Denny},
  year = {2023},
  month = mar,
  number = {arXiv:2203.11171},
  primaryclass = {cs},
  publisher = {arXiv},
  doi = {10.48550/arXiv.2203.11171},
  urldate = {2024-08-13},
  archiveprefix = {arXiv}
}

@misc{wang2024mathshepherd,
  title = {Math-Shepherd: Verify and Reinforce LLMs Step-by-Step without Human Annotations},
  shorttitle = {Math-Shepherd},
  author = {Wang, Peiyi and Li, Lei and Shao, Zhihong and Xu, R. X. and Dai, Damai and Li, Yifei and Chen, Deli and Wu, Y. and Sui, Zhifang},
  year = {2024},
  month = feb,
  number = {arXiv:2312.08935},
  primaryclass = {cs},
  publisher = {arXiv},
  urldate = {2024-04-22},
  archiveprefix = {arXiv}
}

@misc{wei2023chainofthought,
  title = {Chain-of-Thought Prompting Elicits Reasoning in Large Language Models},
  author = {Wei, Jason and Wang, Xuezhi and Schuurmans, Dale and Bosma, Maarten and Ichter, Brian and Xia, Fei and Chi, Ed and Le, Quoc and Zhou, Denny},
  year = {2023},
  month = jan,
  number = {arXiv:2201.11903},
  primaryclass = {cs},
  publisher = {arXiv},
  urldate = {2024-04-22},
  archiveprefix = {arXiv}
}

@misc{yan2024s$^3$cmath,
  title = {S\${\textasciicircum}3\$c-Math: Spontaneous Step-Level Self-Correction Makes Large Language Models Better Mathematical Reasoners},
  shorttitle = {S\${\textasciicircum}3\$c-Math},
  author = {Yan, Yuchen and Jiang, Jin and Liu, Yang and Cao, Yixin and Xu, Xin and {zhang}, Mengdi and Cai, Xunliang and Shao, Jian},
  year = {2024},
  month = sep,
  number = {arXiv:2409.01524},
  primaryclass = {cs},
  publisher = {arXiv},
  doi = {10.48550/arXiv.2409.01524},
  urldate = {2025-01-15},
  archiveprefix = {arXiv}
}

@misc{ying2024internlmmatha,
  title = {InternLM-Math: Open Math Large Language Models Toward Verifiable Reasoning},
  shorttitle = {InternLM-Math},
  author = {Ying, Huaiyuan and Zhang, Shuo and Li, Linyang and Zhou, Zhejian and Shao, Yunfan and Fei, Zhaoye and Ma, Yichuan and Hong, Jiawei and Liu, Kuikun and Wang, Ziyi and Wang, Yudong and Wu, Zijian and Li, Shuaibin and Zhou, Fengzhe and Liu, Hongwei and Zhang, Songyang and Zhang, Wenwei and Yan, Hang and Qiu, Xipeng and Wang, Jiayu and Chen, Kai and Lin, Dahua},
  year = {2024},
  month = may,
  number = {arXiv:2402.06332},
  primaryclass = {cs},
  publisher = {arXiv},
  doi = {10.48550/arXiv.2402.06332},
  urldate = {2025-01-15},
  archiveprefix = {arXiv}
}

@misc{zhang2024autonomous,
  title = {Autonomous Data Selection with Language Models for Mathematical Texts},
  author = {Zhang, Yifan and Luo, Yifan and Yuan, Yang and Yao, Andrew Chi-Chih},
  year = {2024},
  month = oct,
  number = {arXiv:2402.07625},
  primaryclass = {cs},
  publisher = {arXiv},
  doi = {10.48550/arXiv.2402.07625},
  urldate = {2025-01-15},
  archiveprefix = {arXiv}
}

@misc{zhang2025lessons,
  title = {The Lessons of Developing Process Reward Models in Mathematical Reasoning},
  author = {Zhang, Zhenru and Zheng, Chujie and Wu, Yangzhen and Zhang, Beichen and Lin, Runji and Yu, Bowen and Liu, Dayiheng and Zhou, Jingren and Lin, Junyang},
  year = {2025},
  month = jan,
  number = {arXiv:2501.07301},
  primaryclass = {cs},
  publisher = {arXiv},
  doi = {10.48550/arXiv.2501.07301},
  urldate = {2025-01-15},
  archiveprefix = {arXiv}
}

@misc{zhou2024jiuzhang30,
  title = {JiuZhang3.0: Efficiently Improving Mathematical Reasoning by Training Small Data Synthesis Models},
  shorttitle = {JiuZhang3.0},
  author = {Zhou, Kun and Zhang, Beichen and Wang, Jiapeng and Chen, Zhipeng and Zhao, Wayne Xin and Sha, Jing and Sheng, Zhichao and Wang, Shijin and Wen, Ji-Rong},
  year = {2024},
  month = may,
  number = {arXiv:2405.14365},
  primaryclass = {cs},
  publisher = {arXiv},
  doi = {10.48550/arXiv.2405.14365},
  urldate = {2024-06-24},
  archiveprefix = {arXiv}
}

