@inproceedings{bagdasaryan2020backdoor,
  title={How to backdoor federated learning},
  author={Bagdasaryan, Eugene and Veit, Andreas and Hua, Yiqing and Estrin, Deborah and Shmatikov, Vitaly},
  booktitle={International conference on artificial intelligence and statistics},
  pages={2938--2948},
  year={2020},
  organization={PMLR}
}

@incollection{baracaldo2022protecting,
  title={Protecting against data leakage in federated learning: What approach should you choose?},
  author={Baracaldo, Nathalie and Xu, Runhua},
  booktitle={Federated Learning: A Comprehensive Overview of Methods and Applications},
  pages={281--312},
  year={2022},
  publisher={Springer}
}

@article{baruch2019little,
  title={A little is enough: Circumventing defenses for distributed learning},
  author={Baruch, Gilad and Baruch, Moran and Goldberg, Yoav},
  journal={Advances in Neural Information Processing Systems},
  volume={32},
  year={2019}
}

@article{blanchard2017machine,
  title={Machine learning with adversaries: Byzantine tolerant gradient descent},
  author={Blanchard, Peva and El Mhamdi, El Mahdi and Guerraoui, Rachid and Stainer, Julien},
  journal={Advances in neural information processing systems},
  volume={30},
  year={2017}
}

@inproceedings{bonawitz2017practical,
  title={Practical secure aggregation for privacy-preserving machine learning},
  author={Bonawitz, Keith and Ivanov, Vladimir and Kreuter, Ben and Marcedone, Antonio and McMahan, H Brendan and Patel, Sarvar and Ramage, Daniel and Segal, Aaron and Seth, Karn},
  booktitle={proceedings of the 2017 ACM SIGSAC Conference on Computer and Communications Security},
  pages={1175--1191},
  year={2017}
}

@article{dong2023privacy,
  title={Privacy-preserving and byzantine-robust federated learning},
  author={Dong, Caiqin and Weng, Jian and Li, Ming and Liu, Jia-Nan and Liu, Zhiquan and Cheng, Yudan and Yu, Shui},
  journal={IEEE Transactions on Dependable and Secure Computing},
  year={2023},
  publisher={IEEE}
}

@article{geiping2020inverting,
  title={Inverting gradients-how easy is it to break privacy in federated learning?},
  author={Geiping, Jonas and Bauermeister, Hartmut and Dr{\"o}ge, Hannah and Moeller, Michael},
  journal={Advances in neural information processing systems},
  volume={33},
  pages={16937--16947},
  year={2020}
}

@inproceedings{hossain2021desmp,
  title={Desmp: Differential privacy-exploited stealthy model poisoning attacks in federated learning},
  author={Hossain, Md Tamjid and Islam, Shafkat and Badsha, Shahriar and Shen, Haoting},
  booktitle={2021 17th International Conference on Mobility, Sensing and Networking (MSN)},
  pages={167--174},
  year={2021},
  organization={IEEE}
}

@article{huang2021evaluating,
  title={Evaluating gradient inversion attacks and defenses in federated learning},
  author={Huang, Yangsibo and Gupta, Samyak and Song, Zhao and Li, Kai and Arora, Sanjeev},
  journal={Advances in Neural Information Processing Systems},
  volume={34},
  pages={7232--7241},
  year={2021}
}

@article{huang2024vppfl,
  title={VPPFL: A verifiable privacy-preserving federated learning scheme against poisoning attacks},
  author={Huang, Yuxian and Yang, Geng and Zhou, Hao and Dai, Hua and Yuan, Dong and Yu, Shui},
  journal={Computers \& Security},
  volume={136},
  pages={103562},
  year={2024},
  publisher={Elsevier}
}

@article{jiang2020mitigating,
  title={Mitigating sybil attacks on differential privacy based federated learning},
  author={Jiang, Yupeng and Li, Yong and Zhou, Yipeng and Zheng, Xi},
  journal={arXiv preprint arXiv:2010.10572},
  year={2020}
}

@article{konecny2016federated,
  title={Federated learning: Strategies for improving communication efficiency},
  author={Konecn{\`y}, Jakub and McMahan, H Brendan and Yu, Felix X and Richt{\'a}rik, Peter and Suresh, Ananda Theertha and Bacon, Dave},
  journal={arXiv preprint arXiv:1610.05492},
  volume={8},
  year={2016}
}

@article{li2024efficiently,
  title={Efficiently Achieving Privacy Preservation and Poisoning Attack Resistance in Federated Learning},
  author={Li, Xueyang and Yang, Xue and Zhou, Zhengchun and Lu, Rongxing},
  journal={IEEE Transactions on Information Forensics and Security},
  year={2024},
  publisher={IEEE}
}

@incollection{liu2019secure,
  title={Secure model fusion for distributed learning using partial homomorphic encryption},
  author={Liu, Changchang and Chakraborty, Supriyo and Verma, Dinesh},
  booktitle={Policy-Based Autonomic Data Governance},
  pages={154--179},
  year={2019},
  publisher={Springer}
}

@article{ma2022shieldfl,
  title={ShieldFL: Mitigating model poisoning attacks in privacy-preserving federated learning},
  author={Ma, Zhuoran and Ma, Jianfeng and Miao, Yinbin and Li, Yingjiu and Deng, Robert H},
  journal={IEEE Transactions on Information Forensics and Security},
  volume={17},
  pages={1639--1654},
  year={2022},
  publisher={IEEE}
}

@inproceedings{nasr2019comprehensive,
  title={Comprehensive privacy analysis of deep learning: Passive and active white-box inference attacks against centralized and federated learning},
  author={Nasr, Milad and Shokri, Reza and Houmansadr, Amir},
  booktitle={2019 IEEE symposium on security and privacy (SP)},
  pages={739--753},
  year={2019},
  organization={IEEE}
}

@inproceedings{shokri2017membership,
  title={Membership inference attacks against machine learning models},
  author={Shokri, Reza and Stronati, Marco and Song, Congzheng and Shmatikov, Vitaly},
  booktitle={IEEE S\&P'17},
  pages={3--18},
  year={2017},
  organization={IEEE}
}

@article{sun2019can,
  title={Can you really backdoor federated learning?},
  author={Sun, Ziteng and Kairouz, Peter and Suresh, Ananda Theertha and McMahan, H Brendan},
  journal={arXiv preprint arXiv:1911.07963},
  year={2019}
}

@article{sun2021fl,
  title={Fl-wbc: Enhancing robustness against model poisoning attacks in federated learning from a client perspective},
  author={Sun, Jingwei and Li, Ang and DiValentin, Louis and Hassanzadeh, Amin and Chen, Yiran and Li, Hai},
  journal={Advances in Neural Information Processing Systems},
  volume={34},
  pages={12613--12624},
  year={2021}
}

@inproceedings{truex2019hybrid,
  title={A hybrid approach to privacy-preserving federated learning},
  author={Truex, Stacey and Baracaldo, Nathalie and Anwar, Ali and Steinke, Thomas and Ludwig, Heiko and Zhang, Rui and Zhou, Yi},
  booktitle={ACM AISec'19},
  pages={1--11},
  year={2019}
}

@inproceedings{xie2020fall,
  title={Fall of empires: Breaking byzantine-tolerant sgd by inner product manipulation},
  author={Xie, Cong and Koyejo, Oluwasanmi and Gupta, Indranil},
  booktitle={Uncertainty in Artificial Intelligence},
  pages={261--270},
  year={2020},
  organization={PMLR}
}

@inproceedings{xu2019hybridalpha,
  title={Hybridalpha: An efficient approach for privacy-preserving federated learning},
  author={Xu, Runhua and Baracaldo, Nathalie and Zhou, Yi and Anwar, Ali and Ludwig, Heiko},
  booktitle={ACM AISec'19},
  pages={13--23},
  year={2019}
}

@inproceedings{yaldiz2023secure,
  title={Secure Federated Learning against Model Poisoning Attacks via Client Filtering},
  author={Yaldiz, Duygu Nur and Zhang, Tuo and Avestimehr, Salman},
  booktitle={ICLR 2023 Workshop on Backdoor Attacks and Defenses in Machine Learning},
  year={2023}
}

@article{yang2023model,
  title={Model poisoning attack in differential privacy-based federated learning},
  author={Yang, Ming and Cheng, Hang and Chen, Fei and Liu, Ximeng and Wang, Meiqing and Li, Xibin},
  journal={Information Sciences},
  volume={630},
  pages={158--172},
  year={2023},
  publisher={Elsevier}
}

@inproceedings{yin2018byzantine,
  title={Byzantine-robust distributed learning: Towards optimal statistical rates},
  author={Yin, Dong and Chen, Yudong and Kannan, Ramchandran and Bartlett, Peter},
  booktitle={International Conference on Machine Learning},
  pages={5650--5659},
  year={2018},
  organization={Pmlr}
}

@inproceedings{zhang2020batchcrypt,
  title={Batchcrypt: Efficient homomorphic encryption for cross-silo federated learning},
  author={Zhang, Chengliang and Li, Suyi and Xia, Junzhe and Wang, Wei and Yan, Feng and Liu, Yang},
  booktitle={USENIX ATC'20)},
  pages={493--506},
  year={2020}
}

@article{zhang2023safelearning,
  title={Safelearning: Secure aggregation in federated learning with backdoor detectability},
  author={Zhang, Zhuosheng and Li, Jiarui and Yu, Shucheng and Makaya, Christian},
  journal={IEEE Transactions on Information Forensics and Security},
  year={2023},
  publisher={IEEE}
}

