@misc{mcduff2023accuratedifferentialdiagnosislarge,
      title={Towards Accurate Differential Diagnosis with Large Language Models}, 
      author={Daniel McDuff and Mike Schaekermann and Tao Tu and Anil Palepu and Amy Wang and Jake Garrison and Karan Singhal and Yash Sharma and Shekoofeh Azizi and Kavita Kulkarni and Le Hou and Yong Cheng and Yun Liu and S Sara Mahdavi and Sushant Prakash and Anupam Pathak and Christopher Semturs and Shwetak Patel and Dale R Webster and Ewa Dominowska and Juraj Gottweis and Joelle Barral and Katherine Chou and Greg S Corrado and Yossi Matias and Jake Sunshine and Alan Karthikesalingam and Vivek Natarajan},
      year={2023},
      eprint={2312.00164},
      archivePrefix={arXiv},
      primaryClass={cs.CY},
      url={https://arxiv.org/abs/2312.00164}, 
}

@misc{nori2023generalistfoundationmodelsoutcompete,
      title={Can Generalist Foundation Models Outcompete Special-Purpose Tuning? Case Study in Medicine}, 
      author={Harsha Nori and Yin Tat Lee and Sheng Zhang and Dean Carignan and Richard Edgar and Nicolo Fusi and Nicholas King and Jonathan Larson and Yuanzhi Li and Weishung Liu and Renqian Luo and Scott Mayer McKinney and Robert Osazuwa Ness and Hoifung Poon and Tao Qin and Naoto Usuyama and Chris White and Eric Horvitz},
      year={2023},
      eprint={2311.16452},
      archivePrefix={arXiv},
      primaryClass={cs.CL},
      url={https://arxiv.org/abs/2311.16452}, 
}

@misc{saab2024capabilitiesgeminimodelsmedicine,
  title={Capabilities of Gemini Models in Medicine},
  author={Khaled Saab and Tao Tu and Wei-Hung Weng and Ryutaro Tanno and David Stutz and Ellery Wulczyn and Fan Zhang and Tim Strother and Chunjong Park and Elahe Vedadi and Juanma Zambrano Chaves and Szu-Yeu Hu and Mike Schaekermann and Aishwarya Kamath and Yong Cheng and David G. T. Barrett and Cathy Cheung and Basil Mustafa and Anil Palepu and Daniel McDuff and Le Hou and Tomer Golany and Luyang Liu and Jean-baptiste Alayrac and Neil Houlsby and Nenad Tomasev and Jan Freyberg and Charles Lau and Jonas Kemp and Jeremy Lai and Shekoofeh Azizi and Kimberly Kanada and SiWai Man and Kavita Kulkarni and Ruoxi Sun and Siamak Shakeri and Luheng He and Ben Caine and Albert Webson and Natasha Latysheva and Melvin Johnson and Philip Mansfield and Jian Lu and Ehud Rivlin and Jesper Anderson and Bradley Green and Renee Wong and Jonathan Krause and Jonathon Shlens and Ewa Dominowska and S. M. Ali Eslami and Katherine Chou and Claire Cui and Oriol Vinyals and Koray Kavukcuoglu and James Manyika and Jeff Dean and Demis Hassabis and Yossi Matias and Dale Webster and Joelle Barral and Greg Corrado and Christopher Semturs and S. Sara Mahdavi and Juraj Gottweis and Alan Karthikesalingam and Vivek Natarajan},
  year={2024},
  eprint={2404.18416},
  archivePrefix={arXiv},
  primaryClass={cs.AI},
  url={https://arxiv.org/abs/2404.18416}
}

@misc{jeong2024olaphimprovingfactualitybiomedical,
      title={OLAPH: Improving Factuality in Biomedical Long-form Question Answering}, 
      author={Minbyul Jeong and Hyeon Hwang and Chanwoong Yoon and Taewhoo Lee and Jaewoo Kang},
      year={2024},
      eprint={2405.12701},
      archivePrefix={arXiv},
      primaryClass={cs.CL},
      url={https://arxiv.org/abs/2405.12701}, 
}

@misc{chen2023meditron70bscalingmedicalpretraining,
      title={MEDITRON-70B: Scaling Medical Pretraining for Large Language Models}, 
      author={Zeming Chen and Alejandro Hernández Cano and Angelika Romanou and Antoine Bonnet and Kyle Matoba and Francesco Salvi and Matteo Pagliardini and Simin Fan and Andreas Köpf and Amirkeivan Mohtashami and Alexandre Sallinen and Alireza Sakhaeirad and Vinitra Swamy and Igor Krawczuk and Deniz Bayazit and Axel Marmet and Syrielle Montariol and Mary-Anne Hartley and Martin Jaggi and Antoine Bosselut},
      year={2023},
      eprint={2311.16079},
      archivePrefix={arXiv},
      primaryClass={cs.CL},
      url={https://arxiv.org/abs/2311.16079}, 
}

@article{Zhang_2024,
   title={A generalist vision–language foundation model for diverse biomedical tasks},
   volume={30},
   ISSN={1546-170X},
   url={http://dx.doi.org/10.1038/s41591-024-03185-2},
   DOI={10.1038/s41591-024-03185-2},
   number={11},
   journal={Nature Medicine},
   publisher={Springer Science and Business Media LLC},
   author={Zhang, Kai and Zhou, Rong and Adhikarla, Eashan and Yan, Zhiling and Liu, Yixin and Yu, Jun and Liu, Zhengliang and Chen, Xun and Davison, Brian D. and Ren, Hui and Huang, Jing and Chen, Chen and Zhou, Yuyin and Fu, Sunyang and Liu, Wei and Liu, Tianming and Li, Xiang and Chen, Yong and He, Lifang and Zou, James and Li, Quanzheng and Liu, Hongfang and Sun, Lichao},
   year={2024},
   month=aug, pages={3129–3141} }


@article{Luo_2022,
   title={BioGPT: generative pre-trained transformer for biomedical text generation and mining},
   volume={23},
   ISSN={1477-4054},
   url={http://dx.doi.org/10.1093/bib/bbac409},
   DOI={10.1093/bib/bbac409},
   number={6},
   journal={Briefings in Bioinformatics},
   publisher={Oxford University Press (OUP)},
   author={Luo, Renqian and Sun, Liai and Xia, Yingce and Qin, Tao and Zhang, Sheng and Poon, Hoifung and Liu, Tie-Yan},
   year={2022},
   month=sep }


@article{Singhal2023,
   title={Large language models encode clinical knowledge},
   author={Singhal, Karan and Azizi, Shekoofeh and Tu, Tao and Mahdavi, S. Sara and Wei, Jason and Chung, Hyung Won and Scales, Nathan and Tanwani, Ajay and Cole-Lewis, Heather and Pfohl, Stephen and Payne, Perry and Seneviratne, Martin and Gamble, Paul and Kelly, Chris and Babiker, Abubakr and Schärli, Nathanael and Chowdhery, Aakanksha and Mansfield, Philip and Demner-Fushman, Dina and Agüera y Arcas, Blaise and Webster, Dale and Corrado, Greg S. and Matias, Yossi and Chou, Katherine and Gottweis, Juraj and Tomasev, Nenad and Liu, Yun and Rajkomar, Alvin and Barral, Joelle and Semturs, Christopher and Karthikesalingam, Alan and Natarajan, Vivek},
   year={2023},
   month=aug,
   journal={Nature},
   volume={620},
   number={7972},
   pages={172--180},
   ISSN={1476-4687},
   DOI={10.1038/s41586-023-06291-2},
   url={https://doi.org/10.1038/s41586-023-06291-2}
}


@misc{jin2020diseasedoespatienthave,
title={What Disease does this Patient Have? A Large-scale Open Domain Question Answering Dataset from Medical Exams},
author={Di Jin and Eileen Pan and Nassim Oufattole and Wei-Hung Weng and Hanyi Fang and Peter Szolovits},
year={2020},
eprint={2009.13081},
archivePrefix={arXiv},
primaryClass={cs.CL},
url={https://arxiv.org/abs/2009.13081},
}


@inproceedings{LiveMedQA2017,
   author    = {Asma Ben Abacha and Eugene Agichtein and Yuval Pinter and Dina Demner-Fushman}, 
   title     = {Overview of the Medical Question Answering Task at {TREC} 2017 {LiveQA}}, 
   booktitle = {Proceedings of the Text REtrieval Conference (TREC) 2017}, 
   year      = {2017},
   publisher = {National Institute of Standards and Technology (NIST)}
}

@inproceedings{MedicationQA,
   title={Bridging the Gap Between Consumers' Medication Questions and Trusted Answers}, 
   author={Asma Ben Abacha and Yassine Mrabet and Mark Sharp and Travis Goodwin and Sonya E. Shooshan and Dina Demner-Fushman},    
   booktitle={Proceedings of the 17th World Congress on Medical and Health Informatics ({MEDINFO} 2019)},   
   year={2019}, 
   publisher={IOS Press},
   volume={264},
   pages={25--29},
   DOI={10.3233/SHTI190176},  
   url={https://ebooks.iospress.nl/publication/51941},  
   PMID={31437878}
}

@inproceedings{Jin2019PubMedQA,
   title={PubMedQA: A Dataset for Biomedical Research Question Answering},
   author={Qiao Jin and Bhuwan Dhingra and Zhengping Liu and William Cohen and Xinghua Lu},
   booktitle={Proceedings of the 2019 Conference on Empirical Methods in Natural Language Processing and the 9th International Joint Conference on Natural Language Processing ({EMNLP-IJCNLP})},
   year={2019},
   pages={2567--2577},
   publisher={Association for Computational Linguistics (ACL)},
   url={https://aclanthology.org/D19-1259},
   DOI={10.18653/v1/D19-1259}
}


@misc{singhal2022largelanguagemodelsencode,
      title={Large Language Models Encode Clinical Knowledge}, 
      author={Karan Singhal and Shekoofeh Azizi and Tao Tu and S. Sara Mahdavi and Jason Wei and Hyung Won Chung and Nathan Scales and Ajay Tanwani and Heather Cole-Lewis and Stephen Pfohl and Perry Payne and Martin Seneviratne and Paul Gamble and Chris Kelly and Nathaneal Scharli and Aakanksha Chowdhery and Philip Mansfield and Blaise Aguera y Arcas and Dale Webster and Greg S. Corrado and Yossi Matias and Katherine Chou and Juraj Gottweis and Nenad Tomasev and Yun Liu and Alvin Rajkomar and Joelle Barral and Christopher Semturs and Alan Karthikesalingam and Vivek Natarajan},
      year={2022},
      eprint={2212.13138},
      archivePrefix={arXiv},
      primaryClass={cs.CL},
      url={https://arxiv.org/abs/2212.13138}, 
}

@inproceedings{Pal2022MedMCQA,
   title={MedMCQA: A Large-scale Multi-Subject Multi-Choice Dataset for Medical Domain Question Answering},
   author={Ankit Pal and Logesh Kumar Umapathi and Malaikannan Sankarasubbu},
   booktitle={Proceedings of the Conference on Health, Inference, and Learning},
   year={2022},
   pages={248--260},
   volume={174},
   series={Proceedings of Machine Learning Research (PMLR)},
   publisher={PMLR},
   month={April},
   url={https://proceedings.mlr.press/v174/pal22a.html},
   pdf={https://proceedings.mlr.press/v174/pal22a/pal22a.pdf}
}


@inproceedings{Vilares2019HEADQA,
   author = {David Vilares and Carlos Gómez-Rodríguez},
   title = {HEAD-QA: A Healthcare Dataset for Complex Reasoning},
   booktitle = {Proceedings of the 57th Annual Meeting of the Association for Computational Linguistics (ACL 2019)},
   year = {2019},
   address = {Florence, Italy},
   publisher = {Association for Computational Linguistics},
   pages = {960--966},
   doi = {10.18653/v1/P19-1092},
   url = {https://www.aclweb.org/anthology/P19-1092}
}

@inproceedings{Oh2023ECGQA,
   author = {Jungwoo Oh and Gyubok Lee and Seongsu Bae and Joon-myoung Kwon and Edward Choi},
   title = {ECG-QA: A Comprehensive Question Answering Dataset Combined With Electrocardiogram},
   booktitle = {Advances in Neural Information Processing Systems (NeurIPS 2023)},
   year = {2023},
   volume = {36},
   pages = {66277--66288},
   publisher = {Curran Associates, Inc.}}
}


@inbook{BioASQ,
   title={Overview of BioASQ 2023: The Eleventh BioASQ Challenge on Large-Scale Biomedical Semantic Indexing and Question Answering},
   ISBN={9783031424489},
   ISSN={1611-3349},
   url={http://dx.doi.org/10.1007/978-3-031-42448-9_19},
   DOI={10.1007/978-3-031-42448-9_19},
   booktitle={Experimental IR Meets Multilinguality, Multimodality, and Interaction},
   publisher={Springer Nature Switzerland},
   author={Nentidis, Anastasios and Katsimpras, Georgios and Krithara, Anastasia and Lima López, Salvador and Farré-Maduell, Eulália and Gasco, Luis and Krallinger, Martin and Paliouras, Georgios},
   year={2023},
   pages={227–250} }



@article{BenAbacha2019MedQuAD,
   author = {Asma Ben Abacha and Dina Demner-Fushman},
   title = {A Question-Entailment Approach to Question Answering},
   journal = {BMC Bioinformatics},
   volume = {20},
   number = {1},
   pages = {511:1--511:23},
   year = {2019},
   url = {https://bmcbioinformatics.biomedcentral.com/articles/10.1186/s12859-019-3119-4},
   doi = {10.1186/s12859-019-3119-4}
}


@misc{jin2023genegpt,
      title={GeneGPT: Augmenting Large Language Models with Domain Tools for Improved Access to Biomedical Information}, 
      author={Qiao Jin and Yifan Yang and Qingyu Chen and Zhiyong Lu},
      year={2023},
      eprint={2304.09667},
      archivePrefix={arXiv},
      primaryClass={cs.CL}
}

@misc{openai2024gpt4ocard,
      title={GPT-4o System Card}, 
      author={OpenAI},
      year={2024},
      eprint={2410.21276},
      archivePrefix={arXiv},
      primaryClass={cs.CL},
      url={https://arxiv.org/abs/2410.21276}, 
}


@misc{openai2024gpt4technicalreport,
      title={GPT-4 Technical Report}, 
      author={OpenAI},
      year={2024},
      eprint={2303.08774},
      archivePrefix={arXiv},
      primaryClass={cs.CL},
      url={https://arxiv.org/abs/2303.08774}, 
}


@misc{MicrosoftAzureFineTuning2024,
  author    = "{Microsoft Azure}",
  title     = "{Fine-tune models with Azure AI Foundry}",
  year      = {2024},
  url       = {https://learn.microsoft.com/en-us/azure/ai-studio/concepts/fine-tuning-overview},
  note      = {Accessed: 2024-01-31}
}

@misc{MicrosoftAzureAISearch2024,
  author    = "{Microsoft Azure}",
  title     = "{Azure AI Search}",
  year      = {2024},
  url       = {https://learn.microsoft.com/en-us/azure/search/search-what-is-azure-search},
  note      = {Accessed: 2024-01-31}
}


@inproceedings{RAG,
  author    = {Patrick Lewis and Ethan Perez and Aleksandra Piktus and Fabio Petroni and Vladimir Karpukhin and Naman Goyal and Heinrich Küttler and Mike Lewis and Wen-tau Yih and Tim Rocktäschel and Sebastian Riedel and Douwe Kiela},
  title     = {Retrieval-Augmented Generation for Knowledge-Intensive NLP Tasks},
  booktitle = {Advances in Neural Information Processing Systems (NeurIPS 2020)},
  year      = {2020},
  volume    = {33},
  pages     = {9459--9474},
  publisher = {Curran Associates, Inc.},
  url       = {https://proceedings.neurips.cc/paper_files/paper/2020/file/6b493230205f780e1bc26945df7481e5-Paper.pdf},
  eprint    = {2005.11401},
  archivePrefix = {arXiv},
  primaryClass = {cs.CL}
}

@misc{fine-tuning,
      title={Training language models to follow instructions with human feedback}, 
      author={Long Ouyang and Jeff Wu and Xu Jiang and Diogo Almeida and Carroll L. Wainwright and Pamela Mishkin and Chong Zhang and Sandhini Agarwal and Katarina Slama and Alex Ray and John Schulman and Jacob Hilton and Fraser Kelton and Luke Miller and Maddie Simens and Amanda Askell and Peter Welinder and Paul Christiano and Jan Leike and Ryan Lowe},
      year={2022},
      eprint={2203.02155},
      archivePrefix={arXiv},
      primaryClass={cs.CL},
      url={https://arxiv.org/abs/2203.02155}, 
}