@article{Singhal2023,
   title={Large language models encode clinical knowledge},
   author={Singhal, Karan and Azizi, Shekoofeh and Tu, Tao and Mahdavi, S. Sara and Wei, Jason and Chung, Hyung Won and Scales, Nathan and Tanwani, Ajay and Cole-Lewis, Heather and Pfohl, Stephen and Payne, Perry and Seneviratne, Martin and Gamble, Paul and Kelly, Chris and Babiker, Abubakr and Schärli, Nathanael and Chowdhery, Aakanksha and Mansfield, Philip and Demner-Fushman, Dina and Agüera y Arcas, Blaise and Webster, Dale and Corrado, Greg S. and Matias, Yossi and Chou, Katherine and Gottweis, Juraj and Tomasev, Nenad and Liu, Yun and Rajkomar, Alvin and Barral, Joelle and Semturs, Christopher and Karthikesalingam, Alan and Natarajan, Vivek},
   year={2023},
   month=aug,
   journal={Nature},
   volume={620},
   number={7972},
   pages={172--180},
   ISSN={1476-4687},
   DOI={10.1038/s41586-023-06291-2},
   url={https://doi.org/10.1038/s41586-023-06291-2}
}

@article{Zhang_2024,
   title={A generalist vision–language foundation model for diverse biomedical tasks},
   volume={30},
   ISSN={1546-170X},
   url={http://dx.doi.org/10.1038/s41591-024-03185-2},
   DOI={10.1038/s41591-024-03185-2},
   number={11},
   journal={Nature Medicine},
   publisher={Springer Science and Business Media LLC},
   author={Zhang, Kai and Zhou, Rong and Adhikarla, Eashan and Yan, Zhiling and Liu, Yixin and Yu, Jun and Liu, Zhengliang and Chen, Xun and Davison, Brian D. and Ren, Hui and Huang, Jing and Chen, Chen and Zhou, Yuyin and Fu, Sunyang and Liu, Wei and Liu, Tianming and Li, Xiang and Chen, Yong and He, Lifang and Zou, James and Li, Quanzheng and Liu, Hongfang and Sun, Lichao},
   year={2024},
   month=aug, pages={3129–3141} }

@misc{jeong2024olaphimprovingfactualitybiomedical,
      title={OLAPH: Improving Factuality in Biomedical Long-form Question Answering}, 
      author={Minbyul Jeong and Hyeon Hwang and Chanwoong Yoon and Taewhoo Lee and Jaewoo Kang},
      year={2024},
      eprint={2405.12701},
      archivePrefix={arXiv},
      primaryClass={cs.CL},
      url={https://arxiv.org/abs/2405.12701}, 
}

@misc{mcduff2023accuratedifferentialdiagnosislarge,
      title={Towards Accurate Differential Diagnosis with Large Language Models}, 
      author={Daniel McDuff and Mike Schaekermann and Tao Tu and Anil Palepu and Amy Wang and Jake Garrison and Karan Singhal and Yash Sharma and Shekoofeh Azizi and Kavita Kulkarni and Le Hou and Yong Cheng and Yun Liu and S Sara Mahdavi and Sushant Prakash and Anupam Pathak and Christopher Semturs and Shwetak Patel and Dale R Webster and Ewa Dominowska and Juraj Gottweis and Joelle Barral and Katherine Chou and Greg S Corrado and Yossi Matias and Jake Sunshine and Alan Karthikesalingam and Vivek Natarajan},
      year={2023},
      eprint={2312.00164},
      archivePrefix={arXiv},
      primaryClass={cs.CY},
      url={https://arxiv.org/abs/2312.00164}, 
}

@misc{saab2024capabilitiesgeminimodelsmedicine,
  title={Capabilities of Gemini Models in Medicine},
  author={Khaled Saab and Tao Tu and Wei-Hung Weng and Ryutaro Tanno and David Stutz and Ellery Wulczyn and Fan Zhang and Tim Strother and Chunjong Park and Elahe Vedadi and Juanma Zambrano Chaves and Szu-Yeu Hu and Mike Schaekermann and Aishwarya Kamath and Yong Cheng and David G. T. Barrett and Cathy Cheung and Basil Mustafa and Anil Palepu and Daniel McDuff and Le Hou and Tomer Golany and Luyang Liu and Jean-baptiste Alayrac and Neil Houlsby and Nenad Tomasev and Jan Freyberg and Charles Lau and Jonas Kemp and Jeremy Lai and Shekoofeh Azizi and Kimberly Kanada and SiWai Man and Kavita Kulkarni and Ruoxi Sun and Siamak Shakeri and Luheng He and Ben Caine and Albert Webson and Natasha Latysheva and Melvin Johnson and Philip Mansfield and Jian Lu and Ehud Rivlin and Jesper Anderson and Bradley Green and Renee Wong and Jonathan Krause and Jonathon Shlens and Ewa Dominowska and S. M. Ali Eslami and Katherine Chou and Claire Cui and Oriol Vinyals and Koray Kavukcuoglu and James Manyika and Jeff Dean and Demis Hassabis and Yossi Matias and Dale Webster and Joelle Barral and Greg Corrado and Christopher Semturs and S. Sara Mahdavi and Juraj Gottweis and Alan Karthikesalingam and Vivek Natarajan},
  year={2024},
  eprint={2404.18416},
  archivePrefix={arXiv},
  primaryClass={cs.AI},
  url={https://arxiv.org/abs/2404.18416}
}

