@inproceedings{chen2020label,
  title={Label-aware graph convolutional networks},
  author={Chen, Hao and Xu, Yue and Huang, Feiran and Deng, Zengde and Huang, Wenbing and Wang, Senzhang and He, Peng and Li, Zhoujun},
  booktitle={Proceedings of the 29th ACM International Conference on Information \& Knowledge Management},
  pages={1977--1980},
  year={2020}
}

@article{chen2023demystifying,
  title={Demystifying graph sparsification algorithms in graph properties preservation},
  author={Chen, Yuhan and Ye, Haojie and Vedula, Sanketh and Bronstein, Alex and Dreslinski, Ronald and Mudge, Trevor and Talati, Nishil},
  journal={Proceedings of the VLDB Endowment},
  volume={17},
  number={3},
  pages={427--440},
  year={2023},
  publisher={VLDB Endowment}
}

@inproceedings{das2024ags,
  title={{AGS-GNN}: Attribute-guided sampling for graph neural networks},
  author={Das, Siddhartha Shankar and Ferdous, SM and Halappanavar, Mahantesh M and Serra, Edoardo and Pothen, Alex},
  booktitle={Proceedings of the 30th ACM SIGKDD Conference on Knowledge Discovery and Data Mining},
  pages={538--549},
  year={2024}
}

@article{dragan2011spanners,
  title={Spanners in sparse graphs},
  author={Dragan, Feodor F and Fomin, Fedor V and Golovach, Petr A},
  journal={Journal of Computer and System Sciences},
  volume={77},
  number={6},
  pages={1108--1119},
  year={2011},
  publisher={Elsevier}
}

@article{hamann2016structure,
  title={Structure-preserving sparsification methods for social networks},
  author={Hamann, Michael and Lindner, Gerd and Meyerhenke, Henning and Staudt, Christian L and Wagner, Dorothea},
  journal={Social Network Analysis and Mining},
  volume={6},
  pages={1--22},
  year={2016},
  publisher={Springer}
}

@inproceedings{hamilton2017inductive,
  title={Inductive representation learning on large graphs},
  author={Hamilton, Will and Ying, Zhitao and Leskovec, Jure},
  booktitle={Advances in Neural Information Processing Systems},
  pages={1024--1034},
  year={2017}
}

@inproceedings{hasanzadeh2020bayesian,
  title={Bayesian graph neural networks with adaptive connection sampling},
  author={Hasanzadeh, Arman and Hajiramezanali, Ehsan and Boluki, Shahin and Zhou, Mingyuan and Duffield, Nick and Narayanan, Krishna and Qian, Xiaoning},
  booktitle={International Conference on Machine Learning},
  pages={4094--4104},
  year={2020},
  organization={PMLR}
}

@article{hashemi2024comprehensive,
  title={A comprehensive survey on graph reduction: Sparsification, coarsening, and condensation},
  author={Hashemi, Mohammad and Gong, Shengbo and Ni, Juntong and Fan, Wenqi and Prakash, B Aditya and Jin, Wei},
  journal={arXiv:2402.03358},
  year={2024}
}

@article{kim2022find,
  title={How to find your friendly neighborhood: Graph attention design with self-supervision},
  author={Kim, Dongkwan and Oh, Alice},
  journal={arXiv:2204.04879},
  year={2022}
}

@article{leskovec2007graph,
  title={Graph evolution: Densification and shrinking diameters},
  author={Leskovec, Jure and Kleinberg, Jon and Faloutsos, Christos},
  journal={ACM transactions on Knowledge Discovery from Data (TKDD)},
  volume={1},
  number={1},
  year={2007},
  publisher={ACM New York, NY, USA}
}

@inproceedings{li2020sgcn,
  title={Sgcn: A graph sparsifier based on graph convolutional networks},
  author={Li, Jiayu and Zhang, Tianyun and Tian, Hao and Jin, Shengmin and Fardad, Makan and Zafarani, Reza},
  booktitle={Pacific-Asia Conference on Knowledge Discovery and Data Mining},
  pages={275--287},
  year={2020},
  organization={Springer}
}

@article{liu2023dspar,
  title={DSpar: An embarrassingly simple strategy for efficient GNN training and inference via degree-based sparsification},
  author={Liu, Zirui and Zhou, Kaixiong and Jiang, Zhimeng and Li, Li and Chen, Rui and Choi, Soo-Hyun and Hu, Xia},
  journal={Transactions on Machine Learning Research},
  year={2023}
}

@inproceedings{luo2021learning,
  title={Learning to drop: Robust graph neural network via topological denoising},
  author={Luo, Dongsheng and Cheng, Wei and Yu, Wenchao and Zong, Bo and Ni, Jingchao and Chen, Haifeng and Zhang, Xiang},
  booktitle={Proceedings of the 14th ACM International Conference on Web Search and Data Mining},
  pages={779--787},
  year={2021}
}

@article{rong2019dropedge,
  title={Dropedge: Towards deep graph convolutional networks on node classification},
  author={Rong, Yu and Huang, Wenbing and Xu, Tingyang and Huang, Junzhou},
  journal={arXiv:1907.10903},
  year={2019}
}

@article{sparsegat,
  title={Sparse graph attention networks},
  author={Ye, Yang and Ji, Shihao},
  journal={IEEE Transactions on Knowledge and Data Engineering},
  volume={35},
  number={1},
  pages={905--916},
  year={2021},
  publisher={IEEE}
}

@article{spielman2011graph,
  title={Graph sparsification by effective resistances},
  author={Spielman, Daniel A and Srivastava, Nikhil},
  journal={SIAM Journal on Computing},
  volume={40},
  number={6},
  pages={1913--1926},
  year={2011},
  publisher={SIAM}
}

@article{srinivasa2020fast,
  title={Fast graph attention networks using effective resistance based graph sparsification},
  author={Srinivasa, Rakshith S and Xiao, Cao and Glass, Lucas and Romberg, Justin and Sun, Jimeng},
  journal={arXiv:2006.08796},
  year={2020}
}

@article{su2024generic,
  title={Generic network sparsification via degree-and subgraph-based edge sampling},
  author={Su, Zhen and Liu, Yang and Kurths, J{\"u}rgen and Meyerhenke, Henning},
  journal={Information Sciences},
  volume={679},
  pages={121096},
  year={2024},
  publisher={Elsevier}
}

@inproceedings{voudigari2016rank,
  title={Rank degree: An efficient algorithm for graph sampling},
  author={Voudigari, Elli and Salamanos, Nikos and Papageorgiou, Theodore and Yannakoudakis, Emmanuel J},
  booktitle={International Conference on Advances in Social Networks Analysis and Mining (ASONAM)},
  pages={120--129},
  year={2016},
  organization={IEEE}
}

@article{wang2024probability,
  title={Probability Passing for Graph Neural Networks: Graph Structure and Representations Joint Learning},
  author={Wang, Ziyan and He, Yaxuan and Liu, Bin},
  journal={arXiv:2407.10688},
  year={2024}
}

@article{wickman2021sparrl,
  title={SparRL: Graph Sparsification via Deep Reinforcement Learning},
  author={Wickman, Ryan and Zhang, Xiaofei and Li, Weizi},
  journal={arXiv preprint arXiv:2112.01565},
  year={2021}
}

@article{wu2023alleviating,
  title={Alleviating over-smoothing via graph sparsification based on vertex feature similarity},
  author={Wu, Gongce and Lin, Shukuan and Zhuang, Yilin and Qiao, Jianzhong},
  journal={Applied Intelligence},
  volume={53},
  number={17},
  pages={20223--20238},
  year={2023},
  publisher={Springer}
}

@inproceedings{xu2007scan,
  title={{SCAN}: A structural clustering algorithm for networks},
  author={Xu, Xiaowei and Yuruk, Nurcan and Feng, Zhidan and Schweiger, Thomas AJ},
  booktitle={Proceedings of the 13th ACM SIGKDD international conference on knowledge discovery and data mining},
  pages={824--833},
  year={2007}
}

@inproceedings{zeng2019graphsaint,
  title={{GraphSAINT}: Graph Sampling Based Inductive Learning Method},
  author={Zeng, Hanqing and Zhou, Hongkuan and Srivastava, Ajitesh and Kannan, Rajgopal and Prasanna, Viktor},
  booktitle={International Conference on Learning Representations},
  year={2019}
}

@article{zhang2024graph,
  title={{Graph Sparsification via Mixture of Graphs}},
  author={Zhang, Guibin and Sun, Xiangguo and Yue, Yanwei and Jiang, Chonghe and Wang, Kun and Chen, Tianlong and Pan, Shirui},
  journal={arXiv:2405.14260},
  year={2024}
}

@inproceedings{zheng2020robust,
  title={Robust graph representation learning via neural sparsification},
  author={Zheng, Cheng and Zong, Bo and Cheng, Wei and Song, Dongjin and Ni, Jingchao and Yu, Wenchao and Chen, Haifeng and Wang, Wei},
  booktitle={International Conference on Machine Learning},
  pages={11458--11468},
  year={2020},
  organization={PMLR}
}

