@book{xie2024distributionally,
  title={Distributionally Robust Optimization and its Applications in Power System Energy Storage Sizing},
  author={Xie, Rui},
  year={2024},
  publisher={Springer Nature}
}
@article{kipf2016semi,
  title={Semi-supervised classification with graph convolutional networks},
  author={Kipf, Thomas N and Welling, Max},
  journal={arXiv:1609.02907},
  year={2016}
}

@inproceedings{hamilton2017inductive,
  title={Inductive representation learning on large graphs},
  author={Hamilton, Will and Ying, Zhitao and Leskovec, Jure},
  booktitle={Advances in Neural Information Processing Systems},
  pages={1024--1034},
  year={2017}
}
@article{velivckovic2017graph,
  title={Graph attention networks},
  author={Veli{\v{c}}kovi{\'c}, Petar and Cucurull, Guillem and Casanova, Arantxa and Romero, Adriana and Lio, Pietro and Bengio, Yoshua},
  journal={arXiv:1710.10903},
  year={2017}
}

@article{xu2018powerful,
  title={How powerful are graph neural networks?},
  author={Xu, Keyulu and Hu, Weihua and Leskovec, Jure and Jegelka, Stefanie},
  journal={arXiv:1810.00826},
  year={2018}
}

@article{murphy2019relational,
  title={Relational pooling for graph representations},
  author={Murphy, Ryan L and Srinivasan, Balasubramaniam and Rao, Vinayak and Ribeiro, Bruno},
  journal={arXiv preprint arXiv:1903.02541},
  year={2019}
}

@article{srinivasan2019equivalence,
  title={On the Equivalence between Node Embeddings and Structural Graph Representations},
  author={Srinivasan, Balasubramaniam and Ribeiro, Bruno},
  journal={arXiv preprint arXiv:1910.00452},
  year={2019}
}

@article{wu2020comprehensive,
  title={A comprehensive survey on graph neural networks},
  author={Wu, Zonghan and Pan, Shirui and Chen, Fengwen and Long, Guodong and Zhang, Chengqi and Philip, S Yu},
  journal={IEEE Transactions on Neural Networks and Learning Systems},
  year={2020},
  publisher={IEEE}
}

@article{bravo2019unifying,
  title={A unifying framework for spectrum-preserving graph sparsification and coarsening},
  author={Bravo-Hermsdorff, Gecia and Gunderson, Lee M},
  journal={arXiv preprint arXiv:1902.09702},
  year={2019}
}


@inproceedings{zheng2020robust,
  title={Robust graph representation learning via neural sparsification},
  author={Zheng, Cheng and Zong, Bo and Cheng, Wei and Song, Dongjin and Ni, Jingchao and Yu, Wenchao and Chen, Haifeng and Wang, Wei},
  booktitle={International Conference on Machine Learning},
  pages={11458--11468},
  year={2020},
  organization={PMLR}
}

@article{srinivasa2020fast,
  title={Fast graph attention networks using effective resistance based graph sparsification},
  author={Srinivasa, Rakshith S and Xiao, Cao and Glass, Lucas and Romberg, Justin and Sun, Jimeng},
  journal={arXiv:2006.08796},
  year={2020}
}

@inproceedings{satuluri2011local,
  title={Local graph sparsification for scalable clustering},
  author={Satuluri, Venu and Parthasarathy, Srinivasan and Ruan, Yiye},
  booktitle={Proceedings of the 2011 ACM SIGMOD International Conference on Management of data},
  pages={721--732},
  year={2011}
}



@article{jin2021graph,
  title={Graph Condensation for Graph Neural Networks},
  author={Jin, Wei and Zhao, Lingxiao and Zhang, Shichang and Liu, Yozen and Tang, Jiliang and Shah, Neil},
  journal={arXiv preprint arXiv:2110.07580},
  year={2021}
}


@article{spielman2011graph,
  title={Graph sparsification by effective resistances},
  author={Spielman, Daniel A and Srivastava, Nikhil},
  journal={SIAM Journal on Computing},
  volume={40},
  number={6},
  pages={1913--1926},
  year={2011},
  publisher={SIAM}
}


@article{wickman2021sparrl,
  title={SparRL: Graph Sparsification via Deep Reinforcement Learning},
  author={Wickman, Ryan and Zhang, Xiaofei and Li, Weizi},
  journal={arXiv preprint arXiv:2112.01565},
  year={2021}
}


@article{batson2013spectral,
  title={Spectral sparsification of graphs: theory and algorithms},
  author={Batson, Joshua and Spielman, Daniel A and Srivastava, Nikhil and Teng, Shang-Hua},
  journal={Communications of the ACM},
  volume={56},
  number={8},
  pages={87--94},
  year={2013},
  publisher={ACM New York, NY, USA}
}


@inproceedings{sadhanala2016graph,
  title={Graph sparsification approaches for laplacian smoothing},
  author={Sadhanala, Veeru and Wang, Yu-Xiang and Tibshirani, Ryan},
  booktitle={Artificial Intelligence and Statistics},
  pages={1250--1259},
  year={2016},
  organization={PMLR}
}


@article{koutis2015faster,
  title={Faster spectral sparsification and numerical algorithms for SDD matrices},
  author={Koutis, Ioannis and Levin, Alex and Peng, Richard},
  journal={ACM Transactions on Algorithms (TALG)},
  volume={12},
  number={2},
  pages={1--16},
  year={2015},
  publisher={ACM New York, NY, USA}
}

@article{lee2018constructing,
  title={Constructing linear-sized spectral sparsification in almost-linear time},
  author={Lee, Yin Tat and Sun, He},
  journal={SIAM Journal on Computing},
  volume={47},
  number={6},
  pages={2315--2336},
  year={2018},
  publisher={SIAM}
}


@article{teng2016scalable,
  title={Scalable algorithms for data and network analysis},
  author={Teng, Shang-Hua},
  journal={Foundations and Trends{\textregistered} in Theoretical Computer Science},
  volume={12},
  number={1--2},
  pages={1--274},
  year={2016},
  publisher={Now Publishers Inc. Hanover, MA, USA}
}


@article{dragan2011spanners,
  title={Spanners in sparse graphs},
  author={Dragan, Feodor F and Fomin, Fedor V and Golovach, Petr A},
  journal={Journal of Computer and System Sciences},
  volume={77},
  number={6},
  pages={1108--1119},
  year={2011},
  publisher={Elsevier}
}

@inproceedings{wu2020graph,
  title={Graph sparsification with generative adversarial network},
  author={Wu, Hang-Yang and Chen, Yi-Ling},
  booktitle={2020 IEEE International Conference on Data Mining (ICDM)},
  pages={1328--1333},
  year={2020},
  organization={IEEE}
}

@article{darvariu2021goal,
  title={Goal-directed graph construction using reinforcement learning},
  author={Darvariu, Victor-Alexandru and Hailes, Stephen and Musolesi, Mirco},
  journal={Proceedings of the Royal Society A},
  volume={477},
  number={2254},
  pages={20210168},
  year={2021},
  publisher={The Royal Society}
}


@book{GNNBook2022,
author = "Wu, Lingfei and Cui, Peng and Pei, Jian and Zhao, Liang",
title = "Graph Neural Networks: Foundations, Frontiers, and Applications",
publisher = "Springer Singapore",
address = "Singapore",
pages = "725",
year = "2022",
} 

@inproceedings{chen2018stochastic,
  title={Stochastic Training of Graph Convolutional Networks with Variance Reduction},
  author={Chen, Jianfei and Zhu, Jun and Song, Le},
  booktitle={International Conference on Machine Learning},
  pages={942--950},
  year={2018},
  organization={PMLR}
}

@inproceedings{chen2018fastgcn,
  title={FastGCN: Fast Learning with Graph Convolutional Networks via Importance Sampling},
  author={Chen, Jie and Ma, Tengfei and Xiao, Cao},
  booktitle={International Conference on Learning Representations},
  year={2018}
}

@article{huang2018adaptive,
  title={Adaptive sampling towards fast graph representation learning},
  author={Huang, Wenbing and Zhang, Tong and Rong, Yu and Huang, Junzhou},
  journal={Advances in Neural Information Processing Systems},
  volume={31},
  year={2018}
}

@inproceedings{chiang2019cluster,
  title={Cluster-{GCN}: An efficient algorithm for training deep and large graph convolutional networks},
  author={Chiang, Wei-Lin and Liu, Xuanqing and Si, Si and Li, Yang and Bengio, Samy and Hsieh, Cho-Jui},
  booktitle={Proceedings of the 25th ACM SIGKDD International Conference on Knowledge Discovery \& Data Mining},
  pages={257--266},
  year={2019}
}

@inproceedings{zeng2019graphsaint,
  title={{GraphSAINT}: Graph Sampling Based Inductive Learning Method},
  author={Zeng, Hanqing and Zhou, Hongkuan and Srivastava, Ajitesh and Kannan, Rajgopal and Prasanna, Viktor},
  booktitle={International Conference on Learning Representations},
  year={2019}
}


@article{ye2021sparse,
  title={Sparse graph attention networks},
  author={Ye, Yang and Ji, Shihao},
  journal={IEEE Transactions on Knowledge and Data Engineering},
  year={2021},
  publisher={IEEE}
}

@article{berg2017graph,
  title={Graph convolutional matrix completion},
  author={Berg, Rianne van den and Kipf, Thomas N and Welling, Max},
  journal={arXiv preprint arXiv:1706.02263},
  year={2017}
}

@article{duvenaud2015convolutional,
  title={Convolutional networks on graphs for learning molecular fingerprints},
  author={Duvenaud, David K and Maclaurin, Dougal and Iparraguirre, Jorge and Bombarell, Rafael and Hirzel, Timothy and Aspuru-Guzik, Al{\'a}n and Adams, Ryan P},
  journal={Advances in Neural Information Processing Systems},
  volume={28},
  year={2015}
}


@inproceedings{yang2016revisiting,
  title={Revisiting semi-supervised learning with graph embeddings},
  author={Yang, Zhilin and Cohen, William and Salakhudinov, Ruslan},
  booktitle={International Conference on Machine Learning},
  pages={40--48},
  year={2016},
  organization={PMLR}
}

@inproceedings{calandriello2018improved,
  title={Improved large-scale graph learning through ridge spectral sparsification},
  author={Calandriello, Daniele and Lazaric, Alessandro and Koutis, Ioannis and Valko, Michal},
  booktitle={International Conference on Machine Learning},
  pages={688--697},
  year={2018},
  organization={PMLR}
}

@inproceedings{chakeri2016spectral,
  title={Spectral sparsification in spectral clustering},
  author={Chakeri, Alireza and Farhidzadeh, Hamidreza and Hall, Lawrence O},
  booktitle={2016 23rd International Conference on Pattern Recognition (ICPR)},
  pages={2301--2306},
  year={2016},
  organization={IEEE}
}


@article{rong2019dropedge,
  title={Dropedge: Towards deep graph convolutional networks on node classification},
  author={Rong, Yu and Huang, Wenbing and Xu, Tingyang and Huang, Junzhou},
  journal={arXiv:1907.10903},
  year={2019}
}

@inproceedings{hasanzadeh2020bayesian,
  title={Bayesian graph neural networks with adaptive connection sampling},
  author={Hasanzadeh, Arman and Hajiramezanali, Ehsan and Boluki, Shahin and Zhou, Mingyuan and Duffield, Nick and Narayanan, Krishna and Qian, Xiaoning},
  booktitle={International Conference on Machine Learning},
  pages={4094--4104},
  year={2020},
  organization={PMLR}
}

@inproceedings{chen2020label,
  title={Label-aware graph convolutional networks},
  author={Chen, Hao and Xu, Yue and Huang, Feiran and Deng, Zengde and Huang, Wenbing and Wang, Senzhang and He, Peng and Li, Zhoujun},
  booktitle={Proceedings of the 29th ACM International Conference on Information \& Knowledge Management},
  pages={1977--1980},
  year={2020}
}

@inproceedings{luo2021learning,
  title={Learning to drop: Robust graph neural network via topological denoising},
  author={Luo, Dongsheng and Cheng, Wei and Yu, Wenchao and Zong, Bo and Ni, Jingchao and Chen, Haifeng and Zhang, Xiang},
  booktitle={Proceedings of the 14th ACM International Conference on Web Search and Data Mining},
  pages={779--787},
  year={2021}
}


@article{kim2022find,
  title={How to find your friendly neighborhood: Graph attention design with self-supervision},
  author={Kim, Dongkwan and Oh, Alice},
  journal={arXiv:2204.04879},
  year={2022}
}

@inproceedings{li2018deeper,
  title={Deeper insights into graph convolutional networks for semi-supervised learning},
  author={Li, Qimai and Han, Zhichao and Wu, Xiao-Ming},
  booktitle={Thirty-Second AAAI Conference on Artificial Intelligence},
  year={2018}
}


@article{srivastava2014dropout,
  title={Dropout: a simple way to prevent neural networks from overfitting},
  author={Srivastava, Nitish and Hinton, Geoffrey and Krizhevsky, Alex and Sutskever, Ilya and Salakhutdinov, Ruslan},
  journal={The journal of machine learning research},
  volume={15},
  number={1},
  pages={1929--1958},
  year={2014},
  publisher={JMLR. org}
}

@article{li2022graph,
  title={Graph sparsification with graph convolutional networks},
  author={Li, Jiayu and Zhang, Tianyun and Tian, Hao and Jin, Shengmin and Fardad, Makan and Zafarani, Reza},
  journal={International Journal of Data Science and Analytics},
  volume={13},
  number={1},
  pages={33--46},
  year={2022},
  publisher={Springer}
}

@inproceedings{li2020sgcn,
  title={Sgcn: A graph sparsifier based on graph convolutional networks},
  author={Li, Jiayu and Zhang, Tianyun and Tian, Hao and Jin, Shengmin and Fardad, Makan and Zafarani, Reza},
  booktitle={Pacific-Asia Conference on Knowledge Discovery and Data Mining},
  pages={275--287},
  year={2020},
  organization={Springer}
}

@article{newman2002assortative,
  title={Assortative mixing in networks},
  author={Newman, Mark EJ},
  journal={Physical review letters},
  volume={89},
  number={20},
  pages={208701},
  year={2002},
  publisher={APS}
}

@inproceedings{ribeiro2017struc2vec,
  title={struc2vec: Learning node representations from structural identity},
  author={Ribeiro, Leonardo FR and Saverese, Pedro HP and Figueiredo, Daniel R},
  booktitle={Proceedings of the 23rd ACM SIGKDD International Conference on Knowledge Discovery and Data Mining},
  pages={385--394},
  year={2017}
}

@article{pei2020geom,
  title={Geom-{GCN}: Geometric graph convolutional networks},
  author={Pei, Hongbin and Wei, Bingzhe and Chang, Kevin Chen-Chuan and Lei, Yu and Yang, Bo},
  journal={arXiv:2002.05287},
  year={2020}
}


@article{zou2019layer,
  title={Layer-dependent importance sampling for training deep and large graph convolutional networks},
  author={Zou, Difan and Hu, Ziniu and Wang, Yewen and Jiang, Song and Sun, Yizhou and Gu, Quanquan},
  journal={Advances in Neural Information Processing Systems},
  volume={32},
  year={2019}
}

@article{zheng2022graph,
  title={Graph neural networks for graphs with heterophily: A survey},
  author={Zheng, Xin and Liu, Yixin and Pan, Shirui and Zhang, Miao and Jin, Di and Yu, Philip S},
  journal={arXiv preprint arXiv:2202.07082},
  year={2022}
}

@inproceedings{zhao2021data,
  title={Data augmentation for graph neural networks},
  author={Zhao, Tong and Liu, Yozen and Neves, Leonardo and Woodford, Oliver and Jiang, Meng and Shah, Neil},
  booktitle={Proceedings of the AAAI Conference on Artificial Intelligence},
  volume={35},
  number={12},
  pages={11015--11023},
  year={2021}
}

@article{schreiber2020apricot,
  title={apricot: Submodular selection for data summarization in Python},
  author={Schreiber, Jacob and Bilmes, Jeffrey and Noble, William Stafford},
  journal={The Journal of Machine Learning Research},
  volume={21},
  number={1},
  pages={6474--6479},
  year={2020},
  publisher={JMLRORG}
}

@inproceedings{peng2021local,
  title={Local algorithms for estimating effective resistance},
  author={Peng, Pan and Lopatta, Daniel and Yoshida, Yuichi and Goranci, Gramoz},
  booktitle={Proceedings of the 27th ACM SIGKDD Conference on Knowledge Discovery \& Data Mining},
  pages={1329--1338},
  year={2021}
}

@article{huang2020combining,
  title={Combining label propagation and simple models out-performs graph neural networks},
  author={Huang, Qian and He, Horace and Singh, Abhay and Lim, Ser-Nam and Benson, Austin R},
  journal={arXiv preprint arXiv:2010.13993},
  year={2020}
}

@article{wang2021combining,
  title={Combining graph convolutional neural networks and label propagation},
  author={Wang, Hongwei and Leskovec, Jure},
  journal={ACM Transactions on Information Systems (TOIS)},
  volume={40},
  number={4},
  pages={1--27},
  year={2021},
  publisher={ACM New York, NY}
}

@article{luan2022revisiting,
  title={Revisiting heterophily for graph neural networks},
  author={Luan, Sitao and Hua, Chenqing and Lu, Qincheng and Zhu, Jiaqi and Zhao, Mingde and Zhang, Shuyuan and Chang, Xiao-Wen and Precup, Doina},
  journal={arXiv preprint arXiv:2210.07606},
  year={2022}
}

@article{lim2021large,
  title={Large scale learning on non-homophilous graphs: New benchmarks and strong simple methods},
  author={Lim, Derek and Hohne, Felix and Li, Xiuyu and Huang, Sijia Linda and Gupta, Vaishnavi and Bhalerao, Omkar and Lim, Ser Nam},
  journal={Advances in Neural Information Processing Systems},
  volume={34},
  pages={20887--20902},
  year={2021}
}

@article{platonov2023critical,
  title={A critical look at the evaluation of GNNs under heterophily: Are we really making progress?},
  author={Platonov, Oleg and Kuznedelev, Denis and Diskin, Michael and Babenko, Artem and Prokhorenkova, Liudmila},
  journal={arXiv:2302.11640},
  year={2023}
}


@article{platonov2022characterizing,
  title={Characterizing graph datasets for node classification: Beyond homophily-heterophily dichotomy},
  author={Platonov, Oleg and Kuznedelev, Denis and Babenko, Artem and Prokhorenkova, Liudmila},
  journal={arXiv:2209.06177},
  year={2022}
}


@article{zhu2020beyond,
  title={Beyond homophily in graph neural networks: Current limitations and effective designs},
  author={Zhu, Jiong and Yan, Yujun and Zhao, Lingxiao and Heimann, Mark and Akoglu, Leman and Koutra, Danai},
  journal={Advances in Neural Information Processing Systems},
  volume={33},
  pages={7793--7804},
  year={2020}
}

@article{liu2021non,
  title={Non-local graph neural networks},
  author={Liu, Meng and Wang, Zhengyang and Ji, Shuiwang},
  journal={IEEE Transactions on Pattern Analysis and Machine Intelligence},
  volume={44},
  number={12},
  pages={10270--10276},
  year={2021},
  publisher={IEEE}
}


@article{luan2020complete,
  title={Complete the missing half: Augmenting aggregation filtering with diversification for graph convolutional networks},
  author={Luan, Sitao and Zhao, Mingde and Hua, Chenqing and Chang, Xiao-Wen and Precup, Doina},
  journal={arXiv preprint arXiv:2008.08844},
  year={2020}
}

@article{chien2020adaptive,
  title={Adaptive universal generalized pagerank graph neural network},
  author={Chien, Eli and Peng, Jianhao and Li, Pan and Milenkovic, Olgica},
  journal={arXiv preprint arXiv:2006.07988},
  year={2020}
}

@inproceedings{zhu2021graph,
  title={Graph neural networks with heterophily},
  author={Zhu, Jiong and Rossi, Ryan A and Rao, Anup and Mai, Tung and Lipka, Nedim and Ahmed, Nesreen K and Koutra, Danai},
  booktitle={Proceedings of the AAAI Conference on Artificial Intelligence},
  volume={35},
  pages={11168--11176},
  year={2021}
}


@inproceedings{yan2022two,
  title={Two sides of the same coin: Heterophily and oversmoothing in graph convolutional neural networks},
  author={Yan, Yujun and Hashemi, Milad and Swersky, Kevin and Yang, Yaoqing and Koutra, Danai},
  booktitle={2022 IEEE International Conference on Data Mining (ICDM)},
  pages={1287--1292},
  year={2022},
  organization={IEEE}
}

@article{ma2021homophily,
  title={Is homophily a necessity for graph neural networks?},
  author={Ma, Yao and Liu, Xiaorui and Shah, Neil and Tang, Jiliang},
  journal={arXiv preprint arXiv:2106.06134},
  year={2021}
}

@inproceedings{li2022finding,
  title={Finding global homophily in graph neural networks when meeting heterophily},
  author={Li, Xiang and Zhu, Renyu and Cheng, Yao and Shan, Caihua and Luo, Siqiang and Li, Dongsheng and Qian, Weining},
  booktitle={International Conference on Machine Learning},
  pages={13242--13256},
  year={2022},
  organization={PMLR}
}

@inproceedings{ying2018graph,
  title={Graph convolutional neural networks for web-scale recommender systems},
  author={Ying, Rex and He, Ruining and Chen, Kaifeng and Eksombatchai, Pong and Hamilton, William L and Leskovec, Jure},
  booktitle={Proceedings of the 24th ACM SIGKDD International Conference on Knowledge Discovery \& Data Mining},
  pages={974--983},
  year={2018}
}

@article{jin2021universal,
  title={Universal graph convolutional networks},
  author={Jin, Di and Yu, Zhizhi and Huo, Cuiying and Wang, Rui and Wang, Xiao and He, Dongxiao and Han, Jiawei},
  journal={Advances in Neural Information Processing Systems},
  volume={34},
  pages={10654--10664},
  year={2021}
}


@inproceedings{jin2021node,
  title={Node similarity preserving graph convolutional networks},
  author={Jin, Wei and Derr, Tyler and Wang, Yiqi and Ma, Yao and Liu, Zitao and Tang, Jiliang},
  booktitle={Proceedings of the 14th ACM International Conference on Web Search and Data Mining},
  pages={148--156},
  year={2021}
}

@article{nemhauser1978analysis,
  title={An analysis of approximations for maximizing submodular set functions—I},
  author={Nemhauser, George L and Wolsey, Laurence A and Fisher, Marshall L},
  journal={Mathematical programming},
  volume={14},
  pages={265--294},
  year={1978},
  publisher={Springer}
}

@book{goodfellow2016deep,
  title={Deep learning},
  author={Goodfellow, Ian and Bengio, Yoshua and Courville, Aaron},
  year={2016},
  publisher={MIT press}
}

@inproceedings{xu2018representation,
  title={Representation learning on graphs with jumping knowledge networks},
  author={Xu, Keyulu and Li, Chengtao and Tian, Yonglong and Sonobe, Tomohiro and Kawarabayashi, Ken-ichi and Jegelka, Stefanie},
  booktitle={International Conference on Machine Learning},
  pages={5453--5462},
  year={2018},
  organization={PMLR}
}

@inproceedings{zheleva2009join,
  title={To join or not to join: the illusion of privacy in social networks with mixed public and private user profiles},
  author={Zheleva, Elena and Getoor, Lise},
  booktitle={Proceedings of the 18th International Conference on World Wide Web},
  pages={531--540},
  year={2009}
}

@article{zhou2003learning,
  title={Learning with local and global consistency},
  author={Zhou, Dengyong and Bousquet, Olivier and Lal, Thomas and Weston, Jason and Sch{\"o}lkopf, Bernhard},
  journal={Advances in Neural Information Processing Systems},
  volume={16},
  year={2003}
}


@inproceedings{wu2019simplifying,
  title={Simplifying graph convolutional networks},
  author={Wu, Felix and Souza, Amauri and Zhang, Tianyi and Fifty, Christopher and Yu, Tao and Weinberger, Kilian},
  booktitle={International Conference on Machine Learning},
  pages={6861--6871},
  year={2019},
  organization={PMLR}
}

@inproceedings{abu2019mixhop,
  title={Mixhop: Higher-order graph convolutional architectures via sparsified neighborhood mixing},
  author={Abu-El-Haija, Sami and Perozzi, Bryan and Kapoor, Amol and Alipourfard, Nazanin and Lerman, Kristina and Harutyunyan, Hrayr and Ver Steeg, Greg and Galstyan, Aram},
  booktitle={International Conference on Machine Learning},
  pages={21--29},
  year={2019},
  organization={PMLR}
}


@inproceedings{chen2020simple,
  title={Simple and deep graph convolutional networks},
  author={Chen, Ming and Wei, Zhewei and Huang, Zengfeng and Ding, Bolin and Li, Yaliang},
  booktitle={International Conference on Machine Learning},
  pages={1725--1735},
  year={2020},
  organization={PMLR}
}

@article{gasteiger2018predict,
  title={Predict then propagate: Graph neural networks meet personalized pagerank},
  author={Gasteiger, Johannes and Bojchevski, Aleksandar and G{\"u}nnemann, Stephan},
  journal={arXiv preprint arXiv:1810.05997},
  year={2018}
}


@inproceedings{xu2023node,
  title={Node Classification Beyond Homophily: Towards a General Solution},
  author={Xu, Zhe and Chen, Yuzhong and Zhou, Qinghai and Wu, Yuhang and Pan, Menghai and Yang, Hao and Tong, Hanghang},
  booktitle={Proceedings of the 29th ACM SIGKDD Conference on Knowledge Discovery and Data Mining},
  pages={2862--2873},
  year={2023}
}


@article{rozemberczki2021multi,
  title={Multi-scale attributed node embedding},
  author={Rozemberczki, Benedek and Allen, Carl and Sarkar, Rik},
  journal={Journal of Complex Networks},
  volume={9},
  number={2},
  pages={cnab014},
  year={2021},
  publisher={Oxford University Press}
}

@article{sen2008collective,
  title={Collective classification in network data},
  author={Sen, Prithviraj and Namata, Galileo and Bilgic, Mustafa and Getoor, Lise and Galligher, Brian and Eliassi-Rad, Tina},
  journal={AI magazine},
  volume={29},
  number={3},
  pages={93--93},
  year={2008}
}


@inproceedings{namata2012query,
  title={Query-driven active surveying for collective classification},
  author={Namata, Galileo and London, Ben and Getoor, Lise and Huang, Bert and Edu, U},
  booktitle={10th International Workshop on Mining and Learning with Graphs},
  volume={8},
  pages={1},
  year={2012}
}

@inproceedings{giles1998citeseer,
  title={CiteSeer: An automatic citation indexing system},
  author={Giles, C Lee and Bollacker, Kurt D and Lawrence, Steve},
  booktitle={Proceedings of the third ACM Conference on Digital Libraries},
  pages={89--98},
  year={1998}
}


@article{shchur2018pitfalls,
  title={Pitfalls of graph neural network evaluation},
  author={Shchur, Oleksandr and Mumme, Maximilian and Bojchevski, Aleksandar and G{\"u}nnemann, Stephan},
  journal={arXiv:1811.05868},
  year={2018}
}

@inproceedings{fu2020magnn,
  title={Magnn: Metapath aggregated graph neural network for heterogeneous graph embedding},
  author={Fu, Xinyu and Zhang, Jiani and Meng, Ziqiao and King, Irwin},
  booktitle={Proceedings of The Web Conference 2020},
  pages={2331--2341},
  year={2020}
}


@article{kingma2014adam,
  title={Adam: A method for stochastic optimization},
  author={Kingma, Diederik P and Ba, Jimmy},
  journal={arXiv preprint arXiv:1412.6980},
  year={2014}
}

@article{paszke2019pytorch,
  title={Pytorch: An imperative style, high-performance deep learning library},
  author={Paszke, Adam and Gross, Sam and Massa, Francisco and Lerer, Adam and Bradbury, James and Chanan, Gregory and Killeen, Trevor and Lin, Zeming and Gimelshein, Natalia and Antiga, Luca and others},
  journal={Advances in Neural Information Processing Systems},
  volume={32},
  year={2019}
}

@article{wang2019deep,
  title={Deep graph library: A graph-centric, highly-performant package for graph neural networks},
  author={Wang, Minjie and Zheng, Da and Ye, Zihao and Gan, Quan and Li, Mufei and Song, Xiang and Zhou, Jinjing and Ma, Chao and Yu, Lingfan and Gai, Yu and others},
  journal={arXiv preprint arXiv:1909.01315},
  year={2019}
}

@article{fey2019fast,
  title={Fast graph representation learning with PyTorch Geometric},
  author={Fey, Matthias and Lenssen, Jan Eric},
  journal={arXiv preprint arXiv:1903.02428},
  year={2019}
}

@article{he2022convolutional,
  title={Convolutional neural networks on graphs with chebyshev approximation, revisited},
  author={He, Mingguo and Wei, Zhewei and Wen, Ji-Rong},
  journal={Advances in Neural Information Processing Systems},
  volume={35},
  pages={7264--7276},
  year={2022}
}

@article{murphy2018janossy,
  title={Janossy pooling: Learning deep permutation-invariant functions for variable-size inputs},
  author={Murphy, Ryan L and Srinivasan, Balasubramaniam and Rao, Vinayak and Ribeiro, Bruno},
  journal={arXiv preprint arXiv:1811.01900},
  year={2018}
}


@inproceedings{bo2021beyond,
  title={Beyond low-frequency information in graph convolutional networks},
  author={Bo, Deyu and Wang, Xiao and Shi, Chuan and Shen, Huawei},
  booktitle={Proceedings of the AAAI Conference on Artificial Intelligence},
  volume={35},
  pages={3950--3957},
  year={2021}
}

@article{yang2021diverse,
  title={Diverse message passing for attribute with heterophily},
  author={Yang, Liang and Li, Mengzhe and Liu, Liyang and Wang, Chuan and Cao, Xiaochun and Guo, Yuanfang and others},
  journal={Advances in Neural Information Processing Systems},
  volume={34},
  pages={4751--4763},
  year={2021}
}


@inproceedings{yang2022graph,
  title={Graph pointer neural networks},
  author={Yang, Tianmeng and Wang, Yujing and Yue, Zhihan and Yang, Yaming and Tong, Yunhai and Bai, Jing},
  booktitle={Proceedings of the AAAI Conference on Artificial Intelligence},
  volume={36},
  pages={8832--8839},
  year={2022}
}



@article{krause2014submodular,
  title={Submodular function maximization.},
  author={Krause, Andreas and Golovin, Daniel},
  journal={Tractability},
  volume={3},
  number={71-104},
  pages={3},
  year={2014}
}

@article{chicco2021siamese,
  title={Siamese neural networks: An overview},
  author={Chicco, Davide},
  journal={Artificial neural networks},
  pages={73--94},
  year={2021},
  publisher={Springer}
}


@inproceedings{liao2023ld,
title={{LD}2: Scalable Heterophilous Graph Neural Network with Decoupled Embeddings},
author={Ningyi Liao and Siqiang Luo and Xiang Li and Jieming Shi},
booktitle={Thirty-seventh Conference on Neural Information Processing Systems},
year={2023},
url={https://openreview.net/forum?id=7zkFc9TGKz}
}

@book{ekambaram2014graph,
  title={Graph-structured data viewed through a Fourier lens},
  author={Ekambaram, Venkatesan Nallampatti},
  year={2014},
  publisher={University of California, Berkeley}
}

@article{van2020survey,
  title={A survey on semi-supervised learning},
  author={Van Engelen, Jesper E and Hoos, Holger H},
  journal={Machine learning},
  volume={109},
  number={2},
  pages={373--440},
  year={2020},
  publisher={Springer}
}

@article{minoux1978accelerated,
  title={Accelerated greedy algorithms for maximizing submodular set functions},
  author={Minoux, Michel},
  journal={Optimization Techniques},
  pages={234--243},
  year={1978},
  publisher={Springer-Verlag}
}


@article{jang2016categorical,
  title={{Categorical reparameterization with Gumbel-Softmax}},
  author={Jang, Eric and Gu, Shixiang and Poole, Ben},
  journal={arXiv:1611.01144},
  year={2016}
}

@article{karypis1997metis,
  title={METIS: Unstructured graph partitioning and sparse matrix ordering system},
  author={Karypis, George},
  journal={Technical report},
  year={1997},
  publisher={Department of Computer Science, University of Minnesota}
}


@article{su2024generic,
  title={Generic network sparsification via degree-and subgraph-based edge sampling},
  author={Su, Zhen and Liu, Yang and Kurths, J{\"u}rgen and Meyerhenke, Henning},
  journal={Information Sciences},
  volume={679},
  pages={121096},
  year={2024},
  publisher={Elsevier}
}

@article{zhang2024graph,
  title={{Graph Sparsification via Mixture of Graphs}},
  author={Zhang, Guibin and Sun, Xiangguo and Yue, Yanwei and Jiang, Chonghe and Wang, Kun and Chen, Tianlong and Pan, Shirui},
  journal={arXiv:2405.14260},
  year={2024}
}

@article{chen2023demystifying,
  title={Demystifying graph sparsification algorithms in graph properties preservation},
  author={Chen, Yuhan and Ye, Haojie and Vedula, Sanketh and Bronstein, Alex and Dreslinski, Ronald and Mudge, Trevor and Talati, Nishil},
  journal={Proceedings of the VLDB Endowment},
  volume={17},
  number={3},
  pages={427--440},
  year={2023},
  publisher={VLDB Endowment}
}

@inproceedings{voudigari2016rank,
  title={Rank degree: An efficient algorithm for graph sampling},
  author={Voudigari, Elli and Salamanos, Nikos and Papageorgiou, Theodore and Yannakoudakis, Emmanuel J},
  booktitle={International Conference on Advances in Social Networks Analysis and Mining (ASONAM)},
  pages={120--129},
  year={2016},
  organization={IEEE}
}

@article{hamann2016structure,
  title={Structure-preserving sparsification methods for social networks},
  author={Hamann, Michael and Lindner, Gerd and Meyerhenke, Henning and Staudt, Christian L and Wagner, Dorothea},
  journal={Social Network Analysis and Mining},
  volume={6},
  pages={1--22},
  year={2016},
  publisher={Springer}
}


@article{leskovec2007graph,
  title={Graph evolution: Densification and shrinking diameters},
  author={Leskovec, Jure and Kleinberg, Jon and Faloutsos, Christos},
  journal={ACM transactions on Knowledge Discovery from Data (TKDD)},
  volume={1},
  number={1},
  year={2007},
  publisher={ACM New York, NY, USA}
}

@inproceedings{xu2007scan,
  title={{SCAN}: A structural clustering algorithm for networks},
  author={Xu, Xiaowei and Yuruk, Nurcan and Feng, Zhidan and Schweiger, Thomas AJ},
  booktitle={Proceedings of the 13th ACM SIGKDD international conference on knowledge discovery and data mining},
  pages={824--833},
  year={2007}
}

@article{hashemi2024comprehensive,
  title={A comprehensive survey on graph reduction: Sparsification, coarsening, and condensation},
  author={Hashemi, Mohammad and Gong, Shengbo and Ni, Juntong and Fan, Wenqi and Prakash, B Aditya and Jin, Wei},
  journal={arXiv:2402.03358},
  year={2024}
}

@article{zhou2020graph,
  title={Graph neural networks: A review of methods and applications},
  author={Zhou, Jie and Cui, Ganqu and Hu, Shengding and Zhang, Zhengyan and Yang, Cheng and Liu, Zhiyuan and Wang, Lifeng and Li, Changcheng and Sun, Maosong},
  journal={AI open},
  volume={1},
  pages={57--81},
  year={2020},
  publisher={Elsevier}
}


@inproceedings{wu2021self,
  title={Self-supervised graph learning for recommendation},
  author={Wu, Jiancan and Wang, Xiang and Feng, Fuli and He, Xiangnan and Chen, Liang and Lian, Jianxun and Xie, Xing},
  booktitle={Proceedings of the 44th international ACM SIGIR conference on research and development in information retrieval},
  pages={726--735},
  year={2021}
}

@inproceedings{yu2022graph,
  title={Are graph augmentations necessary? simple graph contrastive learning for recommendation},
  author={Yu, Junliang and Yin, Hongzhi and Xia, Xin and Chen, Tong and Cui, Lizhen and Nguyen, Quoc Viet Hung},
  booktitle={Proceedings of the 45th international ACM SIGIR conference on research and development in information retrieval},
  pages={1294--1303},
  year={2022}
}


@article{muzio2021biological,
  title={Biological network analysis with deep learning},
  author={Muzio, Giulia and O’Bray, Leslie and Borgwardt, Karsten},
  journal={Briefings in bioinformatics},
  volume={22},
  number={2},
  pages={1515--1530},
  year={2021},
  publisher={Oxford University Press}
}


@article{liu2023dspar,
  title={DSpar: An embarrassingly simple strategy for efficient GNN training and inference via degree-based sparsification},
  author={Liu, Zirui and Zhou, Kaixiong and Jiang, Zhimeng and Li, Li and Chen, Rui and Choi, Soo-Hyun and Hu, Xia},
  journal={Transactions on Machine Learning Research},
  year={2023}
}

@article{reimers2019sentence,
  title={Sentence-BERT: Sentence Embeddings using Siamese BERT-Networks},
  author={Reimers, N},
  journal={arXiv preprint arXiv:1908.10084},
  year={2019}
}

@inproceedings{das2024ags,
  title={{AGS-GNN}: Attribute-guided sampling for graph neural networks},
  author={Das, Siddhartha Shankar and Ferdous, SM and Halappanavar, Mahantesh M and Serra, Edoardo and Pothen, Alex},
  booktitle={Proceedings of the 30th ACM SIGKDD Conference on Knowledge Discovery and Data Mining},
  pages={538--549},
  year={2024}
}


@InProceedings{knnsparse,
  title = 	 {Graph Sparsification Approaches for  Laplacian Smoothing},
  author = 	 {Sadhanala, Veeru and Wang, Yu-Xiang and Tibshirani, Ryan},
  booktitle = 	 {Proceedings of the 19th International Conference on Artificial Intelligence and Statistics},
  pages = 	 {1250--1259},
  year = 	 {2016},
  editor = 	 {Gretton, Arthur and Robert, Christian C.},
  volume = 	 {51},
  series = 	 {Proceedings of Machine Learning Research},
  address = 	 {Cadiz, Spain},
  month = 	 {09--11 May},
  publisher =    {PMLR}
}


@article{wu2023alleviating,
  title={Alleviating over-smoothing via graph sparsification based on vertex feature similarity},
  author={Wu, Gongce and Lin, Shukuan and Zhuang, Yilin and Qiao, Jianzhong},
  journal={Applied Intelligence},
  volume={53},
  number={17},
  pages={20223--20238},
  year={2023},
  publisher={Springer}
}


@article{sparsegat,
  title={Sparse graph attention networks},
  author={Ye, Yang and Ji, Shihao},
  journal={IEEE Transactions on Knowledge and Data Engineering},
  volume={35},
  number={1},
  pages={905--916},
  year={2021},
  publisher={IEEE}
}
@article{Dspar,
  title={DSpar: An embarrassingly simple strategy for efficient GNN training and inference via degree-based sparsification},
  author={Liu, Zirui and Zhou, Kaixiong and Jiang, Zhimeng and Li, Li and Chen, Rui and Choi, Soo-Hyun and Hu, Xia},
  journal={Transactions on Machine Learning Research},
  year={2023}
}
@article{wang2024probability,
  title={Probability Passing for Graph Neural Networks: Graph Structure and Representations Joint Learning},
  author={Wang, Ziyan and He, Yaxuan and Liu, Bin},
  journal={arXiv:2407.10688},
  year={2024}
}
@article{augustine2024survey,
  title={A survey on universal approximation theorems},
  author={Augustine, Midhun T},
  journal={arXiv preprint arXiv:2407.12895},
  year={2024}
}
@article{cybenko1989approximation,
  title={Approximation by superpositions of a sigmoidal function},
  author={Cybenko, George},
  journal={Mathematics of control, signals and systems},
  volume={2},
  number={4},
  pages={303--314},
  year={1989},
  publisher={Springer}
}
@inproceedings{jessicafinite,
	author = {Jessica, Loh Sher En and Arafat, Naheed Anjum and Lim, Wei Xian and Chan, Wai Lee and Kong, Adams Wai Kin},
	title = {Finite volume features, global geometry representations, and residual training for deep learning-based CFD simulation},
	year = {2024},
	publisher = {JMLR.org},
	booktitle = {Proceedings of the 41st International Conference on Machine Learning},
	articleno = {865},
	numpages = {22},
	location = {Vienna, Austria},
	series = {ICML'24}
}