@inproceedings{johansson2016learning,
  title={Learning representations for counterfactual inference},
  author={Johansson, Fredrik D. and Shalit, Uri and Sontag, David},
  booktitle={International Conference on Machine Learning},
  year={2016},
}

@inproceedings{shalit2017estimating,
  title={Estimating individual treatment effect: Generalization bounds and algorithms},
  author={Shalit, Uri and Johansson, Fredrik D. and Sontag, David},
  booktitle={International Conference on Machine Learning},
  year={2017}
}

@article{johansson2022generalization,
  title={Generalization bounds and representation learning for estimation of potential outcomes and causal effects},
  author={Johansson, Fredrik D. and Shalit, Uri and Kallus, Nathan and Sontag, David},
  journal={Journal of Machine Learning Research},
  volume={23},
  pages={7489--7538},
  year={2022}
}

@inproceedings{gilbert2017towards,
  title={Towards understanding the invertibility of convolutional neural networks},
  author={Gilbert, Anna C. and Zhang, Yi and Lee, Kibok and Zhang, Yuting and Lee, Honglak},
  booktitle={International Joint Conference on Artificial Intelligence},
  year={2017}
}

@inproceedings{hassanpour2019counterfactual,
  title={{CounterFactual} Regression with Importance Sampling Weights},
  author={Hassanpour, Negar and Greiner, Russell},
  booktitle={International Joint Conference on Artificial Intelligence},
  year={2019}
}

@article{johansson2018learning,
  title={Learning weighted representations for generalization across designs},
  author={Johansson, Fredrik D. and Kallus, Nathan and Shalit, Uri and Sontag, David},
  journal={arXiv preprint arXiv:1802.08598},
  year={2018}
}

@inproceedings{zhang2020learning,
  title={Learning overlapping representations for the estimation of individualized treatment effects},
  author={Zhang, Yao and Bellot, Alexis and van der Schaar, Mihaela},
  booktitle={International Conference on Artificial Intelligence and Statistics},
  year={2020},
}

@inproceedings{hassanpour2019learning,
  title={Learning disentangled representations for counterfactual regression},
  author={Hassanpour, Negar and Greiner, Russell},
  booktitle={International Conference on Learning Representations},
  year={2019}
}

@inproceedings{assaad2021counterfactual,
  title={Counterfactual representation learning with balancing weights},
  author={Assaad, Serge and Zeng, Shuxi and Tao, Chenyang and Datta, Shounak and Mehta, Nikhil and Henao, Ricardo and Li, Fan and Carin, Lawrence},
  booktitle={International Conference on Artificial Intelligence and Statistics},
  year={2021}
}

@inproceedings{curth2021nonparametric,
  title={Nonparametric estimation of heterogeneous treatment effects: From theory to learning algorithms},
  author={Curth, Alicia and van der Schaar, Mihaela},
  booktitle={International Conference on Artificial Intelligence and Statistics},
  year={2021}
}

@inproceedings{alaa2018limits,
  title={Limits of estimating heterogeneous treatment effects: Guidelines for practical algorithm design},
  author={Alaa, Ahmed M. and van der Schaar, Mihaela},
  booktitle={International Conference on Machine Learning},
  year={2018}
}

@inproceedings{alaa2017bayesian,
  title={Bayesian inference of individualized treatment effects using multi-task {Gaussian} processes},
  author={Alaa, Ahmed M. and van der Schaar, Mihaela},
  booktitle={Advances in Neural Information Processing Systems},
  year={2017}
}

@article{kennedy2023towards,
  title={Towards optimal doubly robust estimation of heterogeneous causal effects},
  author={Kennedy, Edward H.},
  journal={Electronic Journal of Statistics},
  volume={17},
  number={2},
  pages={3008--3049},
  year={2023},
  publisher={The Institute of Mathematical Statistics and the Bernoulli Society}
}

@article{alaa2018bayesian,
  title={Bayesian nonparametric causal inference: Information rates and learning algorithms},
  author={Alaa, Ahmed M. and van der Schaar, Mihaela},
  journal={IEEE Journal of Selected Topics in Signal Processing},
  volume={12},
  pages={1031--1046},
  year={2018},
  publisher={IEEE}
}

@article{nie2021quasi,
  title={Quasi-oracle estimation of heterogeneous treatment effects},
  author={Nie, Xinkun and Wager, Stefan},
  journal={Biometrika},
  volume={108},
  pages={299--319},
  year={2021},
  publisher={Oxford University Press}
}

@article{kennedy2024minimax,
  title={Minimax rates for heterogeneous causal effect estimation},
  author={Kennedy, Edward H. and Balakrishnan, Sivaraman and Robins, James M. and Wasserman, Larry},
  journal={The Annals of Statistics},
  volume={52},
  number={2},
  pages={793--816},
  year={2024},
  publisher={Institute of Mathematical Statistics}
}

@article{tan2006distributional,
  title={A distributional approach for causal inference using propensity scores},
  author={Tan, Zhiqiang},
  journal={Journal of the American Statistical Association},
  volume={101},
  number={476},
  pages={1619--1637},
  year={2006},
  publisher={Taylor \& Francis}
}

@inproceedings{jesson2021quantifying,
  title={Quantifying ignorance in individual-level causal-effect estimates under hidden confounding},
  author={Jesson, Andrew and Mindermann, S{\"o}ren and Gal, Yarin and Shalit, Uri},
  booktitle={International Conference on Machine Learning},
  year={2021}
}

@inproceedings{oprescu2023b,
  title={{B-learner}: Quasi-oracle bounds on heterogeneous causal effects under hidden confounding},
  author={Oprescu, Miruna and Dorn, Jacob and Ghoummaid, Marah and Jesson, Andrew and Kallus, Nathan and Shalit, Uri},
  booktitle={International Conference on Machine Learning},
  year={2023}
}

@inproceedings{frauen2023sharp,
  title={Sharp Bounds for Generalized Causal Sensitivity Analysis},
  author={Frauen, Dennis and Melnychuk, Valentyn and Feuerriegel, Stefan},
  booktitle={Advances in Neural Information Processing Systems},
  year={2023}
}

@article{chipman2010bart,
  title={{BART}: Bayesian additive regression trees},
  author={Chipman, Hugh A. and George, Edward I. and McCulloch, Robert E.},
  journal={The Annals of Applied Statistics},
  volume={4},
  number={1},
  year={2010},
  publisher={Institute of Mathematical Statistics}
}

@article{wager2018estimation,
  title={Estimation and inference of heterogeneous treatment effects using random forests},
  author={Wager, Stefan and Athey, Susan},
  journal={Journal of the American Statistical Association},
  volume={113},
  number={523},
  pages={1228--1242},
  year={2018},
  publisher={Taylor \& Francis}
}

@article{hill2011bayesian,
  title={Bayesian nonparametric modeling for causal inference},
  author={Hill, Jennifer L.},
  journal={Journal of Computational and Graphical Statistics},
  volume={20},
  number={1},
  pages={217--240},
  year={2011},
  publisher={Taylor \& Francis}
}

@article{kunzel2019metalearners,
  title={Metalearners for estimating heterogeneous treatment effects using machine learning},
  author={K{\"u}nzel, S{\"o}ren R. and Sekhon, Jasjeet S. and Bickel, Peter J. and Yu, Bin},
  journal={Proceedings of the National Academy of Sciences},
  volume={116},
  number={10},
  pages={4156--4165},
  year={2019},
  publisher={National Academy of Sciences}
}

@article{chernozhukov2017double,
  title={{Double/debiased/Neyman} machine learning of treatment effects},
  author={Chernozhukov, Victor and Chetverikov, Denis and Demirer, Mert and Duflo, Esther and Hansen, Christian and Newey, Whitney},
  journal={American Economic Review},
  volume={107},
  number={5},
  pages={261--265},
  year={2017},
  publisher={American Economic Association}
}

@article{hansen2008prognostic,
  title={The prognostic analogue of the propensity score},
  author={Hansen, Ben B.},
  journal={Biometrika},
  volume={95},
  number={2},
  pages={481--488},
  year={2008},
  publisher={Oxford University Press}
}

@article{hu2014estimation,
  title={Estimation of mean response via the effective balancing score},
  author={Hu, Zonghui and Follmann, Dean A. and Wang, Naisyin},
  journal={Biometrika},
  volume={101},
  number={3},
  pages={613--624},
  year={2014},
  publisher={Oxford University Press}
}

@article{huang2017joint,
  title={Joint sufficient dimension reduction and estimation of conditional and average treatment effects},
  author={Huang, Ming-Yueh and Chan, Kwun Chuen Gary},
  journal={Biometrika},
  volume={104},
  number={3},
  pages={583--596},
  year={2017},
  publisher={Oxford University Press}
}

@inproceedings{jesson2020identifying,
  title={Identifying causal-effect inference failure with uncertainty-aware models},
  author={Jesson, Andrew and Mindermann, S{\"o}ren and Shalit, Uri and Gal, Yarin},
  booktitle={Advances in Neural Information Processing Systems},
  year={2020}
}

@article{dorn2022sharp,
  title={Sharp sensitivity analysis for inverse propensity weighting via quantile balancing},
  author={Dorn, Jacob and Guo, Kevin},
  journal={Journal of the American Statistical Association},
  pages={1--13},
  year={2022},
  publisher={Taylor \& Francis}
}

@article{blackwell2014selection,
  title={A selection bias approach to sensitivity analysis for causal effects},
  author={Blackwell, Matthew},
  journal={Political Analysis},
  volume={22},
  number={2},
  pages={169--182},
  year={2014},
  publisher={Cambridge University Press}
}

@article{robins2000sensitivity,
  title={Sensitivity analysis for selection bias and unmeasured confounding in missing data and causal inference models},
  author={Robins, James M. and Rotnitzky, Andrea and Scharfstein, Daniel O.},
  journal={IMA Volumes in Mathematics and its Applications},
  volume={116},
  pages={1--94},
  year={2000},
  publisher={Springer}
}

@article{bonvini2022sensitivity,
  title={Sensitivity Analysis for Marginal Structural Models},
  author={Bonvini, Matteo and Kennedy, Edward and Ventura, Valerie and Wasserman, Larry},
  journal={arXiv preprint arXiv:2210.04681},
  year={2022}
}

@article{rubin1974estimating,
  title={Estimating causal effects of treatments in randomized and nonrandomized studies.},
  author={Rubin, Donald B.},
  journal={Journal of Educational Psychology},
  volume={66},
  number={5},
  pages={688},
  year={1974},
  publisher={American Psychological Association}
}

@inproceedings{kallus2019interval,
  title={Interval estimation of individual-level causal effects under unobserved confounding},
  author={Kallus, Nathan and Mao, Xiaojie and Zhou, Angela},
  booktitle={International Conference on Artificial Intelligence and Statistics},
  year={2019}
}

@inproceedings{anand2023causal,
  title={Causal effect identification in cluster {DAGs}},
  author={Anand, Tara V. and Ribeiro, Adele H. and Tian, Jin and Bareinboim, Elias},
  booktitle={AAAI Conference on Artificial Intelligence},
  year={2023}
}

@inproceedings{rubenstein2017causal,
  title = {Causal Consistency of Structural Equation Models},
  author = {Rubenstein, P. K. and Weichwald, S. and Bongers, S. and Mooij, J. M. and Janzing, D. and Grosse-Wentrup, M. and Sch{\"o}lkopf, B.},
  booktitle = {Conference on Uncertainty in Artificial Intelligence},
  year = {2017}
}

@article{yao2018representation,
  title={Representation learning for treatment effect estimation from observational data},
  author={Yao, Liuyi and Li, Sheng and Li, Yaliang and Huai, Mengdi and Gao, Jing and Zhang, Aidong},
  journal={Advances in Neural Information Processing Systems},
  year={2018}
}

@article{ding2017instrumental,
  title={Instrumental variables as bias amplifiers with general outcome and confounding},
  author={Ding, Peng and VanderWeele, TJ. and Robins, James M.},
  journal={Biometrika},
  volume={104},
  number={2},
  pages={291--302},
  year={2017},
  publisher={Oxford University Press}
}

@article{artzner1999coherent,
  title={Coherent measures of risk},
  author={Artzner, Philippe and Delbaen, Freddy and Eber, Jean-Marc and Heath, David},
  journal={Mathematical Finance},
  volume={9},
  number={3},
  pages={203--228},
  year={1999},
  publisher={Wiley Online Library}
}

@article{kallus2023treatment,
  title={Treatment effect risk: Bounds and inference},
  author={Kallus, Nathan},
  journal={Management Science},
  volume={69},
  number={8},
  pages={4579--4590},
  year={2023},
  publisher={INFORMS}
}

@article{trippe2018conditional,
  title={Conditional density estimation with {Bayesian} normalising flows},
  author={Trippe, Brian L. and Turner, Richard E.},
  journal={arXiv preprint arXiv:1802.04908},
  year={2018}
}

@inproceedings{durkan2019neural,
  title={Neural spline flows},
  author={Durkan, Conor and Bekasov, Artur and Murray, Iain and Papamakarios, George},
  booktitle={Advances in Neural Information Processing Systems},
  year={2019}
}

@article{rothfuss2019noise,
  title={Noise regularization for conditional density estimation},
  author={Rothfuss, Jonas and Ferreira, Fabio and Boehm, Simon and Walther, Simon and Ulrich, Maxim and Asfour, Tamim and Krause, Andreas},
  journal={arXiv preprint arXiv:1907.08982},
  year={2019}
}


@inproceedings{loshchilov2019decoupled,
    title={Decoupled Weight Decay Regularization},
    author={Ilya Loshchilov and Frank Hutter},
    booktitle={International Conference on Learning Representations},
    year={2019},
}

@article{kraus2023data,
  title={Data-Driven Allocation of Preventive Care With Application to Diabetes Mellitus Type {II}},
  author={Kraus, Mathias and Feuerriegel, Stefan and Saar-Tsechansky, Maytal},
  journal={Manufacturing \& Service Operations Management},
  year={2023}
}

@article{varian2016causal,
  title={Causal inference in economics and marketing},
  author={Varian, Hal R.},
  journal={Proceedings of the National Academy of Sciences},
  volume={113},
  number={27},
  pages={7310--7315},
  year={2016},
  publisher={National Academy of Sciences}
}

@article{imbens1994identification,
  title={Identification and Estimation of Local Average Treatment Effects},
  author={Imbens, Guido and Angrist, Joshua},
  journal={Econometrica},
  volume={62},
  number={2},
  pages={467--475},
  year={1994},
  publisher={John Wiley and Sons}
}

@article{lecun1998mnist,
  title={The {MNIST} database of handwritten digits},
  author={LeCun, Yann},
  journal={http://yann.lecun.com/exdb/mnist/},
  year={1998}
}

@article{wu2022learning,
  title={Learning decomposed representations for treatment effect estimation},
  author={Wu, Anpeng and Yuan, Junkun and Kuang, Kun and Li, Bo and Wu, Runze and Zhu, Qiang and Zhuang, Yueting and Wu, Fei},
  journal={IEEE Transactions on Knowledge and Data Engineering},
  volume={35},
  number={5},
  pages={4989--5001},
  year={2022},
  publisher={IEEE}
}

@article{atan2018counterfactual,
  title={Counterfactual policy optimization using domain-adversarial neural networks},
  author={Atan, Onur and Zame, William R. and van der Schaar, Mihaela},
  year={2018}
}

@inproceedings{bica2020estimating,
    title={Estimating counterfactual treatment outcomes over time through adversarially balanced representations},
    author={Ioana Bica and Ahmed M. Alaa and James Jordon and Mihaela van der Schaar},
    booktitle={International Conference on Learning Representations},
    year={2020}
}

@inproceedings{melnychuk2022causal,
  title={Causal Transformer for Estimating Counterfactual Outcomes},
  author={Melnychuk, Valentyn and Frauen, Dennis and Feuerriegel, Stefan},
  booktitle={International Conference on Machine Learning},
  year={2022}
}

@article{daniel2013methods,
  title={Methods for dealing with time-dependent confounding},
  author={Daniel, Rhian M. and Cousens, S.N. and De Stavola, B.L. and Kenward, Michael G. and Sterne, J.A.C.},
  journal={Statistics in medicine},
  volume={32},
  number={9},
  pages={1584--1618},
  year={2013},
  publisher={Wiley Online Library}
}

@article{cinelli2022crash,
  title={A crash course in good and bad controls},
  author={Cinelli, Carlos and Forney, Andrew and Pearl, Judea},
  journal={Sociological Methods \& Research},
  year={2022},
  publisher={SAGE Publications Sage CA: Los Angeles, CA}
}

@article{curth2021inductive,
  title={On inductive biases for heterogeneous treatment effect estimation},
  author={Curth, Alicia and van der Schaar, Mihaela},
  journal={Advances in Neural Information Processing Systems},
  year={2021}
}

@article{ding2015adjust,
  title={To adjust or not to adjust? {S}ensitivity analysis of {M}-bias and butterfly-bias},
  author={Ding, Peng and Miratrix, Luke W.},
  journal={Journal of Causal Inference},
  volume={3},
  number={1},
  pages={41--57},
  year={2015},
  publisher={De Gruyter}
}

@article{du2021adversarial,
  title={Adversarial balancing-based representation learning for causal effect inference with observational data},
  author={Du, Xin and Sun, Lei and Duivesteijn, Wouter and Nikolaev, Alexander and Pechenizkiy, Mykola},
  journal={Data Mining and Knowledge Discovery},
  volume={35},
  number={4},
  pages={1713--1738},
  year={2021},
  publisher={Springer}
}

@inproceedings{hess2024bayesian,
    title={Bayesian Neural Controlled Differential Equations for Treatment Effect Estimation},
    author={Konstantin Hess and Valentyn Melnychuk and Dennis Frauen and Stefan Feuerriegel},
    booktitle={International Conference on Learning Representations},
    year={2024},
}

@inproceedings{seedat2022continuous,
  title={Continuous-Time Modeling of Counterfactual Outcomes Using Neural Controlled Differential Equations},
  author={Seedat, Nabeel and Imrie, Fergus and Bellot, Alexis and Qian, Zhaozhi and van der Schaar, Mihaela},
  booktitle={International Conference on Machine Learning},
  year={2022}
}

@inproceedings{wu2023stable,
  title={Stable estimation of heterogeneous treatment effects},
  author={Wu, Anpeng and Kuang, Kun and Xiong, Ruoxuan and Li, Bo and Wu, Fei},
  booktitle={International Conference on Machine Learning},
  year={2023}
}

@article{schwab2018perfect,
  title={Perfect match: A simple method for learning representations for counterfactual inference with neural networks},
  author={Schwab, Patrick and Linhardt, Lorenz and Karlen, Walter},
  journal={arXiv preprint arXiv:1810.00656},
  year={2018}
}

@inproceedings{guo2023estimating,
  title={Estimating heterogeneous treatment effects: Mutual information bounds and learning algorithms},
  author={Guo, Xingzhuo and Zhang, Yuchen and Wang, Jianmin and Long, Mingsheng},
  booktitle={International Conference on Machine Learning},
  year={2023}
}

@article{wang2024optimal,
  title={Optimal transport for treatment effect estimation},
  author={Wang, Hao and Fan, Jiajun and Chen, Zhichao and Li, Haoxuan and Liu, Weiming and Liu, Tianqiao and Dai, Quanyu and Wang, Yichao and Dong, Zhenhua and Tang, Ruiming},
  journal={Advances in Neural Information Processing Systems},
  year={2024}
}

@article{coston2020counterfactual,
  title={Counterfactual predictions under runtime confounding},
  author={Coston, Amanda and Kennedy, Edward and Chouldechova, Alexandra},
  journal={Advances in Neural Information Processing Systems},
  year={2020}
}

@article{feuerriegel2024causal,
 author = {Feuerriegel, Stefan and Frauen, Dennis and Melnychuk, Valentyn and Schweisthal, Jonas and Hess, Konstantin and Curth, Alicia and Bauer, Stefan and Kilbertus, Niki and Kohane, Isaac S. and {van der Schaar}, Mihaela},
 year = {2024},
 title = {Causal machine learning for predicting treatment outcomes},
 journal = {Nature Medicine},
}

@inproceedings{frauen2024fair,
  title={Fair Off-Policy Learning from Observational Data},
  author={Frauen, Dennis and Melnychuk, Valentyn and Feuerriegel, Stefan},
  booktitle={International Conference on Machine Learning},
  year={2024}
}

@inproceedings{melnychuk2024bounds,
  title={Bounds on Representation-Induced Confounding Bias for Treatment Effect Estimation},
  author={Melnychuk, Valentyn and Frauen, Dennis and Feuerriegel, Stefan},
  booktitle={International Conference on Learning Representations},
  year={2024}
}

@article{vansteelandt2023orthogonal,
  title={Orthogonal prediction of counterfactual outcomes},
  author={Vansteelandt, Stijn and Morzywo{\l}ek, Pawe{\l}},
  journal={arXiv preprint arXiv:2311.09423},
  year={2023}
}

@article{morzywolek2023general,
  title={On a General Class of Orthogonal Learners for the Estimation of Heterogeneous Treatment Effects},
  author={Morzywolek, Pawel and Decruyenaere, Johan and Vansteelandt, Stijn},
  journal={arXiv preprint arXiv:2303.12687},
  year={2023}
}

@article{foster2023orthogonal,
  title={Orthogonal statistical learning},
  author={Foster, Dylan J. and Syrgkanis, Vasilis},
  journal={The Annals of Statistics},
  volume={51},
  number={3},
  pages={879--908},
  year={2023},
  publisher={Institute of Mathematical Statistics}
}

@inproceedings{kim2022learning,
  title={Learning fair representation with a parametric integral probability metric},
  author={Kim, Dongha and Kim, Kunwoong and Kong, Insung and Ohn, Ilsang and Kim, Yongdai},
  booktitle={International Conference on Machine Learning},
  year={2022},
}

@inproceedings{kuzmanovic2024causal,
  title={Causal machine learning for cost-effective allocation of development aid},
  author={Kuzmanovic, Milan and Frauen, Dennis and Hatt, Tobias and Feuerriegel, Stefan},
  booktitle={ACM SIGKDD International Conference on Knowledge Discovery and Data Mining},
  year={2024}
}

@article{basu2011estimating,
  title={Estimating treatment effects on healthcare costs under exogeneity: is there a ‘magic bullet’?},
  author={Basu, Anirban and Polsky, Daniel and Manning, Willard G.},
  journal={Health Services and Outcomes Research Methodology},
  volume={11},
  pages={1--26},
  year={2011},
  publisher={Springer}
}

@inproceedings{johansson2019support,
  title={Support and invertibility in domain-invariant representations},
  author={Johansson, Fredrik D. and Sontag, David and Ranganath, Rajesh},
  booktitle={International Conference on Artificial Intelligence and Statistics},
  year={2019}
}

@incollection{lecun2002efficient,
  title={Efficient backprop},
  author={LeCun, Yann and Bottou, L{\'e}on and Orr, Genevieve B. and M{\"u}ller, Klaus-Robert},
  booktitle={Neural networks: Tricks of the trade},
  pages={9--50},
  year={2002},
  publisher={Springer}
}

@article{ohn2019smooth,
  title={Smooth function approximation by deep neural networks with general activation functions},
  author={Ohn, Ilsang and Kim, Yongdai},
  journal={Entropy},
  volume={21},
  number={7},
  pages={627},
  year={2019},
  publisher={MDPI}
}

@article{yang2024revisiting,
  title={Revisiting Counterfactual Regression through the Lens of {G}romov-{W}asserstein Information Bottleneck},
  author={Yang, Hao and Sun, Zexu and Xu, Hongteng and Chen, Xu},
  journal={arXiv preprint arXiv:2405.15505},
  year={2024}
}

@inproceedings{chauhan2023adversarial,
  title={Adversarial de-confounding in individualised treatment effects estimation},
  author={Chauhan, Vinod K. and Molaei, Soheila and Tania, Marzia Hoque and Thakur, Anshul and Zhu, Tingting and Clifton, David A.},
  booktitle={International Conference on Artificial Intelligence and Statistics},
  year={2023},
}

@article{shi2019adapting,
  title={Adapting neural networks for the estimation of treatment effects},
  author={Shi, Claudia and Blei, David and Veitch, Victor},
  journal={Advances in Neural Information Processing Systems},
  year={2019}
}

@inproceedings{fisher2024inverse,
  title={Inverse-Variance Weighting for Estimation of Heterogeneous Treatment Effects},
  author={Fisher, Aaron},
  booktitle={International Conference on Machine Learning},
  year={2024}
}

@book{van2011targeted,
  title={Targeted learning: causal inference for observational and experimental data},
  author={van der Laan, Mark J. and Rose, Sherri and others},
  volume={4},
  year={2011},
  publisher={Springer}
}

@article{van2024combining,
  title={Combining {T}-learning and {DR}-learning: a framework for oracle-efficient estimation of causal contrasts},
  author={van der Laan, Lars and Carone, Marco and Luedtke, Alex},
  journal={arXiv preprint arXiv:2402.01972},
  year={2024}
}

@inproceedings{kim2023fair,
  title={Fair and robust estimation of heterogeneous treatment effects for policy learning},
  author={Kim, Kwangho and Zubizarreta, Jos{\'e} R},
  booktitle={International Conference on Machine Learning},
  year={2023},
}

@inproceedings{zemel2013learning,
  title={Learning fair representations},
  author={Zemel, Rich and Wu, Yu and Swersky, Kevin and Pitassi, Toni and Dwork, Cynthia},
  booktitle={International Conference on Machine Learning},
  year={2013}
}

@inproceedings{madras2018learning,
  title={Learning adversarially fair and transferable representations},
  author={Madras, David and Creager, Elliot and Pitassi, Toniann and Zemel, Richard},
  booktitle={International Conference on Machine Learning},
  year={2018},
}

@inproceedings{csillag2024generalization,
  title={Generalization Bounds for Causal Regression: Insights, Guarantees and Sensitivity Analysis},
  author={Csillag, Daniel and Struchiner, Claudio Jose and Goedert, Guilherme Tegoni},
  booktitle={International Conference on Machine Learning},
  year={2024},
}

@inproceedings{huang2024unveiling,
  title={Unveiling the Potential of Robustness in Evaluating Causal Inference Models},
  author={Huang, Yiyan and Leung, Cheuk Hang and Wang, Siyi and Li, Yijun and Wu, Qi},
  booktitle={Advances in Neural Information Processing Systems},
  year={2024}
}

@article{curth2020estimating,
  title={Estimating structural target functions using machine learning and influence functions},
  author={Curth, Alicia and Alaa, Ahmed M. and van der Schaar, Mihaela},
  journal={arXiv preprint arXiv:2008.06461},
  year={2020}
}

@article{robins1995semiparametric,
  title={Semiparametric efficiency in multivariate regression models with missing data},
  author={Robins, James M. and Rotnitzky, Andrea},
  journal={Journal of the American Statistical Association},
  volume={90},
  number={429},
  pages={122--129},
  year={1995},
  publisher={Taylor \& Francis}
}

@article{tabak2010density,
  title={Density estimation by dual ascent of the log-likelihood},
  author={Tabak, Esteban G. and Vanden-Eijnden, Eric},
  journal={Communications in Mathematical Sciences},
  volume={8},
  number={1},
  pages={217--233},
  year={2010},
  publisher={International Press of Boston}
}

@inproceedings{rezende2015variational,
  title={Variational inference with normalizing flows},
  author={Rezende, Danilo and Mohamed, Shakir},
  booktitle={International Conference on Machine Learning},
  year={2015}
}

@inproceedings{curth2023search,
  title={In search of insights, not magic bullets: Towards demystification of the model selection dilemma in heterogeneous treatment effect estimation},
  author={Curth, Alicia and van der Schaar, Mihaela},
  booktitle={International Conference on Machine Learning},
  year={2023},
}

@article{dorie2019automated,
  title={Automated versus do-it-yourself methods for causal inference: Lessons learned from a data analysis competition},
  author={Dorie, Vincent and Hill, Jennifer and Shalit, Uri and Scott, Marc and Cervone, Dan},
  journal={Statistical Science},
  volume={34},
  number={1},
  pages={43--68},
  year={2019},
  publisher={Institute of Mathematical Statistics}
}

@inproceedings{curth2021really,
  title={Really doing great at estimating {CATE}? {A} critical look at {ML} benchmarking practices in treatment effect estimation},
  author={Curth, Alicia and Svensson, David and Weatherall, Jim and van der Schaar, Mihaela},
  booktitle={Advances in Neural Information Processing Systems},
  year={2021}
}


@article{niswander1972collaborative,
  title={The collaborative perinatal study of the {National Institute of Neurological Diseases and Stroke}},
  author={Niswander, Kenneth R.},
  journal={The Woman and Their Pregnancies},
  year={1972},
  publisher={WB Saunders Company}
}

@inproceedings{chen2019residual,
  title={Residual flows for invertible generative modeling},
  author={Chen, Ricky T.Q. and Behrmann, Jens and Duvenaud, David K. and Jacobsen, J{\"o}rn-Henrik},
  booktitle={Advances in Neural Information Processing Systems},
  year={2019}
}

@article{rosenbaum1983central,
  title={The central role of the propensity score in observational studies for causal effects},
  author={Rosenbaum, Paul R. and Rubin, Donald B.},
  journal={Biometrika},
  volume={70},
  number={1},
  pages={41--55},
  year={1983},
  publisher={Oxford University Press}
}

@article{luo2020matching,
  title={Matching using sufficient dimension reduction for causal inference},
  author={Luo, Wei and Zhu, Yeying},
  journal={Journal of Business \& Economic Statistics},
  volume={38},
  number={4},
  pages={888--900},
  year={2020},
  publisher={Taylor \& Francis}
}

@article{d2021deconfounding,
  title={Deconfounding scores: {F}eature representations for causal effect estimation with weak overlap},
  author={D'Amour, Alexander and Franks, Alexander},
  journal={arXiv preprint arXiv:2104.05762},
  year={2021}
}

@article{antonelli2018doubly,
  title={Doubly robust matching estimators for high dimensional confounding adjustment},
  author={Antonelli, Joseph and Cefalu, Matthew and Palmer, Nathan and Agniel, Denis},
  journal={Biometrics},
  volume={74},
  number={4},
  pages={1171--1179},
  year={2018},
  publisher={Oxford University Press}
}

@article{hanin2019universal,
  title={Universal function approximation by deep neural nets with bounded width and relu activations},
  author={Hanin, Boris},
  journal={Mathematics},
  volume={7},
  number={10},
  pages={992},
  year={2019},
  publisher={MDPI}
}

@inproceedings{kidger2020universal,
  title={Universal approximation with deep narrow networks},
  author={Kidger, Patrick and Lyons, Terry},
  booktitle={Conference on Learning Theory},
  year={2020}
}

@misc{crump2006moving,
  title={Moving the goalposts: {A}ddressing limited overlap in the estimation of average treatment effects by changing the estimand},
  author={Crump, Richard K. and Hotz, V. Joseph and Imbens, Guido and Mitnik, Oscar},
  year={2006},
  publisher={National Bureau of Economic Research Cambridge, Mass., USA}
}

@article{fiedler2023lipschitz,
  title={Lipschitz and {H}{\"o}lder Continuity in Reproducing Kernel {H}ilbert Spaces},
  author={Fiedler, Christian},
  journal={arXiv preprint arXiv:2310.18078},
  year={2023}
}

@article{keup2022origami,
  title={Origami in {N} dimensions: {H}ow feed-forward networks manufacture linear separability},
  author={Keup, Christian and Helias, Moritz},
  journal={arXiv preprint arXiv:2203.11355},
  year={2022}
}

@article{balakrishnan2023fundamental,
  title={The fundamental limits of structure-agnostic functional estimation},
  author={Balakrishnan, Sivaraman and Kennedy, Edward H. and Wasserman, Larry},
  journal={arXiv preprint arXiv:2305.04116},
  year={2023}
}

@article{elbrachter2021deep,
  title={Deep neural network approximation theory},
  author={Elbr{\"a}chter, Dennis and Perekrestenko, Dmytro and Grohs, Philipp and B{\"o}lcskei, Helmut},
  journal={IEEE Transactions on Information Theory},
  volume={67},
  number={5},
  pages={2581--2623},
  year={2021},
  publisher={IEEE}
}

@article{polyak1992acceleration,
  title={Acceleration of stochastic approximation by averaging},
  author={Polyak, Boris T. and Juditsky, Anatoli B.},
  journal={SIAM Journal on Control and Optimization},
  volume={30},
  number={4},
  pages={838--855},
  year={1992},
  publisher={SIAM}
}

@inproceedings{frauen2025modelagnostic,
    title={Model-agnostic meta-learners for estimating heterogeneous treatment effects over time},
    author={Frauen, Dennis and Hess, Konstantin and Feuerriegel, Stefan},
    booktitle={International Conference on Learning Representations},
    year={2025},
}

@article{gupta2020distribution,
  title={Distribution-free binary classification: prediction sets, confidence intervals and calibration},
  author={Gupta, Chirag and Podkopaev, Aleksandr and Ramdas, Aaditya},
  journal={Advances in Neural Information Processing Systems},
  year={2020}
}

@inproceedings{van2023causal,
  title={Causal isotonic calibration for heterogeneous treatment effects},
  author={van der Laan, Lars and Ulloa-P{\'e}rez, Ernesto and Carone, Marco and Luedtke, Alex},
  booktitle={International Conference on Machine Learning},
  year={2023}
}