@article{chernozhukov2017double,
  title={{Double/debiased/Neyman} machine learning of treatment effects},
  author={Chernozhukov, Victor and Chetverikov, Denis and Demirer, Mert and Duflo, Esther and Hansen, Christian and Newey, Whitney},
  journal={American Economic Review},
  volume={107},
  number={5},
  pages={261--265},
  year={2017},
  publisher={American Economic Association}
}

@article{curth2020estimating,
  title={Estimating structural target functions using machine learning and influence functions},
  author={Curth, Alicia and Alaa, Ahmed M. and van der Schaar, Mihaela},
  journal={arXiv preprint arXiv:2008.06461},
  year={2020}
}

@article{curth2021inductive,
  title={On inductive biases for heterogeneous treatment effect estimation},
  author={Curth, Alicia and van der Schaar, Mihaela},
  journal={Advances in Neural Information Processing Systems},
  year={2021}
}

@inproceedings{curth2021nonparametric,
  title={Nonparametric estimation of heterogeneous treatment effects: From theory to learning algorithms},
  author={Curth, Alicia and van der Schaar, Mihaela},
  booktitle={International Conference on Artificial Intelligence and Statistics},
  year={2021}
}

@article{foster2023orthogonal,
  title={Orthogonal statistical learning},
  author={Foster, Dylan J. and Syrgkanis, Vasilis},
  journal={The Annals of Statistics},
  volume={51},
  number={3},
  pages={879--908},
  year={2023},
  publisher={Institute of Mathematical Statistics}
}

@inproceedings{frauen2025modelagnostic,
    title={Model-agnostic meta-learners for estimating heterogeneous treatment effects over time},
    author={Frauen, Dennis and Hess, Konstantin and Feuerriegel, Stefan},
    booktitle={International Conference on Learning Representations},
    year={2025},
}

@inproceedings{johansson2016learning,
  title={Learning representations for counterfactual inference},
  author={Johansson, Fredrik D. and Shalit, Uri and Sontag, David},
  booktitle={International Conference on Machine Learning},
  year={2016},
}

@inproceedings{johansson2019support,
  title={Support and invertibility in domain-invariant representations},
  author={Johansson, Fredrik D. and Sontag, David and Ranganath, Rajesh},
  booktitle={International Conference on Artificial Intelligence and Statistics},
  year={2019}
}

@article{johansson2022generalization,
  title={Generalization bounds and representation learning for estimation of potential outcomes and causal effects},
  author={Johansson, Fredrik D. and Shalit, Uri and Kallus, Nathan and Sontag, David},
  journal={Journal of Machine Learning Research},
  volume={23},
  pages={7489--7538},
  year={2022}
}

@article{kennedy2023towards,
  title={Towards optimal doubly robust estimation of heterogeneous causal effects},
  author={Kennedy, Edward H.},
  journal={Electronic Journal of Statistics},
  volume={17},
  number={2},
  pages={3008--3049},
  year={2023},
  publisher={The Institute of Mathematical Statistics and the Bernoulli Society}
}

@article{kunzel2019metalearners,
  title={Metalearners for estimating heterogeneous treatment effects using machine learning},
  author={K{\"u}nzel, S{\"o}ren R. and Sekhon, Jasjeet S. and Bickel, Peter J. and Yu, Bin},
  journal={Proceedings of the National Academy of Sciences},
  volume={116},
  number={10},
  pages={4156--4165},
  year={2019},
  publisher={National Academy of Sciences}
}

@inproceedings{melnychuk2024bounds,
  title={Bounds on Representation-Induced Confounding Bias for Treatment Effect Estimation},
  author={Melnychuk, Valentyn and Frauen, Dennis and Feuerriegel, Stefan},
  booktitle={International Conference on Learning Representations},
  year={2024}
}

@article{morzywolek2023general,
  title={On a General Class of Orthogonal Learners for the Estimation of Heterogeneous Treatment Effects},
  author={Morzywolek, Pawel and Decruyenaere, Johan and Vansteelandt, Stijn},
  journal={arXiv preprint arXiv:2303.12687},
  year={2023}
}

@article{nie2021quasi,
  title={Quasi-oracle estimation of heterogeneous treatment effects},
  author={Nie, Xinkun and Wager, Stefan},
  journal={Biometrika},
  volume={108},
  pages={299--319},
  year={2021},
  publisher={Oxford University Press}
}

@inproceedings{shalit2017estimating,
  title={Estimating individual treatment effect: Generalization bounds and algorithms},
  author={Shalit, Uri and Johansson, Fredrik D. and Sontag, David},
  booktitle={International Conference on Machine Learning},
  year={2017}
}

