
@article{zhang2024humor,
  title={Humor in AI: Massive Scale Crowd-Sourced Preferences and Benchmarks for Cartoon Captioning},
  author={Zhang, Jifan and Jain, Lalit and Guo, Yang and Chen, Jiayi and Zhou, Kuan Lok and Suresh, Siddharth and Wagenmaker, Andrew and Sievert, Scott and Rogers, Timothy and Jamieson, Kevin and others},
  journal={arXiv preprint arXiv:2406.10522},
  year={2024}
}


@article{Binsted2006,
  author    = {Kim Binsted and others},
  title     = {Computational Humor: An Implemented Model of Puns},
  journal   = {IEEE Intelligent Systems},
  year      = {2006},
  volume    = {21},
  number    = {2},
  pages     = {59--69},
}

@book{Apte1988,
  author    = {Surender Apte},
  title     = {Humor and Laughter: An Anthropological Approach},
  year      = {1988},
  publisher = {Transaction Publishers},
}

@article{JentzschKersting2023,
  author    = {Sophie Jentzsch and Kristian Kersting},
  title     = {ChatGPT is fun, but it is not funny! Humor is still challenging Large Language Models},
  journal   = {arXiv preprint arXiv:2306.04563},
  year      = {2023},
}

@misc{Zhong2023,
  author    = {Shanshan Zhong and Zhongzhan Huang and Shanghua Gao and Wushao Wen and Liang Lin and Marinka Zitnik and Pan Zhou},
  title     = {Let's Think Outside the Box: Exploring Leap-of-Thought in Large Language Models with Creative Humor Generation},
  howpublished = {\url{https://arxiv.org/abs/2312.02439}},
  year      = {2023},
}

@misc{Baluja2025,
  author    = {Ashwin Baluja},
  title     = {Text Is Not All You Need: Multimodal Prompting Helps LLMs Understand Humor},
  howpublished = {\url{https://aclanthology.org/2025.chum-1.2.pdf}},
  year      = {2025},
}

@misc{Horvitz2024,
  author    = {Zachary Horvitz and others},
  title     = {Getting Serious about Humor: Crafting Humor Datasets with Unfunny Large Language Models},
  howpublished = {\url{https://arxiv.org/abs/2403.00794}},
  year      = {2024},
}

@misc{Mirowski2024,
  author    = {Piotr W. Mirowski and others},
  title     = {A Robot Walks into a Bar: Can Language Models Serve as Creativity Support Tools for Comedy?},
  howpublished = {\url{https://doi.org/10.48550/arxiv.2405.20956}},
  year      = {2024},
}

@@article{NYPost2024,
  title   = {Is AI funnier than humans? This study says so — but you be the judge},
  author  = {{New York Post}},
  year    = {2024},
  month   = {July},
  day     = {16},
  url     = {https://nypost.com/2024/07/16/tech/is-ai-funnier-than-humans-this-study-says-so-but-you-be-the-judge/}
}

@article{LastLaugh2024,
  title   = {The Last Laugh: Exploring the Role of Humor as a Benchmark for Large Language Models},
  author  = {Robison, Greg},
  year    = {2024},
  month   = {February},
  day     = {12},
  url     = {https://www.lesswrong.com/posts/2djAwm3B8CdoKZ44s/the-last-laugh-exploring-the-role-of-humor-as-a-benchmark}
}


@book{Mankoff2008,
  author    = {Robert Mankoff},
  title     = {The New Yorker Cartoon Caption Contest},
  publisher = {Andrews McMeel Publishing},
  year      = {2008},
  address   = {Kansas City},
  edition   = {First Edition},
}

@inproceedings{hessel-etal-2023-androids,
    title = {Do Androids Laugh at Electric Sheep? Humor ``Understanding'' Benchmarks from The New Yorker Caption Contest},
    author = {Hessel, Jack and Marasović, Ana and Hwang, Jena D. and Lee, Lillian and Da, Jeff and Zellers, Rowan and Mankoff, Robert and Choi, Yejin},
    editor = {Rogers, Anna and Boyd-Graber, Jordan and Okazaki, Naoaki},
    booktitle = {Proceedings of the 61st Annual Meeting of the Association for Computational Linguistics (Volume 1: Long Papers)},
    month = jul,
    year = {2023},
    address = {Toronto, Canada},
    publisher = {Association for Computational Linguistics},
    pages = {688--714},
    doi = {10.18653/v1/2023.acl-long.41},
    url = {https://aclanthology.org/2023.acl-long.41/}
}

@article{wei2021finetuned,
  title={Finetuned Language Models are Zero-Shot Learners},
  author={Wei, Jason and Bosma, Maarten and Zhao, Vincent and others},
  journal={arXiv preprint arXiv:2109.01652},
  year={2021}
}

@article{schulman2017proximal,
  title={Proximal Policy Optimization Algorithms},
  author={Schulman, John and Wolski, Filip and Dhariwal, Prafulla and Radford, Alec and Klimov, Oleg},
  journal={arXiv preprint arXiv:1707.06347},
  year={2017}
}

@article{rafailov2023direct,
  title={Direct Preference Optimization: Your Language Model is Secretly a Reward Model},
  author={Rafailov, Rafael and Sharma, Archit and Mitchell, Eric and Ermon, Stefano and Manning, Christopher D and Finn, Chelsea},
  journal={arXiv preprint arXiv:2305.18290},
  year={2023}
}

@inproceedings{guo2024grpo,
  title={Group Relative Policy Optimization for Aligning Large Language Models},
  author={Guo, Daya and Zhu, Qihao and Yang, Dejian and Song, Junxiao},
  booktitle={Proceedings of the 2024 Conference on Empirical Methods in Natural Language Processing (EMNLP)},
  year={2024},
  note={In press}
}

@article{ouyang2022training,
  title={Training language models to follow instructions with human feedback},
  author={Ouyang, Long and Wu, Jeffrey and Jiang, Xu and Almeida, Diogo and Wainwright, Carroll and Mishkin, Pamela and Zhang, Chong and Agarwal, Sandhini and Slama, Katarina and Ray, Alex and others},
  journal={Advances in neural information processing systems},
  volume={35},
  pages={27730--27744},
  year={2022}
}

@article{Zelikman2022STaR,
  title={Star: Bootstrapping reasoning with reasoning},
  author={Zelikman, Eric and Wu, Yuhuai and Mu, Jesse and Goodman, Noah},
  journal={Advances in Neural Information Processing Systems},
  volume={35},
  pages={15476--15488},
  year={2022}
}

@article{snell2024scaling,
  title={Scaling llm test-time compute optimally can be more effective than scaling model parameters},
  author={Snell, Charlie and Lee, Jaehoon and Xu, Kelvin and Kumar, Aviral},
  journal={arXiv preprint arXiv:2408.03314},
  year={2024}
}

@article{jamieson2015next,
  title={Next: A system for real-world development, evaluation, and application of active learning},
  author={Jamieson, Kevin G and Jain, Lalit and Fernandez, Chris and Glattard, Nicholas J and Nowak, Rob},
  journal={Advances in neural information processing systems},
  volume={28},
  year={2015}
}

@inproceedings{radev2015humor,
  title = "Humor in Collective Discourse: Unsupervised Funniness Detection in The {New Yorker} Cartoon Caption Contest",
  author = "Radev, Dragomir  and
      Stent, Amanda  and
      Tetreault, Joel  and
      Pappu, Aasish  and
      Iliakopoulou, Aikaterini  and
      Chanfreau, Agustin  and
      de Juan, Paloma  and
      Vallmitjana, Jordi  and
      Jaimes, Alejandro  and
      Jha, Rahul  and
      Mankoff, Robert",
  booktitle = "LREC",
  year = "2016",
}

@inproceedings{shahaf2015inside,
  title={Inside jokes: Identifying humorous cartoon captions},
  author={Shahaf, Dafna and Horvitz, Eric and Mankoff, Robert},
  booktitle={KDD},
  year={2015},
}

@inproceedings{king2013random,
  title={Random walk factoid annotation for collective discourse},
  author={King, Ben and Jha, Rahul and Radev, Dragomir and Mankoff, Robert},
  booktitle={Proceedings of the 51st Annual Meeting of the Association for Computational Linguistics (Volume 2: Short Papers)},
  pages={249--254},
  year={2013}
}

@article{park2023generative,
  title={Generative agents: Interactive simulacra of human behavior. ArXiv},
  author={Park, Joon Sung and O’Brien, Joseph C and Cai, Carrie J and Morris, Meredith Ringel and Liang, Percy and Bernstein, Michael S},
  journal={arXiv preprint ArXiv:2304.03442},
  year={2023}
}

@article{chuang2023simulating,
  title={Simulating opinion dynamics with networks of llm-based agents},
  author={Chuang, Yun-Shiuan and Goyal, Agam and Harlalka, Nikunj and Suresh, Siddharth and Hawkins, Robert and Yang, Sijia and Shah, Dhavan and Hu, Junjie and Rogers, Timothy T},
  journal={arXiv preprint arXiv:2311.09618},
  year={2023}
}

@inproceedings{chuang2024wisdom,
  title={The Wisdom of Partisan Crowds: Comparing Collective Intelligence in Humans and LLM-based Agents},
  author={Chuang, Yun-Shiuan and Harlalka, Nikunj and Suresh, Siddharth and Goyal, Agam and Hawkins, Robert and Yang, Sijia and Shah, Dhavan and Hu, Junjie and Rogers, Timothy T},
  booktitle={Proceedings of the Annual Meeting of the Cognitive Science Society},
  volume={46},
  year={2024}
}

@article{chen2024persona,
  title={From persona to personalization: A survey on role-playing language agents},
  author={Chen, Jiangjie and Wang, Xintao and Xu, Rui and Yuan, Siyu and Zhang, Yikai and Shi, Wei and Xie, Jian and Li, Shuang and Yang, Ruihan and Zhu, Tinghui and others},
  journal={arXiv preprint arXiv:2404.18231},
  year={2024}
}

@misc{anthropic2024claude,
    title={Claude 3.5 Sonnet},
    author={Anthropic},
    year={2024},
    howpublished={\url{https://www.anthropic.com/news/claude-3-5-sonnet}}
}

@misc{google2024gemini,
    title={Gemini 2.0 Flash Thinkingg},
    author={Google},
    year={2024},
    howpublished={\url{https://deepmind.google/technologies/gemini/flash-thinking}}
}

@misc{openai2024gpt4o,
    title={Hello GPT-4o},
    author={OpenAI},
    year={2024},
    howpublished={\url{https://openai.com/index/hello-gpt-4o/}}
}

@misc{openai2025o3mini,
    title={OpenAI o3-mini},
    author={OpenAI},
    year={2025},
    howpublished={\url{https://openai.com/index/openai-o3-mini/}}
}

@misc{openai2024o1,
    title={Introducing OpenAI o1-preview},
    author={OpenAI},
    year={2024},
    howpublished={\url{https://openai.com/index/introducing-openai-o1-preview/}}
}

@misc{deepseek2024,
    title={DeepSeek},
    author={DeepSeek},
    year={2024},
    howpublished={\url{https://api-docs.deepseek.com/}}
}