@book{Apte1988,
  author    = {Surender Apte},
  title     = {Humor and Laughter: An Anthropological Approach},
  year      = {1988},
  publisher = {Transaction Publishers},
}

@misc{Baluja2025,
  author    = {Ashwin Baluja},
  title     = {Text Is Not All You Need: Multimodal Prompting Helps LLMs Understand Humor},
  howpublished = {\url{https://aclanthology.org/2025.chum-1.2.pdf}},
  year      = {2025},
}

@article{Binsted2006,
  author    = {Kim Binsted and others},
  title     = {Computational Humor: An Implemented Model of Puns},
  journal   = {IEEE Intelligent Systems},
  year      = {2006},
  volume    = {21},
  number    = {2},
  pages     = {59--69},
}

@misc{Horvitz2024,
  author    = {Zachary Horvitz and others},
  title     = {Getting Serious about Humor: Crafting Humor Datasets with Unfunny Large Language Models},
  howpublished = {\url{https://arxiv.org/abs/2403.00794}},
  year      = {2024},
}

@article{JentzschKersting2023,
  author    = {Sophie Jentzsch and Kristian Kersting},
  title     = {ChatGPT is fun, but it is not funny! Humor is still challenging Large Language Models},
  journal   = {arXiv preprint arXiv:2306.04563},
  year      = {2023},
}

@article{LastLaugh2024,
  title   = {The Last Laugh: Exploring the Role of Humor as a Benchmark for Large Language Models},
  author  = {Robison, Greg},
  year    = {2024},
  month   = {February},
  day     = {12},
  url     = {https://www.lesswrong.com/posts/2djAwm3B8CdoKZ44s/the-last-laugh-exploring-the-role-of-humor-as-a-benchmark}
}

@book{Mankoff2008,
  author    = {Robert Mankoff},
  title     = {The New Yorker Cartoon Caption Contest},
  publisher = {Andrews McMeel Publishing},
  year      = {2008},
  address   = {Kansas City},
  edition   = {First Edition},
}

@misc{Mirowski2024,
  author    = {Piotr W. Mirowski and others},
  title     = {A Robot Walks into a Bar: Can Language Models Serve as Creativity Support Tools for Comedy?},
  howpublished = {\url{https://doi.org/10.48550/arxiv.2405.20956}},
  year      = {2024},
}

@article{NYPost2024,
  title   = {Is AI funnier than humans? This study says so — but you be the judge},
  author  = {{New York Post}},
  year    = {2024},
  month   = {July},
  day     = {16},
  url     = {https://nypost.com/2024/07/16/tech/is-ai-funnier-than-humans-this-study-says-so-but-you-be-the-judge/}
}

@misc{Zhong2023,
  author    = {Shanshan Zhong and Zhongzhan Huang and Shanghua Gao and Wushao Wen and Liang Lin and Marinka Zitnik and Pan Zhou},
  title     = {Let's Think Outside the Box: Exploring Leap-of-Thought in Large Language Models with Creative Humor Generation},
  howpublished = {\url{https://arxiv.org/abs/2312.02439}},
  year      = {2023},
}

@inproceedings{guo2024grpo,
  title={Group Relative Policy Optimization for Aligning Large Language Models},
  author={Guo, Daya and Zhu, Qihao and Yang, Dejian and Song, Junxiao},
  booktitle={Proceedings of the 2024 Conference on Empirical Methods in Natural Language Processing (EMNLP)},
  year={2024},
  note={In press}
}

@inproceedings{hessel-etal-2023-androids,
    title = {Do Androids Laugh at Electric Sheep? Humor ``Understanding'' Benchmarks from The New Yorker Caption Contest},
    author = {Hessel, Jack and Marasović, Ana and Hwang, Jena D. and Lee, Lillian and Da, Jeff and Zellers, Rowan and Mankoff, Robert and Choi, Yejin},
    editor = {Rogers, Anna and Boyd-Graber, Jordan and Okazaki, Naoaki},
    booktitle = {Proceedings of the 61st Annual Meeting of the Association for Computational Linguistics (Volume 1: Long Papers)},
    month = jul,
    year = {2023},
    address = {Toronto, Canada},
    publisher = {Association for Computational Linguistics},
    pages = {688--714},
    doi = {10.18653/v1/2023.acl-long.41},
    url = {https://aclanthology.org/2023.acl-long.41/}
}

@article{ouyang2022training,
  title={Training language models to follow instructions with human feedback},
  author={Ouyang, Long and Wu, Jeffrey and Jiang, Xu and Almeida, Diogo and Wainwright, Carroll and Mishkin, Pamela and Zhang, Chong and Agarwal, Sandhini and Slama, Katarina and Ray, Alex and others},
  journal={Advances in neural information processing systems},
  volume={35},
  pages={27730--27744},
  year={2022}
}

@article{rafailov2023direct,
  title={Direct Preference Optimization: Your Language Model is Secretly a Reward Model},
  author={Rafailov, Rafael and Sharma, Archit and Mitchell, Eric and Ermon, Stefano and Manning, Christopher D and Finn, Chelsea},
  journal={arXiv preprint arXiv:2305.18290},
  year={2023}
}

@article{schulman2017proximal,
  title={Proximal Policy Optimization Algorithms},
  author={Schulman, John and Wolski, Filip and Dhariwal, Prafulla and Radford, Alec and Klimov, Oleg},
  journal={arXiv preprint arXiv:1707.06347},
  year={2017}
}

@article{wei2021finetuned,
  title={Finetuned Language Models are Zero-Shot Learners},
  author={Wei, Jason and Bosma, Maarten and Zhao, Vincent and others},
  journal={arXiv preprint arXiv:2109.01652},
  year={2021}
}

@article{zhang2024humor,
  title={Humor in AI: Massive Scale Crowd-Sourced Preferences and Benchmarks for Cartoon Captioning},
  author={Zhang, Jifan and Jain, Lalit and Guo, Yang and Chen, Jiayi and Zhou, Kuan Lok and Suresh, Siddharth and Wagenmaker, Andrew and Sievert, Scott and Rogers, Timothy and Jamieson, Kevin and others},
  journal={arXiv preprint arXiv:2406.10522},
  year={2024}
}

