@article{bai2022constitutional,
  title={Constitutional ai: Harmlessness from ai feedback},
  author={Bai, Yuntao and Kadavath, Saurav and Kundu, Sandipan and Askell, Amanda and Kernion, Jackson and Jones, Andy and Chen, Anna and Goldie, Anna and Mirhoseini, Azalia and McKinnon, Cameron and others},
  journal={arXiv preprint arXiv:2212.08073},
  year={2022}
}

@article{barke2024hysynth,
  title={HYSYNTH: Context-Free LLM Approximation for Guiding Program Synthesis},
  author={Barke, Shraddha and Gonzalez, Emmanuel Anaya and Kasibatla, Saketh Ram and Berg-Kirkpatrick, Taylor and Polikarpova, Nadia},
  journal={arXiv preprint arXiv:2405.15880},
  year={2024}
}

@inproceedings{batten2024pyhdl,
  title={PyHDL-Eval: An LLM Evaluation Framework for Hardware Design Using Python-Embedded DSLs},
  author={Batten, Christopher and Pinckney, Nathaniel and Liu, Mingjie and Ren, Haoxing and Khailany, Brucek},
  booktitle={Proceedings of the 2024 ACM/IEEE International Symposium on Machine Learning for CAD},
  pages={1--17},
  year={2024}
}

@article{bhatia2024verified,
  title={Verified Code Transpilation with LLMs},
  author={Bhatia, Sahil and Qiu, Jie and Hasabnis, Niranjan and Seshia, Sanjit A and Cheung, Alvin},
  journal={arXiv preprint arXiv:2406.03003},
  year={2024}
}

@article{cobbe2021training,
  title={Training verifiers to solve math word problems},
  author={Cobbe, Karl and Kosaraju, Vineet and Bavarian, Mohammad and Chen, Mark and Jun, Heewoo and Kaiser, Lukasz and Plappert, Matthias and Tworek, Jerry and Hilton, Jacob and Nakano, Reiichiro and others},
  journal={arXiv preprint arXiv:2110.14168},
  year={2021}
}

@inproceedings{elmaaroufi2024scenicnl,
  title={ScenicNL: generating probabilistic scenario programs from natural language},
  author={Elmaaroufi, Karim and Shanker, Devan and Cismaru, Ana and Vazquez-Chanlatte, Marcell and Sangiovanni-Vincentelli, Alberto and Zaharia, Matei and Seshia, Sanjit A},
  booktitle={First Conference on Language Modeling},
  year={2024}
}

@inproceedings{fang2024assertllm,
  title={AssertLLM: Generating Hardware Verification Assertions from Design Specifications via Multi-LLMs},
  author={Fang, Wenji and Li, Mengming and Li, Min and Yan, Zhiyuan and Liu, Shang and Zhang, Hongce and Xie, Zhiyao},
  booktitle={2024 IEEE LLM Aided Design Workshop (LAD)},
  pages={1--1},
  year={2024},
  organization={IEEE}
}

@article{fernando2023promptbreeder,
  title={Promptbreeder: Self-referential self-improvement via prompt evolution},
  author={Fernando, Chrisantha and Banarse, Dylan and Michalewski, Henryk and Osindero, Simon and Rockt{\"a}schel, Tim},
  journal={arXiv preprint arXiv:2309.16797},
  year={2023}
}

@inproceedings{guan2024intelligent,
  title={Intelligent agents with llm-based process automation},
  author={Guan, Yanchu and Wang, Dong and Chu, Zhixuan and Wang, Shiyu and Ni, Feiyue and Song, Ruihua and Zhuang, Chenyi},
  booktitle={Proceedings of the 30th ACM SIGKDD Conference on Knowledge Discovery and Data Mining},
  pages={5018--5027},
  year={2024}
}

@article{gulcehre2023reinforced,
  title={Reinforced self-training (rest) for language modeling},
  author={Gulcehre, Caglar and Paine, Tom Le and Srinivasan, Srivatsan and Konyushkova, Ksenia and Weerts, Lotte and Sharma, Abhishek and Siddhant, Aditya and Ahern, Alex and Wang, Miaosen and Gu, Chenjie and others},
  journal={arXiv preprint arXiv:2308.08998},
  year={2023}
}

@article{hu2024automated,
  title={Automated design of agentic systems},
  author={Hu, Shengran and Lu, Cong and Clune, Jeff},
  journal={arXiv preprint arXiv:2408.08435},
  year={2024}
}

@article{khattab2023dspy,
  title={Dspy: Compiling declarative language model calls into self-improving pipelines},
  author={Khattab, Omar and Singhvi, Arnav and Maheshwari, Paridhi and Zhang, Zhiyuan and Santhanam, Keshav and Vardhamanan, Sri and Haq, Saiful and Sharma, Ashutosh and Joshi, Thomas T and Moazam, Hanna and others},
  journal={arXiv preprint arXiv:2310.03714},
  year={2023}
}

@article{lightman2023let,
  title={Let's verify step by step},
  author={Lightman, Hunter and Kosaraju, Vineet and Burda, Yura and Edwards, Harri and Baker, Bowen and Lee, Teddy and Leike, Jan and Schulman, John and Sutskever, Ilya and Cobbe, Karl},
  journal={arXiv preprint arXiv:2305.20050},
  year={2023}
}

@article{liu2023reflect,
  title={Reflect: Summarizing robot experiences for failure explanation and correction},
  author={Liu, Zeyi and Bahety, Arpit and Song, Shuran},
  journal={arXiv preprint arXiv:2306.15724},
  year={2023}
}

@article{opsahl2024optimizing,
  title={Optimizing Instructions and Demonstrations for Multi-Stage Language Model Programs},
  author={Opsahl-Ong, Krista and Ryan, Michael J and Purtell, Josh and Broman, David and Potts, Christopher and Zaharia, Matei and Khattab, Omar},
  journal={arXiv preprint arXiv:2406.11695},
  year={2024}
}

@inproceedings{park2023generative,
  title={Generative agents: Interactive simulacra of human behavior},
  author={Park, Joon Sung and O'Brien, Joseph and Cai, Carrie Jun and Morris, Meredith Ringel and Liang, Percy and Bernstein, Michael S},
  booktitle={Proceedings of the 36th annual acm symposium on user interface software and technology},
  pages={1--22},
  year={2023}
}

@article{schick2023toolformer,
  title={Toolformer: Language models can teach themselves to use tools},
  author={Schick, Timo and Dwivedi-Yu, Jane and Dess{\`\i}, Roberto and Raileanu, Roberta and Lomeli, Maria and Hambro, Eric and Zettlemoyer, Luke and Cancedda, Nicola and Scialom, Thomas},
  journal={Advances in Neural Information Processing Systems},
  volume={36},
  pages={68539--68551},
  year={2023}
}

@article{shinn2024reflexion,
  title={Reflexion: Language agents with verbal reinforcement learning},
  author={Shinn, Noah and Cassano, Federico and Gopinath, Ashwin and Narasimhan, Karthik and Yao, Shunyu},
  journal={Advances in Neural Information Processing Systems},
  volume={36},
  year={2024}
}

@article{singh2023beyond,
  title={Beyond human data: Scaling self-training for problem-solving with language models},
  author={Singh, Avi and Co-Reyes, John D and Agarwal, Rishabh and Anand, Ankesh and Patil, Piyush and Garcia, Xavier and Liu, Peter J and Harrison, James and Lee, Jaehoon and Xu, Kelvin and others},
  journal={arXiv preprint arXiv:2312.06585},
  year={2023}
}

@article{tian2024toward,
  title={Toward Self-Improvement of LLMs via Imagination, Searching, and Criticizing},
  author={Tian, Ye and Peng, Baolin and Song, Linfeng and Jin, Lifeng and Yu, Dian and Mi, Haitao and Yu, Dong},
  journal={arXiv preprint arXiv:2404.12253},
  year={2024}
}

@inproceedings{wang2024math,
  title={Math-shepherd: Verify and reinforce llms step-by-step without human annotations},
  author={Wang, Peiyi and Li, Lei and Shao, Zhihong and Xu, Runxin and Dai, Damai and Li, Yifei and Chen, Deli and Wu, Yu and Sui, Zhifang},
  booktitle={Proceedings of the 62nd Annual Meeting of the Association for Computational Linguistics (Volume 1: Long Papers)},
  pages={9426--9439},
  year={2024}
}

@article{wei2024improving,
  title={Improving Parallel Program Performance Through DSL-Driven Code Generation with LLM Optimizers},
  author={Wei, Anjiang and Nie, Allen and Teixeira, Thiago SFX and Yadav, Rohan and Lee, Wonchan and Wang, Ke and Aiken, Alex},
  journal={arXiv preprint arXiv:2410.15625},
  year={2024}
}

@article{wu2023autogen,
  title={Autogen: Enabling next-gen llm applications via multi-agent conversation framework},
  author={Wu, Qingyun and Bansal, Gagan and Zhang, Jieyu and Wu, Yiran and Zhang, Shaokun and Zhu, Erkang and Li, Beibin and Jiang, Li and Zhang, Xiaoyun and Wang, Chi},
  journal={arXiv preprint arXiv:2308.08155},
  year={2023}
}

@article{yang2024swe,
  title={Swe-agent: Agent-computer interfaces enable automated software engineering},
  author={Yang, John and Jimenez, Carlos E and Wettig, Alexander and Lieret, Kilian and Yao, Shunyu and Narasimhan, Karthik and Press, Ofir},
  journal={arXiv preprint arXiv:2405.15793},
  year={2024}
}

@inproceedings{zhao2024expel,
  title={Expel: Llm agents are experiential learners},
  author={Zhao, Andrew and Huang, Daniel and Xu, Quentin and Lin, Matthieu and Liu, Yong-Jin and Huang, Gao},
  booktitle={Proceedings of the AAAI Conference on Artificial Intelligence},
  volume={38},
  pages={19632--19642},
  year={2024}
}

