@article{abbeel2010autononous,
    title ={Autonomous Helicopter Aerobatics through Apprenticeship Learning},
    author = {Pieter Abbeel and Adam Coates and Andrew Y. Ng},
    journal = {The International Journal of Robotics Research},
    volume = {29},
    number = {13},
    year = {2010},
}

@article{argall2009survey,
    title = {A survey of robot learning from demonstration},
    author = {Brenna D. Argall and Sonia Chernova and Manuela Veloso and Brett Browning},
    journal = {Robotics and Autonomous Systems},
    volume = {57},
    number = {5},
    year = {2009},
}

@inproceedings{ball2023efficient,
    title={Efficient online reinforcement learning with offline data},
    author={Ball, Philip J and Smith, Laura and Kostrikov, Ilya and Levine, Sergey},
    booktitle={International Conference on Machine Learning (ICML)},
    year={2023},
}

@article{celemin2022interactive,
    title={Interactive imitation learning in robotics: A survey},
    author={Celemin, Carlos and P{\'e}rez-Dattari, Rodrigo and Chisari, Eugenio and Franzese, Giovanni and de Souza Rosa, Leandro and Prakash, Ravi and Ajanovi{\'c}, Zlatan and Ferraz, Marta and Valada, Abhinav and Kober, Jens and others},
    journal={Foundations and Trends in Robotics},
    volume={10},
    number={1-2},
    year={2022},
}

@inproceedings{chen2018planning,
    title={Planning with trust for human-robot collaboration},
    author={Chen, Min and Nikolaidis, Stefanos and Soh, Harold and Hsu, David and Srinivasa, Siddhartha},
    booktitle={International Conference on Human-robot Interaction (HRI)},
    year={2018}
}

@article{chisari2021correct,
    title={Correct Me if I am Wrong: Interactive Learning for Robotic Manipulation},
    author={Eugenio Chisari and Tim Welschehold and Joschka Boedecker and Wolfram Burgard and Abhinav Valada},
    journal={arXiv preprint arXiv:2110.03316},
    year={2021},
}

@article{guo2021modeling,
    title={Modeling and predicting trust dynamics in human--robot teaming: A Bayesian inference approach},
    author={Guo, Yaohui and Yang, X Jessie},
    journal={International Journal of Social Robotics},
    volume={13},
    number={8},
    year={2021},
}

@inproceedings{hester2018deep,
    title={Deep q-learning from demonstrations},
    author={Hester, Todd and Vecerik, Matej and Pietquin, Olivier and Lanctot, Marc and Schaul, Tom and Piot, Bilal and Horgan, Dan and Quan, John and Sendonaris, Andrew and Osband, Ian and others},
    booktitle={Proceedings of the AAAI Conference on Artificial Intelligence},
    year={2018}
}

@inproceedings{ho2016general,
    title = {Generative Adversarial Imitation Learning},
    author = {Ho, Jonathan and Ermon, Stefano},
    booktitle={Conference on Neural Information Processing Systems (NeurIPS)},
    year = {2016}
}

@inproceedings{hoque2022thriftydagger,
    title={ThriftyDAgger: Budget-Aware Novelty and Risk Gating for Interactive Imitation Learning},
    author={Hoque, Ryan and Balakrishna, Ashwin and Novoseller, Ellen and Wilcox, Albert and Brown, Daniel S and Goldberg, Ken},
    booktitle={Conference on Robot Learning (CoRL)},
    year={2022},
}

@inproceedings{kelly2019hgdagger,
    title={HG-DAgger: Interactive Imitation Learning with Human Experts}, 
    author={Kelly, Michael and Sidrane, Chelsea and Driggs-Campbell, Katherine and Kochenderfer, Mykel J.},
    booktitle={International Conference on Robotics and Automation (ICRA)}, 
    year={2019},
}

@inproceedings{kunal2019ensembledagger,
    title={EnsembleDAgger: A Bayesian Approach to Safe Imitation Learning}, 
    author={Menda, Kunal and Driggs-Campbell, Katherine and Kochenderfer, Mykel J.},
    booktitle={International Conference on Intelligent Robots and Systems (IROS)}, 
    year={2019},
}

@inproceedings{laskey2017dart,
    title={Dart: Noise injection for robust imitation learning},
    author={Laskey, Michael and Lee, Jonathan and Fox, Roy and Dragan, Anca and Goldberg, Ken},
    booktitle={Conference on Robot Learning (CoRL)},
    year={2017},
}

@article{li2022efficient,
    title={Efficient learning of safe driving policy via human-ai copilot optimization},
    author={Li, Quanyi and Peng, Zhenghao and Zhou, Bolei},
    journal={arXiv preprint arXiv:2202.10341},
    year={2022}
}

@inproceedings{liu2022robot,
    title = {Robot Learning on the Job: Human-in-the-Loop Autonomy and Learning During Deployment},
    author = {Huihan Liu and Soroush Nasiriany and Lance Zhang and Zhiyao Bao and Yuke Zhu},
    booktitle = {Robotics: Science and Systems (RSS)},
    year = {2023}
}

@inproceedings{luo2023rlif,
    title={RLIF: Interactive Imitation Learning as Reinforcement Learning},
    author={Luo, Jianlan and Dong, Perry and Zhai, Yuexiang and Ma, Yi and Levine, Sergey},
    booktitle={International Conference on Learning Representations (ICLR)},
    year={2023}
}

@article{mandlekar2020humanintheloopimitationlearningusing,
    title={Human-in-the-Loop Imitation Learning using Remote Teleoperation}, 
    author={Ajay Mandlekar and Danfei Xu and Roberto Martín-Martín and Yuke Zhu and Li Fei-Fei and Silvio Savarese},
    journal={arXiv preprint arXiv:2012.06733},
    year={2020},
}

@inproceedings{myers2023active,
 title={Active Reward Learning from Online Preferences},
 author={Myers, Vivek and Biyik, Erdem and Sadigh, Dorsa},
 booktitle={International Conference on Robotics and Automation (ICRA)},
 year={2023},
}

@inproceedings{nair2018overcoming,
    title={Overcoming exploration in reinforcement learning with demonstrations},
    author={Nair, Ashvin and McGrew, Bob and Andrychowicz, Marcin and Zaremba, Wojciech and Abbeel, Pieter},
    booktitle={International Conference on Robotics and Automation (ICRA)},
    year={2018},
}

@inproceedings{pomerleau1988alvinn,
    title = {ALVINN: An Autonomous Land Vehicle in a Neural Network},
    author = {Pomerleau, Dean A.},
    booktitle={Conference on Neural Information Processing Systems (NeurIPS)},
    year = {1988}
}

@article{rodriguez2023review,
    title={A review of mathematical models of human trust in automation},      
    author={Rodriguez Rodriguez, Lucero and Bustamante Orellana, Carlos E. and Chiou, Erin K. and Huang, Lixiao and Cooke, Nancy and Kang, Yun}, 
    journal={Frontiers in Neuroergonomics},      
    volume={4},           
    year={2023},      	
}

@inproceedings{ross2010efficient,
    title = 	 {Efficient Reductions for Imitation Learning},
    author = 	 {Ross, Stephane and Bagnell, Drew},
    booktitle = 	 {Proceedings of the Thirteenth International Conference on Artificial Intelligence and Statistics},
    year = 	 {2010},
}

@inproceedings{ross2011reduction,
    title={A Reduction of Imitation Learning and Structured Prediction to No-Regret Online Learning},
    author={Ross, Stephane and Gordon, Geoffrey and Bagnell, Drew},
    booktitle={Proceedings of the Fourteenth International Conference on Artificial Intelligence and Statistics},
    year={2011},
}

@inproceedings{scholtz2003theory,
    title={Theory and evaluation of human robot interactions},
    author={Scholtz, Jean},
    booktitle={International Conference on System Sciences},
    year={2003},
}

@inproceedings{spencer2020learning,
    title={Learning from interventions: Human-robot interaction as both explicit and implicit feedback},
    author={Spencer, Jonathan and Choudhury, Sanjiban and Barnes, Matthew and Schmittle, Matthew and Chiang, Mung and Ramadge, Peter and Srinivasa, Siddhartha},
    booktitle={Robotics: Science and Systems (RSS)},
    year={2020},
}

@inproceedings{steinfeld2006common,
    title={Common metrics for human-robot interaction},
    author={Steinfeld, Aaron and Fong, Terrence and Kaber, David and Lewis, Michael and Scholtz, Jean and Schultz, Alan and Goodrich, Michael},
    booktitle={International Conference on Human-robot Interaction (HRI)},
    year={2006}
}

@inproceedings{wang2025effects,
  title={Effects of Robot Competency and Motion Legibility on Human Correction Feedback},
  author={Wang, Shuangge and Wang, Anjiabei and Goncharova, Sofiya and Scassellati, Brian and Fitzgerald, Tesca},
  booktitle={International Conference on Human-Robot Interaction (HRI)},
  year={2025}
}

@inproceedings{xie2021policy,
    title={Policy finetuning: Bridging sample-efficient offline and online reinforcement learning},
    author={Xie, Tengyang and Jiang, Nan and Wang, Huan and Xiong, Caiming and Bai, Yu},
    booktitle={Conference on Neural Information Processing Systems (NeurIPS)},
    year={2021},
}

