@inproceedings{ball2023efficient,
    title={Efficient online reinforcement learning with offline data},
    author={Ball, Philip J and Smith, Laura and Kostrikov, Ilya and Levine, Sergey},
    booktitle={International Conference on Machine Learning (ICML)},
    year={2023},
}

@inproceedings{nair2018overcoming,
    title={Overcoming exploration in reinforcement learning with demonstrations},
    author={Nair, Ashvin and McGrew, Bob and Andrychowicz, Marcin and Zaremba, Wojciech and Abbeel, Pieter},
    booktitle={International Conference on Robotics and Automation (ICRA)},
    year={2018},
}

@inproceedings{xie2021policy,
    title={Policy finetuning: Bridging sample-efficient offline and online reinforcement learning},
    author={Xie, Tengyang and Jiang, Nan and Wang, Huan and Xiong, Caiming and Bai, Yu},
    booktitle={Conference on Neural Information Processing Systems (NeurIPS)},
    year={2021},
}

@article{reddy2019sqil,
    title={Sqil: Imitation learning via reinforcement learning with sparse rewards},
    author={Reddy, Siddharth and Dragan, Anca D and Levine, Sergey},
    journal={arXiv preprint arXiv:1905.11108},
    year={2019}
}

@article{baraka2025human,
  title={Human-Interactive Robot Learning: Definition, Challenges, and Recommendations},
  author={Baraka, Kim and Idrees, Ifrah and Kessler Faulkner, Taylor and Biyik, Erdem and Booth, Serena and Chetouani, Mohamed and Grollman, Daniel H and Saran, Akanksha and Senft, Emmanuel and Tulli, Silvia and others},
  year={2025}
}

@article{li2022efficient,
    title={Efficient learning of safe driving policy via human-ai copilot optimization},
    author={Li, Quanyi and Peng, Zhenghao and Zhou, Bolei},
    journal={arXiv preprint arXiv:2202.10341},
    year={2022}
}

@inproceedings{luo2023rlif,
    title={RLIF: Interactive Imitation Learning as Reinforcement Learning},
    author={Luo, Jianlan and Dong, Perry and Zhai, Yuexiang and Ma, Yi and Levine, Sergey},
    booktitle={International Conference on Learning Representations (ICLR)},
    year={2023}
}

@article{bliss1934probit,
    title = {The Method of Probits},
    author = {C. I. Bliss },
    journal = {Science},
    volume = {79},
    number = {2037},
    year = {1934},
}

@article{yin2016probit,
    title     = "Probit models to investigate prevalence of total diagnosed and
               undiagnosed diabetes among aged 45 years or older adults in
               China",
    author    = "Yin, Minghui and Augustin, Balekouzou and Shu, Chang and Qin,
               Tingting and Yin, Ping",
    journal   = "PLoS One",
    volume    =  11,
    number    =  10,
    year      =  2016,
}

@article{kliestik2015logit,
    title = {Logit and Probit Model used for Prediction of Financial Health of Company},
    author = {Tomáš Klieštik and Katarína Kočišová and Mária Mišanková},
    journal = {Procedia Economics and Finance},
    volume = {23},
    year = {2015},
}

@inproceedings{myers2023active,
 title={Active Reward Learning from Online Preferences},
 author={Myers, Vivek and Biyik, Erdem and Sadigh, Dorsa},
 booktitle={International Conference on Robotics and Automation (ICRA)},
 year={2023},
}

@inproceedings{fedorov2007generalized,
    title="Generalized Probit Model in Design of Dose Finding Experiments",
    author="Fedorov, Valerii V.
    and Wu, Yuehui",
    booktitle="mODa 8 - Advances in Model-Oriented Design and Analysis",
    year="2007",
}

@inproceedings{hester2018deep,
    title={Deep q-learning from demonstrations},
    author={Hester, Todd and Vecerik, Matej and Pietquin, Olivier and Lanctot, Marc and Schaul, Tom and Piot, Bilal and Horgan, Dan and Quan, John and Sendonaris, Andrew and Osband, Ian and others},
    booktitle={Proceedings of the AAAI Conference on Artificial Intelligence},
    year={2018}
}

@inproceedings{wang2025effects,
  title={Effects of Robot Competency and Motion Legibility on Human Correction Feedback},
  author={Wang, Shuangge and Wang, Anjiabei and Goncharova, Sofiya and Scassellati, Brian and Fitzgerald, Tesca},
  booktitle={International Conference on Human-Robot Interaction (HRI)},
  year={2025}
}

@inproceedings{yang2024trajectory,
 title={Trajectory Improvement and Reward Learning from Comparative Language Feedback},
 author={Zhaojing Yang and Miru Jun and Jeremy Tien and Stuart J. Russell and Anca Dragan and Erdem Bıyık},
 booktitle={Conference on Robot Learning (CoRL)},
 year={2024}
}

@inproceedings{shi2024yell,
  title={Yell at your robot: Improving on-the-fly from language corrections},
  author={Shi, Lucy Xiaoyang and Hu, Zheyuan and Zhao, Tony Z and Sharma, Archit and Pertsch, Karl and Luo, Jianlan and Levine, Sergey and Finn, Chelsea},
  booktitle={Robotics: Science and Systems (RSS)},
  year={2024}
}

@article{argall2009survey,
    title = {A survey of robot learning from demonstration},
    author = {Brenna D. Argall and Sonia Chernova and Manuela Veloso and Brett Browning},
    journal = {Robotics and Autonomous Systems},
    volume = {57},
    number = {5},
    year = {2009},
}

@inproceedings{laskey2017dart,
    title={Dart: Noise injection for robust imitation learning},
    author={Laskey, Michael and Lee, Jonathan and Fox, Roy and Dragan, Anca and Goldberg, Ken},
    booktitle={Conference on Robot Learning (CoRL)},
    year={2017},
}

@inproceedings{spencer2020learning,
    title={Learning from interventions: Human-robot interaction as both explicit and implicit feedback},
    author={Spencer, Jonathan and Choudhury, Sanjiban and Barnes, Matthew and Schmittle, Matthew and Chiang, Mung and Ramadge, Peter and Srinivasa, Siddhartha},
    booktitle={Robotics: Science and Systems (RSS)},
    year={2020},
}

@inproceedings{ho2016general,
    title = {Generative Adversarial Imitation Learning},
    author = {Ho, Jonathan and Ermon, Stefano},
    booktitle={Conference on Neural Information Processing Systems (NeurIPS)},
    year = {2016}
}

@inproceedings{hoque2023fleet,
    title={Fleet-dagger: Interactive robot fleet learning with scalable human supervision},
    author={Hoque, Ryan and Chen, Lawrence Yunliang and Sharma, Satvik and Dharmarajan, Karthik and Thananjeyan, Brijen and Abbeel, Pieter and Goldberg, Ken},
    booktitle={Conference on Robot Learning (CoRL)},
    year={2023},
}

@inproceedings{kunal2019ensembledagger,
    title={EnsembleDAgger: A Bayesian Approach to Safe Imitation Learning}, 
    author={Menda, Kunal and Driggs-Campbell, Katherine and Kochenderfer, Mykel J.},
    booktitle={International Conference on Intelligent Robots and Systems (IROS)}, 
    year={2019},
}
    
@inproceedings{kelly2019hgdagger,
    title={HG-DAgger: Interactive Imitation Learning with Human Experts}, 
    author={Kelly, Michael and Sidrane, Chelsea and Driggs-Campbell, Katherine and Kochenderfer, Mykel J.},
    booktitle={International Conference on Robotics and Automation (ICRA)}, 
    year={2019},
}

@inproceedings{ross2011reduction,
    title={A Reduction of Imitation Learning and Structured Prediction to No-Regret Online Learning},
    author={Ross, Stephane and Gordon, Geoffrey and Bagnell, Drew},
    booktitle={Proceedings of the Fourteenth International Conference on Artificial Intelligence and Statistics},
    year={2011},
}


@article{price2003accelerating,
    author={Price, B. and Boutilier, C.},
    title={Accelerating Reinforcement Learning through Implicit Imitation},
    journal={Journal of Artificial Intelligence Research},
    volume={19},
    number={1},
    year={2003},
}

@article{abbeel2010autononous,
    title ={Autonomous Helicopter Aerobatics through Apprenticeship Learning},
    author = {Pieter Abbeel and Adam Coates and Andrew Y. Ng},
    journal = {The International Journal of Robotics Research},
    volume = {29},
    number = {13},
    year = {2010},
}

@article{levine2016end,
    title={End-to-end training of deep visuomotor policies},
    author={Levine, Sergey and Finn, Chelsea and Darrell, Trevor and Abbeel, Pieter},
    journal={The Journal of Machine Learning Research},
    volume={17},
    number={1},
    year={2016},
}

@inproceedings{kalashnikov2018scalable,
    title={Scalable deep reinforcement learning for vision-based robotic manipulation},
    author={Kalashnikov, Dmitry and Irpan, Alex and Pastor, Peter and Ibarz, Julian and Herzog, Alexander and Jang, Eric and Quillen, Deirdre and Holly, Ethan and Kalakrishnan, Mrinal and Vanhoucke, Vincent and others},
    booktitle={Conference on Robot Learning (CoRL)},
    year={2018},
}

@article{silver2017mastering,
    title={Mastering the game of go without human knowledge},
    author={Silver, David and Schrittwieser, Julian and Simonyan, Karen and Antonoglou, Ioannis and Huang, Aja and Guez, Arthur and Hubert, Thomas and Baker, Lucas and Lai, Matthew and Bolton, Adrian and others},
    journal={nature},
    volume={550},
    number={7676},
    year={2017},
}

@inproceedings{ouyang2022training,
    title={Training language models to follow instructions with human feedback},
    author={Ouyang, Long and Wu, Jeffrey and Jiang, Xu and Almeida, Diogo and Wainwright, Carroll and Mishkin, Pamela and Zhang, Chong and Agarwal, Sandhini and Slama, Katarina and Ray, Alex and others},
    booktitle={Conference on Neural Information Processing Systems (NeurIPS)},
    year={2022}
}

@misc{towers_gymnasium_2023,
    title = {Gymnasium},
    author = {Towers, Mark and Terry, Jordan K. and Kwiatkowski, Ariel and Balis, John U. and Cola, Gianluca de and Deleu, Tristan and Goulão, Manuel and Kallinteris, Andreas and KG, Arjun and Krimmel, Markus and Perez-Vicente, Rodrigo and Pierré, Andrea and Schulhoff, Sander and Tai, Jun Jet and Shen, Andrew Tan Jin and Younis, Omar G.},
    publisher = {Zenodo},
    year = {2023},
    doi = {10.5281/zenodo.8127026},
}

@article{pomerleau1991efficient,
    title={Efficient Training of Artificial Neural Networks for Autonomous Navigation}, 
    author={Pomerleau, Dean A.},
    journal={Neural Computation}, 
    volume={3},
    number={1},
    year={1991},
}

@inproceedings{saunders2018trial,
    title={Trial without Error: Towards Safe Reinforcement Learning via Human Intervention},
    author={Saunders, William and Sastry, Girish and Stuhlm{\"u}ller, Andreas and Evans, Owain},
    booktitle={International Conference on Autonomous Agents and Multiagent Systems},
    year={2018}
}

@inproceedings{sontakke2023roboclip,
    title={RoboCLIP: One Demonstration is Enough to Learn Robot Policies},
    author={Sumedh A Sontakke and Jesse Zhang and Sébastien M. R. Arnold and Karl Pertsch and Erdem Biyik and Dorsa Sadigh and Chelsea Finn and Laurent Itti},
    booktitle={Conference on Neural Information Processing Systems (NeurIPS)},
    year={2023}
}

@inproceedings{ross2010efficient,
    title = 	 {Efficient Reductions for Imitation Learning},
    author = 	 {Ross, Stephane and Bagnell, Drew},
    booktitle = 	 {Proceedings of the Thirteenth International Conference on Artificial Intelligence and Statistics},
    year = 	 {2010},
}


@inproceedings{dagger,
    title = 	 {A Reduction of Imitation Learning and Structured Prediction to No-Regret Online Learning},
    author = 	 {Ross, Stephane and Gordon, Geoffrey and Bagnell, Drew},
    booktitle = 	 {Proceedings of the Fourteenth International Conference on Artificial Intelligence and Statistics},
    year = 	 {2011},
}

@inproceedings{pomerleau1988alvinn,
    title = {ALVINN: An Autonomous Land Vehicle in a Neural Network},
    author = {Pomerleau, Dean A.},
    booktitle={Conference on Neural Information Processing Systems (NeurIPS)},
    year = {1988}
}

@inproceedings{hoque2022thriftydagger,
    title={ThriftyDAgger: Budget-Aware Novelty and Risk Gating for Interactive Imitation Learning},
    author={Hoque, Ryan and Balakrishna, Ashwin and Novoseller, Ellen and Wilcox, Albert and Brown, Daniel S and Goldberg, Ken},
    booktitle={Conference on Robot Learning (CoRL)},
    year={2022},
}

@inproceedings{scholtz2003theory,
    title={Theory and evaluation of human robot interactions},
    author={Scholtz, Jean},
    booktitle={International Conference on System Sciences},
    year={2003},
}

@inproceedings{steinfeld2006common,
    title={Common metrics for human-robot interaction},
    author={Steinfeld, Aaron and Fong, Terrence and Kaber, David and Lewis, Michael and Scholtz, Jean and Schultz, Alan and Goodrich, Michael},
    booktitle={International Conference on Human-robot Interaction (HRI)},
    year={2006}
}

@article{rodriguez2023review,
    title={A review of mathematical models of human trust in automation},      
    author={Rodriguez Rodriguez, Lucero and Bustamante Orellana, Carlos E. and Chiou, Erin K. and Huang, Lixiao and Cooke, Nancy and Kang, Yun}, 
    journal={Frontiers in Neuroergonomics},      
    volume={4},           
    year={2023},      	
}

@article{guo2021modeling,
    title={Modeling and predicting trust dynamics in human--robot teaming: A Bayesian inference approach},
    author={Guo, Yaohui and Yang, X Jessie},
    journal={International Journal of Social Robotics},
    volume={13},
    number={8},
    year={2021},
}

@inproceedings{chen2018planning,
    title={Planning with trust for human-robot collaboration},
    author={Chen, Min and Nikolaidis, Stefanos and Soh, Harold and Hsu, David and Srinivasa, Siddhartha},
    booktitle={International Conference on Human-robot Interaction (HRI)},
    year={2018}
}

@inproceedings{yu2019meta,
    title={Meta-World: A Benchmark and Evaluation for Multi-Task and Meta Reinforcement Learning},
    author={Tianhe Yu and Deirdre Quillen and Zhanpeng He and Ryan Julian and Karol Hausman and Chelsea Finn and Sergey Levine},
    booktitle={Conference on Robot Learning (CoRL)},
    year={2019}
}

@inproceedings{jiang2024transic,
    title={TRANSIC: Sim-to-Real Policy Transfer by Learning from Online Correction}, 
    author={Yunfan Jiang and Chen Wang and Ruohan Zhang and Jiajun Wu and Li Fei-Fei},
    booktitle={Conference on Robot Learning (CoRL)},
    year={2024},
}

@inproceedings{hoque2024intervengen,
    title={IntervenGen: Interventional Data Generation for Robust and Data-Efficient Robot Imitation Learning}, 
    author={Ryan Hoque and Ajay Mandlekar and Caelan Garrett and Ken Goldberg and Dieter Fox},
    booktitle={International Conference on Intelligent Robots and Systems (IROS)}, 
    year={2024},
}

@inproceedings{haarnoja2018soft,
    title={Soft actor-critic: Off-policy maximum entropy deep reinforcement learning with a stochastic actor},
    author={Haarnoja, Tuomas and Zhou, Aurick and Abbeel, Pieter and Levine, Sergey},
    booktitle={International Conference on Machine Learning (ICML)},
    year={2018}
}

@article{mnih2013playing,
    title={Playing atari with deep reinforcement learning},
    author={Mnih, Volodymyr and Kavukcuoglu, Koray and Silver, David and Graves, Alex and Antonoglou, Ioannis and Wierstra, Daan and Riedmiller, Martin},
    journal={arXiv preprint arXiv:1312.5602},
    year={2013}
}

@inproceedings{liu2022robot,
    title = {Robot Learning on the Job: Human-in-the-Loop Autonomy and Learning During Deployment},
    author = {Huihan Liu and Soroush Nasiriany and Lance Zhang and Zhiyao Bao and Yuke Zhu},
    booktitle = {Robotics: Science and Systems (RSS)},
    year = {2023}
}

@article{mandlekar2020humanintheloopimitationlearningusing,
    title={Human-in-the-Loop Imitation Learning using Remote Teleoperation}, 
    author={Ajay Mandlekar and Danfei Xu and Roberto Martín-Martín and Yuke Zhu and Li Fei-Fei and Silvio Savarese},
    journal={arXiv preprint arXiv:2012.06733},
    year={2020},
}

@article{chisari2021correct,
    title={Correct Me if I am Wrong: Interactive Learning for Robotic Manipulation},
    author={Eugenio Chisari and Tim Welschehold and Joschka Boedecker and Wolfram Burgard and Abhinav Valada},
    journal={arXiv preprint arXiv:2110.03316},
    year={2021},
}

@article{celemin2022interactive,
    title={Interactive imitation learning in robotics: A survey},
    author={Celemin, Carlos and P{\'e}rez-Dattari, Rodrigo and Chisari, Eugenio and Franzese, Giovanni and de Souza Rosa, Leandro and Prakash, Ravi and Ajanovi{\'c}, Zlatan and Ferraz, Marta and Valada, Abhinav and Kober, Jens and others},
    journal={Foundations and Trends in Robotics},
    volume={10},
    number={1-2},
    year={2022},
}

@article{dragan2013policy,
    title ={A policy-blending formalism for shared control},
    author = {Anca D Dragan and Siddhartha S Srinivasa},
    journal = {The International Journal of Robotics Research},
    volume = {32},
    number = {7},
    year = {2013},
}

@inproceedings{javdani2015shared,
    title={Shared autonomy via hindsight optimization},
    author={Javdani, Shervin and Srinivasa, Siddhartha S and Bagnell, J Andrew},
    booktitle = {Robotics: Science and Systems (RSS)},
    year={2015},
}

@inproceedings{kwon2020when,
    title = {When Humans Aren't Optimal: Robots that Collaborate with Risk-Aware Humans},
    author = {Kwon, Minae and Biyik, Erdem and Talati, Aditi and Bhasin, Karan and Losey, Dylan P. and Sadigh, Dorsa},
    booktitle = {International Conference on Human-Robot Interaction (HRI)},
    year = {2020},
}

@inproceedings{ziebart2008Maximum,
    title = {Maximum entropy inverse reinforcement learning},
    author = {Ziebart, Brian D. and Maas, Andrew and Bagnell, J. Andrew and Dey, Anind K.},
    booktitle={Proceedings of the AAAI Conference on Artificial Intelligence},
    year = {2008},
}

@inproceedings{laidlaw2022boltzmann,
    title={The Boltzmann Policy Distribution: Accounting for Systematic Suboptimality in Human Models},
    author={Laidlaw, Cassidy and Dragan, Anca},
    booktitle={International Conference on Learning Representations (ICLR)},
    year={2022}
}