@article{akaike1974new,
  title={A new look at the statistical model identification},
  author={Akaike, Hirotugu},
  journal={IEEE transactions on automatic control},
  volume={19},
  number={6},
  pages={716--723},
  year={1974},
  publisher={Ieee}
}

@article{chen2020frugalml,
  title={Frugalml: How to use ml prediction apis more accurately and cheaply},
  author={Chen, Lingjiao and Zaharia, Matei and Zou, James Y},
  journal={Advances in neural information processing systems},
  volume={33},
  pages={10685--10696},
  year={2020}
}

@article{chen2023frugalgpt,
  title={Frugalgpt: How to use large language models while reducing cost and improving performance},
  author={Chen, Lingjiao and Zaharia, Matei and Zou, James},
  journal={TMLR},
  year={2024}
}

@article{chen2024mllm,
  title={Mllm-as-a-judge: Assessing multimodal llm-as-a-judge with vision-language benchmark},
  author={Chen, Dongping and Chen, Ruoxi and Zhang, Shilin and Liu, Yinuo and Wang, Yaochen and Zhou, Huichi and Zhang, Qihui and Wan, Yao and Zhou, Pan and Sun, Lichao},
  journal={arXiv preprint arXiv:2402.04788},
  year={2024}
}

@article{chiang2024chatbot,
  title={Chatbot arena: An open platform for evaluating llms by human preference},
  author={Chiang, Wei-Lin and Zheng, Lianmin and Sheng, Ying and Angelopoulos, Anastasios Nikolas and Li, Tianle and Li, Dacheng and Zhang, Hao and Zhu, Banghua and Jordan, Michael and Gonzalez, Joseph E and others},
  journal={arXiv preprint arXiv:2403.04132},
  year={2024}
}

@article{deepmind2025alphacode2,
  author    = {DeepMind},
  title     = {AlphaCode 2 Technical Report},
  year      = {2023},
  url       = {https://storage.googleapis.com/deepmind-media/AlphaCode2/AlphaCode2_Tech_Report.pdf},

}

@article{dhole2024conqret,
  title={ConQRet: Benchmarking Fine-Grained Evaluation of Retrieval Augmented Argumentation with LLM Judges},
  author={Dhole, Kaustubh D and Shu, Kai and Agichtein, Eugene},
  journal={arXiv preprint arXiv:2412.05206},
  year={2024}
}

@article{elsken2019neural,
  title={Neural architecture search: A survey},
  author={Elsken, Thomas and Metzen, Jan Hendrik and Hutter, Frank},
  journal={Journal of Machine Learning Research},
  volume={20},
  number={55},
  pages={1--21},
  year={2019}
}

@article{fourney2024magentic,
  title={Magentic-one: A generalist multi-agent system for solving complex tasks},
  author={Fourney, Adam and Bansal, Gagan and Mozannar, Hussein and Tan, Cheng and Salinas, Eduardo and Niedtner, Friederike and Proebsting, Grace and Bassman, Griffin and Gerrits, Jack and Alber, Jacob and others},
  journal={arXiv preprint arXiv:2411.04468},
  year={2024}
}

@article{gu2024survey,
  title={A Survey on LLM-as-a-Judge},
  author={Gu, Jiawei and Jiang, Xuhui and Shi, Zhichao and Tan, Hexiang and Zhai, Xuehao and Xu, Chengjin and Li, Wei and Shen, Yinghan and Ma, Shengjie and Liu, Honghao and others},
  journal={arXiv preprint arXiv:2411.15594},
  year={2024}
}

@article{hu2024routerbench,
  title={ROUTERBENCH: A Benchmark for Multi-LLM Routing System},
  author={Hu, Qitian Jason and Bieker, Jacob and Li, Xiuyu and Jiang, Nan and Keigwin, Benjamin and Ranganath, Gaurav and Keutzer, Kurt and Upadhyay, Shriyash Kaustubh},
  journal={arXiv preprint arXiv:2403.12031},
  year={2024}
}

@article{huang2025thriftllm,
  title={ThriftLLM: On Cost-Effective Selection of Large Language Models for Classification Queries},
  author={Huang, Keke and Shi, Yimin and Ding, Dujian and Li, Yifei and Fei, Yang and Lakshmanan, Laks and Xiao, Xiaokui},
  journal={arXiv preprint arXiv:2501.04901},
  year={2025}
}

@article{johri2025evaluation,
  title={An evaluation framework for clinical use of large language models in patient interaction tasks},
  author={Johri, Shreya and Jeong, Jaehwan and Tran, Benjamin A and Schlessinger, Daniel I and Wongvibulsin, Shannon and Barnes, Leandra A and Zhou, Hong-Yu and Cai, Zhuo Ran and Van Allen, Eliezer M and Kim, David and others},
  journal={Nature Medicine},
  pages={1--10},
  year={2025},
  publisher={Nature Publishing Group US New York}
}

@inproceedings{khattab2024dspy,
  title={DSPy: Compiling Declarative Language Model Calls into State-of-the-Art Pipelines},
  author={Khattab, Omar and Singhvi, Arnav and Maheshwari, Paridhi and Zhang, Zhiyuan and Santhanam, Keshav and Haq, Saiful and Sharma, Ashutosh and Joshi, Thomas T and Moazam, Hanna and Miller, Heather and others},
  booktitle={The Twelfth International Conference on Learning Representations},
  year={2024}
}

@inproceedings{kim2023prometheus,
  title={Prometheus: Inducing fine-grained evaluation capability in language models},
  author={Kim, Seungone and Shin, Jamin and Cho, Yejin and Jang, Joel and Longpre, Shayne and Lee, Hwaran and Yun, Sangdoo and Shin, Seongjin and Kim, Sungdong and Thorne, James and others},
  booktitle={The Twelfth International Conference on Learning Representations},
  year={2023}
}

@article{kohavi1995study,
  title={A study of cross-validation and bootstrap for accuracy estimation and model selection},
  author={Kohavi, R},
  journal={Morgan Kaufman Publishing},
  year={1995}
}

@article{lu2024chameleon,
  title={Chameleon: Plug-and-play compositional reasoning with large language models},
  author={Lu, Pan and Peng, Baolin and Cheng, Hao and Galley, Michel and Chang, Kai-Wei and Wu, Ying Nian and Zhu, Song-Chun and Gao, Jianfeng},
  journal={Advances in Neural Information Processing Systems},
  volume={36},
  year={2023}
}

@article{lu2024merge,
  title={Merge, ensemble, and cooperate! a survey on collaborative strategies in the era of large language models},
  author={Lu, Jinliang and Pang, Ziliang and Xiao, Min and Zhu, Yaochen and Xia, Rui and Zhang, Jiajun},
  journal={arXiv preprint arXiv:2407.06089},
  year={2024}
}

@article{miao2023towards,
  title={Towards efficient generative large language model serving: A survey from algorithms to systems},
  author={Miao, Xupeng and Oliaro, Gabriele and Zhang, Zhihao and Cheng, Xinhao and Jin, Hongyi and Chen, Tianqi and Jia, Zhihao},
  journal={arXiv preprint arXiv:2312.15234},
  year={2023}
}

@article{pryzant2023automatic,
  title={Automatic prompt optimization with" gradient descent" and beam search},
  author={Pryzant, Reid and Iter, Dan and Li, Jerry and Lee, Yin Tat and Zhu, Chenguang and Zeng, Michael},
  journal={arXiv preprint arXiv:2305.03495},
  year={2023}
}

@article{ramirez2024optimising,
  title={Optimising Calls to Large Language Models with Uncertainty-Based Two-Tier Selection},
  author={Ram{\'\i}rez, Guillem and Birch, Alexandra and Titov, Ivan},
  journal={arXiv preprint arXiv:2405.02134},
  year={2024}
}

@inproceedings{shankar2024validates,
  title={Who validates the validators? aligning llm-assisted evaluation of llm outputs with human preferences},
  author={Shankar, Shreya and Zamfirescu-Pereira, JD and Hartmann, Bj{\"o}rn and Parameswaran, Aditya and Arawjo, Ian},
  booktitle={Proceedings of the 37th Annual ACM Symposium on User Interface Software and Technology},
  pages={1--14},
  year={2024}
}

@article{shekhar2024towards,
  title={Towards Optimizing the Costs of LLM Usage},
  author={Shekhar, Shivanshu and Dubey, Tanishq and Mukherjee, Koyel and Saxena, Apoorv and Tyagi, Atharv and Kotla, Nishanth},
  journal={arXiv preprint arXiv:2402.01742},
  year={2024}
}

@article{shinn2024reflexion,
  title={Reflexion: Language agents with verbal reinforcement learning},
  author={Shinn, Noah and Cassano, Federico and Gopinath, Ashwin and Narasimhan, Karthik and Yao, Shunyu},
  journal={Advances in Neural Information Processing Systems},
  volume={36},
  year={2023}
}

@article{stripelis2024tensoropera,
  title={TensorOpera Router: A Multi-Model Router for Efficient LLM Inference},
  author={Stripelis, Dimitris and Hu, Zijian and Zhang, Jipeng and Xu, Zhaozhuo and Shah, Alay Dilipbhai and Jin, Han and Yao, Yuhang and Avestimehr, Salman and He, Chaoyang},
  journal={arXiv preprint arXiv:2408.12320},
  year={2024}
}

@article{wang2024mixture,
  title={Mixture-of-Agents Enhances Large Language Model Capabilities},
  author={Wang, Junlin and Wang, Jue and Athiwaratkun, Ben and Zhang, Ce and Zou, James},
  journal={arXiv preprint arXiv:2406.04692},
  year={2024}
}

@article{wu2023autogen,
  title={Autogen: Enabling next-gen llm applications via multi-agent conversation framework},
  author={Wu, Qingyun and Bansal, Gagan and Zhang, Jieyu and Wu, Yiran and Zhang, Shaokun and Zhu, Erkang and Li, Beibin and Jiang, Li and Zhang, Xiaoyun and Wang, Chi},
  journal={arXiv preprint arXiv:2308.08155},
  year={2023}
}

@article{yuksekgonul2024textgrad,
  title={TextGrad: Automatic" Differentiation" via Text},
  author={Yuksekgonul, Mert and Bianchi, Federico and Boen, Joseph and Liu, Sheng and Huang, Zhi and Guestrin, Carlos and Zou, James},
  journal={arXiv preprint arXiv:2406.07496},
  year={2024}
}

@article{zeng2023evaluating,
  title={Evaluating large language models at evaluating instruction following},
  author={Zeng, Zhiyuan and Yu, Jiatong and Gao, Tianyu and Meng, Yu and Goyal, Tanya and Chen, Danqi},
  journal={arXiv preprint arXiv:2310.07641},
  year={2023}
}

@inproceedings{zhao2024expel,
  title={Expel: Llm agents are experiential learners},
  author={Zhao, Andrew and Huang, Daniel and Xu, Quentin and Lin, Matthieu and Liu, Yong-Jin and Huang, Gao},
  booktitle={Proceedings of the AAAI Conference on Artificial Intelligence},
  volume={38},
  number={17},
  pages={19632--19642},
  year={2024}
}

@article{zheng2023judging,
  title={Judging llm-as-a-judge with mt-bench and chatbot arena},
  author={Zheng, Lianmin and Chiang, Wei-Lin and Sheng, Ying and Zhuang, Siyuan and Wu, Zhanghao and Zhuang, Yonghao and Lin, Zi and Li, Zhuohan and Li, Dacheng and Xing, Eric and others},
  journal={Advances in Neural Information Processing Systems},
  volume={36},
  pages={46595--46623},
  year={2023}
}

@article{zhou2024agents2,
      title={Symbolic Learning Enables Self-Evolving Agents}, 
      author={Wangchunshu Zhou and Yixin Ou and Shengwei Ding and Long Li and Jialong Wu and Tiannan Wang and Jiamin Chen and Shuai Wang and Xiaohua Xu and Ningyu Zhang and Huajun Chen and Yuchen Eleanor Jiang},
      year={2024},
      eprint={2406.18532},
      archivePrefix={arXiv},
      primaryClass={cs.CL},
      url={https://arxiv.org/abs/2406.18532}, 
}

@inproceedings{zhou2024llm,
  title={Is LLM a Reliable Reviewer? A Comprehensive Evaluation of LLM on Automatic Paper Reviewing Tasks},
  author={Zhou, Ruiyang and Chen, Lu and Yu, Kai},
  booktitle={Proceedings of the 2024 Joint International Conference on Computational Linguistics, Language Resources and Evaluation (LREC-COLING 2024)},
  pages={9340--9351},
  year={2024}
}

