@misc{abdin2024phi4technicalreport,
      title={Phi-4 Technical Report}, 
      author={Microsoft},
      year={2024},
      eprint={2412.08905},
      archivePrefix={arXiv},
      primaryClass={cs.CL},
      url={https://arxiv.org/abs/2412.08905}, 
}

@article{alevs2016neural,
  title={Neural Turing Machines: Convergence of Copy Tasks},
  author={Ale{\v{s}}, Janez},
  journal={arXiv preprint arXiv:1612.02336},
  year={2016}
}

@misc{baradad2022learninglookingnoise,
      title={Learning to See by Looking at Noise}, 
      author={Manel Baradad and Jonas Wulff and Tongzhou Wang and Phillip Isola and Antonio Torralba},
      year={2022},
      eprint={2106.05963},
      archivePrefix={arXiv},
      primaryClass={cs.CV},
      url={https://arxiv.org/abs/2106.05963}, 
}

@misc{baradad2023proceduralimageprogramsrepresentation,
      title={Procedural Image Programs for Representation Learning}, 
      author={Manel Baradad and Chun-Fu Chen and Jonas Wulff and Tongzhou Wang and Rogerio Feris and Antonio Torralba and Phillip Isola},
      year={2023},
      eprint={2211.16412},
      archivePrefix={arXiv},
      primaryClass={cs.CV},
      url={https://arxiv.org/abs/2211.16412}, 
}

@article{berges2024memory,
  title={Memory Layers at Scale},
  author={Berges, Vincent-Pierre and O{\u{g}}uz, Barlas and Haziza, Daniel and Yih, Wen-tau and Zettlemoyer, Luke and Gosh, Gargi},
  journal={arXiv preprint arXiv:2412.09764},
  year={2024}
}

@article{chan2022data,
  title={Data distributional properties drive emergent in-context learning in transformers},
  author={Chan, Stephanie and Santoro, Adam and Lampinen, Andrew and Wang, Jane and Singh, Aaditya and Richemond, Pierre and McClelland, James and Hill, Felix},
  journal={Advances in Neural Information Processing Systems},
  volume={35},
  pages={18878--18891},
  year={2022}
}

@article{chan2024toward,
  title={Toward Understanding In-context vs. In-weight Learning},
  author={Chan, Bryan and Chen, Xinyi and Gy{\"o}rgy, Andr{\'a}s and Schuurmans, Dale},
  journal={arXiv preprint arXiv:2410.23042},
  year={2024}
}

@misc{chen2024diversitysyntheticdataimpact,
      title={On the Diversity of Synthetic Data and its Impact on Training Large Language Models}, 
      author={Hao Chen and Abdul Waheed and Xiang Li and Yidong Wang and Jindong Wang and Bhiksha Raj and Marah I. Abdin},
      year={2024},
      eprint={2410.15226},
      archivePrefix={arXiv},
      primaryClass={cs.CL},
      url={https://arxiv.org/abs/2410.15226}, 
}

@misc{deepseekai2024deepseekv3technicalreport,
      title={DeepSeek-V3 Technical Report}, 
      author={DeepSeek-AI},
      year={2024},
      eprint={2412.19437},
      archivePrefix={arXiv},
      primaryClass={cs.CL},
      url={https://arxiv.org/abs/2412.19437}, 
}

@misc{grattafiori2024llama3herdmodels,
      title={The Llama 3 Herd of Models}, 
      author={Meta},
      year={2024},
      eprint={2407.21783},
      archivePrefix={arXiv},
      primaryClass={cs.AI},
      url={https://arxiv.org/abs/2407.21783}, 
}

@misc{huggingface_cosmopedia,
  author = {HuggingFace},
  title = {Cosmopedia: A Guide to Large Language Models},
  year = {2024},
  howpublished = {\url{https://huggingface.co/blog/cosmopedia}},
  note = {Accessed: 2025-01-24}
}

@article{jin2024disentangling,
  title={Disentangling Memory and Reasoning Ability in Large Language Models},
  author={Jin, Mingyu and Luo, Weidi and Cheng, Sitao and Wang, Xinyi and Hua, Wenyue and Tang, Ruixiang and Wang, William Yang and Zhang, Yongfeng},
  journal={arXiv preprint arXiv:2411.13504},
  year={2024}
}

@misc{krishna2021doespretrainingsummarizationrequire,
      title={Does Pretraining for Summarization Require Knowledge Transfer?}, 
      author={Kundan Krishna and Jeffrey Bigham and Zachary C. Lipton},
      year={2021},
      eprint={2109.04953},
      archivePrefix={arXiv},
      primaryClass={cs.CL},
      url={https://arxiv.org/abs/2109.04953}, 
}

@misc{lightman2023letsverifystepstep,
      title={Let's Verify Step by Step}, 
      author={Hunter Lightman and Vineet Kosaraju and Yura Burda and Harri Edwards and Bowen Baker and Teddy Lee and Jan Leike and John Schulman and Ilya Sutskever and Karl Cobbe},
      year={2023},
      eprint={2305.20050},
      archivePrefix={arXiv},
      primaryClass={cs.LG},
      url={https://arxiv.org/abs/2305.20050}, 
}

@misc{mirzadeh2024gsmsymbolicunderstandinglimitationsmathematical,
      title={GSM-Symbolic: Understanding the Limitations of Mathematical Reasoning in Large Language Models}, 
      author={Iman Mirzadeh and Keivan Alizadeh and Hooman Shahrokhi and Oncel Tuzel and Samy Bengio and Mehrdad Farajtabar},
      year={2024},
      eprint={2410.05229},
      archivePrefix={arXiv},
      primaryClass={cs.LG},
      url={https://arxiv.org/abs/2410.05229}, 
}

@misc{openai2024gpt4technicalreport,
      title={GPT-4 Technical Report}, 
      author={OpenAI},
      year={2024},
      eprint={2303.08774},
      archivePrefix={arXiv},
      primaryClass={cs.CL},
      url={https://arxiv.org/abs/2303.08774}, 
}

@misc{ouyang2022traininglanguagemodelsfollow,
      title={Training language models to follow instructions with human feedback}, 
      author={Long Ouyang and Jeff Wu and Xu Jiang and Diogo Almeida and Carroll L. Wainwright and Pamela Mishkin and Chong Zhang and Sandhini Agarwal and Katarina Slama and Alex Ray and John Schulman and Jacob Hilton and Fraser Kelton and Luke Miller and Maddie Simens and Amanda Askell and Peter Welinder and Paul Christiano and Jan Leike and Ryan Lowe},
      year={2022},
      eprint={2203.02155},
      archivePrefix={arXiv},
      primaryClass={cs.CL},
      url={https://arxiv.org/abs/2203.02155}, 
}

@article{silver2016mastering,
  added-at = {2017-05-07T12:43:52.000+0200},
  author = {Silver, David and Huang, Aja and Maddison, Chris J and Guez, Arthur and Sifre, Laurent and Van Den Driessche, George and Schrittwieser, Julian and Antonoglou, Ioannis and Panneershelvam, Veda and Lanctot, Marc and others},
  biburl = {https://www.bibsonomy.org/bibtex/265a1c9455003f91c61b725aa46f466a6/hotho},
  interhash = {5892845b739023cd7f42e7cce276d935},
  intrahash = {65a1c9455003f91c61b725aa46f466a6},
  journal = {Nature},
  keywords = {alphago deep learning wj2017},
  number = 7587,
  pages = {484--489},
  publisher = {Nature Publishing Group},
  timestamp = {2017-05-07T12:43:52.000+0200},
  title = {Mastering the game of Go with deep neural networks and tree search},
  volume = 529,
  year = 2016
}

@misc{silver2017masteringchessshogiselfplay,
      title={Mastering Chess and Shogi by Self-Play with a General Reinforcement Learning Algorithm}, 
      author={David Silver and Thomas Hubert and Julian Schrittwieser and Ioannis Antonoglou and Matthew Lai and Arthur Guez and Marc Lanctot and Laurent Sifre and Dharshan Kumaran and Thore Graepel and Timothy Lillicrap and Karen Simonyan and Demis Hassabis},
      year={2017},
      eprint={1712.01815},
      archivePrefix={arXiv},
      primaryClass={cs.AI},
      url={https://arxiv.org/abs/1712.01815}, 
}

@misc{singh2024humandatascalingselftraining,
      title={Beyond Human Data: Scaling Self-Training for Problem-Solving with Language Models}, 
      author={Avi Singh and John D. Co-Reyes and Rishabh Agarwal and Ankesh Anand and Piyush Patil and Xavier Garcia and Peter J. Liu and James Harrison and Jaehoon Lee and Kelvin Xu and Aaron Parisi and Abhishek Kumar and Alex Alemi and Alex Rizkowsky and Azade Nova and Ben Adlam and Bernd Bohnet and Gamaleldin Elsayed and Hanie Sedghi and Igor Mordatch and Isabelle Simpson and Izzeddin Gur and Jasper Snoek and Jeffrey Pennington and Jiri Hron and Kathleen Kenealy and Kevin Swersky and Kshiteej Mahajan and Laura Culp and Lechao Xiao and Maxwell L. Bileschi and Noah Constant and Roman Novak and Rosanne Liu and Tris Warkentin and Yundi Qian and Yamini Bansal and Ethan Dyer and Behnam Neyshabur and Jascha Sohl-Dickstein and Noah Fiedel},
      year={2024},
      eprint={2312.06585},
      archivePrefix={arXiv},
      primaryClass={cs.LG},
      url={https://arxiv.org/abs/2312.06585}, 
}

@misc{uesato2022solvingmathwordproblems,
      title={Solving math word problems with process- and outcome-based feedback}, 
      author={Jonathan Uesato and Nate Kushman and Ramana Kumar and Francis Song and Noah Siegel and Lisa Wang and Antonia Creswell and Geoffrey Irving and Irina Higgins},
      year={2022},
      eprint={2211.14275},
      archivePrefix={arXiv},
      primaryClass={cs.LG},
      url={https://arxiv.org/abs/2211.14275}, 
}

@misc{wang2023selfconsistencyimproveschainthought,
      title={Self-Consistency Improves Chain of Thought Reasoning in Language Models}, 
      author={Xuezhi Wang and Jason Wei and Dale Schuurmans and Quoc Le and Ed Chi and Sharan Narang and Aakanksha Chowdhery and Denny Zhou},
      year={2023},
      eprint={2203.11171},
      archivePrefix={arXiv},
      primaryClass={cs.CL},
      url={https://arxiv.org/abs/2203.11171}, 
}

@misc{wang2023visualpretrainingnavigationlearn,
      title={Visual Pre-training for Navigation: What Can We Learn from Noise?}, 
      author={Yanwei Wang and Ching-Yun Ko and Pulkit Agrawal},
      year={2023},
      eprint={2207.00052},
      archivePrefix={arXiv},
      primaryClass={cs.CV},
      url={https://arxiv.org/abs/2207.00052}, 
}

@misc{wang2024mathshepherdverifyreinforcellms,
      title={Math-Shepherd: Verify and Reinforce LLMs Step-by-step without Human Annotations}, 
      author={Peiyi Wang and Lei Li and Zhihong Shao and R. X. Xu and Damai Dai and Yifei Li and Deli Chen and Y. Wu and Zhifang Sui},
      year={2024},
      eprint={2312.08935},
      archivePrefix={arXiv},
      primaryClass={cs.AI},
      url={https://arxiv.org/abs/2312.08935}, 
}

@misc{wang2024pretrainingsyntheticdatahelps,
      title={Pre-training with Synthetic Data Helps Offline Reinforcement Learning}, 
      author={Zecheng Wang and Che Wang and Zixuan Dong and Keith Ross},
      year={2024},
      eprint={2310.00771},
      archivePrefix={arXiv},
      primaryClass={cs.AI},
      url={https://arxiv.org/abs/2310.00771}, 
}

@misc{wei2023chainofthoughtpromptingelicitsreasoning,
      title={Chain-of-Thought Prompting Elicits Reasoning in Large Language Models}, 
      author={Jason Wei and Xuezhi Wang and Dale Schuurmans and Maarten Bosma and Brian Ichter and Fei Xia and Ed Chi and Quoc Le and Denny Zhou},
      year={2023},
      eprint={2201.11903},
      archivePrefix={arXiv},
      primaryClass={cs.CL},
      url={https://arxiv.org/abs/2201.11903}, 
}

@inproceedings{wu2021lime,
  title={Lime: Learning inductive bias for primitives of mathematical reasoning},
  author={Wu, Yuhuai and Rabe, Markus N and Li, Wenda and Ba, Jimmy and Grosse, Roger B and Szegedy, Christian},
  booktitle={International Conference on Machine Learning},
  pages={11251--11262},
  year={2021},
  organization={PMLR}
}

@article{wu2022insights,
  title={Insights into pre-training via simpler synthetic tasks},
  author={Wu, Yuhuai and Li, Felix and Liang, Percy S},
  journal={Advances in Neural Information Processing Systems},
  volume={35},
  pages={21844--21857},
  year={2022}
}

@misc{wu2024reasoningrecitingexploringcapabilities,
      title={Reasoning or Reciting? Exploring the Capabilities and Limitations of Language Models Through Counterfactual Tasks}, 
      author={Zhaofeng Wu and Linlu Qiu and Alexis Ross and Ekin Akyürek and Boyuan Chen and Bailin Wang and Najoung Kim and Jacob Andreas and Yoon Kim},
      year={2024},
      eprint={2307.02477},
      archivePrefix={arXiv},
      primaryClass={cs.CL},
      url={https://arxiv.org/abs/2307.02477}, 
}

@article{xie2024memorization,
  title={On memorization of large language models in logical reasoning},
  author={Xie, Chulin and Huang, Yangsibo and Zhang, Chiyuan and Yu, Da and Chen, Xinyun and Lin, Bill Yuchen and Li, Bo and Ghazi, Badih and Kumar, Ravi},
  journal={arXiv preprint arXiv:2410.23123},
  year={2024}
}

@article{yao2024tree,
  title={Tree of thoughts: Deliberate problem solving with large language models},
  author={Yao, Shunyu and Yu, Dian and Zhao, Jeffrey and Shafran, Izhak and Griffiths, Tom and Cao, Yuan and Narasimhan, Karthik},
  journal={Advances in Neural Information Processing Systems},
  volume={36},
  year={2024}
}

@misc{zelikman2022starbootstrappingreasoningreasoning,
      title={STaR: Bootstrapping Reasoning With Reasoning}, 
      author={Eric Zelikman and Yuhuai Wu and Jesse Mu and Noah D. Goodman},
      year={2022},
      eprint={2203.14465},
      archivePrefix={arXiv},
      primaryClass={cs.LG},
      url={https://arxiv.org/abs/2203.14465}, 
}

@misc{zelikman2024quietstarlanguagemodelsteach,
      title={Quiet-STaR: Language Models Can Teach Themselves to Think Before Speaking}, 
      author={Eric Zelikman and Georges Harik and Yijia Shao and Varuna Jayasiri and Nick Haber and Noah D. Goodman},
      year={2024},
      eprint={2403.09629},
      archivePrefix={arXiv},
      primaryClass={cs.CL},
      url={https://arxiv.org/abs/2403.09629}, 
}

