@article{Lu2024f-MICL:Learning,
    title = {{{\$}f{\$}-MICL: Understanding and Generalizing InfoNCE-based Contrastive Learning}},
    year = {2024},
    author = {Lu, Yiwei and Zhang, Guojun and Sun, Sun and Guo, Hongyu and Yu, Yaoliang},
    month = {2},
    url = {http://arxiv.org/abs/2402.10150},
    arxivId = {2402.10150v1}
}

@article{Stark20213DPrediction,
    title = {{3D Infomax improves GNNs for Molecular Property Prediction}},
    year = {2021},
    journal = {Proceedings of Machine Learning Research},
    author = {St{\"{a}}rk, Hannes and Beaini, Dominique and Corso, Gabriele and Tossou, Prudencio and Dallago, Christian and G{\"{u}}nnemann, Stephan and Li{\`{o}}, Pietro},
    month = {10},
    pages = {20479--20502},
    volume = {162},
    publisher = {ML Research Press},
    url = {https://arxiv.org/abs/2110.04126v4},
    issn = {26403498},
    arxivId = {2110.04126}
}

@article{RoscaAConstraints,
    title = {{A case for new neural network smoothness constraints}},
    author = {Rosca, Mihaela and Weber, Theophane and Gretton, Arthur and Mohamed, Shakir},
    arxivId = {2012.07969v3}
}

@article{RoscaAConstraintsb,
    title = {{A case for new neural network smoothness constraints}},
    author = {Rosca, Mihaela and Weber, Theophane and Gretton, Arthur and Mohamed, Shakir}
}

@article{Yang2020ARobustness,
    title = {{A Closer Look at Accuracy vs. Robustness}},
    year = {2020},
    journal = {Advances in Neural Information Processing Systems},
    author = {Yang, Yao Yuan and Rashtchian, Cyrus and Zhang, Hongyang and Salakhutdinov, Ruslan and Chaudhuri, Kamalika},
    month = {3},
    volume = {2020-December},
    publisher = {Neural information processing systems foundation},
    url = {https://arxiv.org/abs/2003.02460v3},
    doi = {10.48550/arxiv.2003.02460},
    issn = {10495258},
    arxivId = {2003.02460}
}

@article{Li2023ALearning,
    title = {{A knowledge-guided pre-training framework for improving molecular representation learning}},
    year = {2023},
    journal = {Nature Communications 2023 14:1},
    author = {Li, Han and Zhang, Ruotian and Min, Yaosen and Ma, Dacheng and Zhao, Dan and Zeng, Jianyang},
    number = {1},
    month = {11},
    pages = {1--13},
    volume = {14},
    publisher = {Nature Publishing Group},
    url = {https://www.nature.com/articles/s41467-023-43214-1},
    doi = {10.1038/s41467-023-43214-1},
    issn = {2041-1723},
    pmid = {37989998},
    keywords = {Computational models, Drug discovery, Drug screening}
}

@article{Zhou2021ANetwork,
    title = {{A Local Convergence Theory for Mildly Over-Parameterized Two-Layer Neural Network}},
    year = {2021},
    journal = {Proceedings of Machine Learning Research},
    author = {Zhou, Mo and Ge, Rong and Jin, Chi},
    month = {2},
    pages = {4577--4632},
    volume = {134},
    publisher = {ML Research Press},
    url = {https://arxiv.org/abs/2102.02410v2},
    issn = {26403498},
    arxivId = {2102.02410}
}

@misc{Zhang2022ARisk,
    title = {{A Manifold View of Adversarial Risk}},
    year = {2022},
    author = {Zhang, Wenjia and Zhang, Yikai and Hu, Xiaolin and Stanley, Morgan and Goswami, Mayank and Chen, Chao and Metaxas, Dimitris},
    month = {5},
    pages = {11598--11614},
    publisher = {PMLR},
    url = {https://proceedings.mlr.press/v151/zhang22h.html},
    issn = {2640-3498}
}

@article{Kerstjens2023AConstraints,
    title = {{A molecule perturbation software library and its application to study the effects of molecular design constraints}},
    year = {2023},
    journal = {Journal of Cheminformatics},
    author = {Kerstjens, Alan and De Winter, Hans},
    number = {1},
    month = {12},
    pages = {1--17},
    volume = {15},
    publisher = {BioMed Central Ltd},
    url = {https://jcheminf.biomedcentral.com/articles/10.1186/s13321-023-00761-5 http://creativecommons.org/publicdomain/zero/1.0/},
    doi = {10.1186/S13321-023-00761-5/FIGURES/13},
    issn = {17582946},
    keywords = {Chemical space, Constraints, De novo molecule generation, Molecular design, Molecular fingerprints, RDKit, Software library, Topological perturbations}
}

@article{AExploration,
    title = {{A More Experimental Results of Empirical Exploration}}
}

@article{YuA,
    title = {{A Robust Classification-autoencoder to Defend Outliers and Adversaries *}},
    author = {Yu, Lijia and Gao, Xiao-Shan},
    arxivId = {2106.15927v2},
    keywords = {Robust DNN, ad-versary sample, classification-autoencoder, decouple classification, list classifier, outlier}
}

@article{Hu2019AAnalysis,
    title = {{A statistical framework for cross-tissue transcriptome-wide association analysis}},
    year = {2019},
    journal = {Nature Genetics},
    author = {Hu, Yiming and Li, Mo and Lu, Qiongshi and Weng, Haoyi and Wang, Jiawei and Zekavat, Seyedeh M. and Yu, Zhaolong and Li, Boyang and Gu, Jianlei and Muchnik, Sydney and Shi, Yu and Kunkle, Brian W. and Mukherjee, Shubhabrata and Natarajan, Pradeep and Naj, Adam and Kuzma, Amanda and Zhao, Yi and Crane, Paul K. and Lu, Hui and Zhao, Hongyu},
    number = {3},
    month = {3},
    pages = {568--576},
    volume = {51},
    publisher = {Nature Publishing Group},
    doi = {10.1038/s41588-019-0345-7},
    issn = {15461718},
    pmid = {30804563}
}

@article{Deng2023APrediction,
    title = {{A systematic study ofÂ key elements underlying molecular property prediction}},
    year = {2023},
    journal = {Nature Communications 2023 14:1},
    author = {Deng, Jianyuan and Yang, Zhibo and Wang, Hehe and Ojima, Iwao and Samaras, Dimitris and Wang, Fusheng},
    number = {1},
    month = {10},
    pages = {1--20},
    volume = {14},
    publisher = {Nature Publishing Group},
    url = {https://www.nature.com/articles/s41467-023-41948-6},
    doi = {10.1038/s41467-023-41948-6},
    issn = {2041-1723},
    pmid = {37833262},
    keywords = {Cheminformatics, Machine learning}
}

@article{Zhou2020AAnalysis,
    title = {{A unified framework for joint-tissue transcriptome-wide association and Mendelian randomization analysis}},
    year = {2020},
    journal = {Nature Genetics},
    author = {Zhou, Dan and Jiang, Yi and Zhong, Xue and Cox, Nancy J. and Liu, Chunyu and Gamazon, Eric R.},
    number = {11},
    month = {11},
    pages = {1239--1246},
    volume = {52},
    publisher = {Nature Research},
    doi = {10.1038/s41588-020-0706-2},
    issn = {15461718},
    pmid = {33020666}
}

@article{Grenander1981AbstractInference,
    title = {{Abstract inference}},
    year = {1981},
    author = {Grenander, Ulf.},
    pages = {526},
    publisher = {Wiley},
    isbn = {0471082678}
}

@article{Wang2023AcceleratedObjectives,
    title = {{Accelerated Neural Network Training with Rooted Logistic Objectives}},
    year = {2023},
    author = {Wang, Zhu and Raj, Praveen and Harsh, Veluswami and Sathya, Mishra and Ravi, N},
    month = {10},
    url = {https://arxiv.org/abs/2310.03890v1},
    arxivId = {2310.03890}
}

@article{Das2024ActiveRLHF,
    title = {{Active Preference Optimization for Sample Efficient RLHF}},
    year = {2024},
    author = {Das, Nirjhar and Chakraborty, Souradip and Pacchiano, Aldo and Chowdhury, Sayak Ray},
    month = {2},
    url = {https://arxiv.org/abs/2402.10500v2},
    arxivId = {2402.10500}
}

@article{Kingma2014Adam:Optimization,
    title = {{Adam: A Method for Stochastic Optimization}},
    year = {2014},
    author = {Kingma, Diederik P. and Ba, Jimmy},
    month = {12},
    url = {http://arxiv.org/abs/1412.6980},
    arxivId = {1412.6980}
}

@article{Nakada2019AdaptiveDimensionality,
    title = {{Adaptive Approximation and Generalization of Deep Neural Network with Intrinsic Dimensionality}},
    year = {2019},
    author = {Nakada, Ryumei and Imaizumi, Masaaki},
    month = {7},
    url = {http://arxiv.org/abs/1907.02177},
    arxivId = {1907.02177}
}

@article{Neelakantan2015AddingNetworks,
    title = {{Adding Gradient Noise Improves Learning for Very Deep Networks}},
    year = {2015},
    author = {Neelakantan, Arvind and Vilnis, Luke and Le, Quoc V. and Sutskever, Ilya and Kaiser, Lukasz and Kurach, Karol and Martens, James},
    month = {11},
    url = {http://arxiv.org/abs/1511.06807},
    arxivId = {1511.06807}
}

@article{Wang2019AdversarialOptimization,
    title = {{Adversarial Attack Generation Empowered by Min-Max Optimization}},
    year = {2019},
    author = {Wang, Jingkang and Zhang, Tianyun and Liu, Sijia and Chen, Pin-Yu and Xu, Jiacen and Fardad, Makan and Li, Bo},
    month = {6},
    url = {http://arxiv.org/abs/1906.03563},
    arxivId = {1906.03563}
}

@article{Gondim-Ribeiro2018AdversarialAutoencoders,
    title = {{Adversarial Attacks on Variational Autoencoders}},
    year = {2018},
    author = {Gondim-Ribeiro, George and Tabacof, Pedro and Valle, Eduardo},
    month = {6},
    url = {http://arxiv.org/abs/1806.04646},
    arxivId = {1806.04646}
}

@article{Makhzani2015AdversarialAutoencoders,
    title = {{Adversarial Autoencoders}},
    year = {2015},
    author = {Makhzani, Alireza and Shlens, Jonathon and Jaitly, Navdeep and Goodfellow, Ian and Frey, Brendan},
    month = {11},
    url = {http://arxiv.org/abs/1511.05644},
    arxivId = {1511.05644}
}

@article{Metzger2022AdversarialEstimators,
    title = {{Adversarial Estimators}},
    year = {2022},
    author = {Metzger, Jonas},
    month = {4},
    url = {http://arxiv.org/abs/2204.10495},
    arxivId = {2204.10495}
}

@article{Bose2020AdversarialGames,
    title = {{Adversarial Example Games}},
    year = {2020},
    author = {Bose, Avishek Joey and Gidel, Gauthier and Berard, Hugo and Cianflone, Andre and Vincent, Pascal and Lacoste-Julien, Simon and Hamilton, William L.},
    month = {7},
    url = {http://arxiv.org/abs/2007.00720},
    arxivId = {2007.00720}
}

@article{Ilyas2019AdversarialFeatures,
    title = {{Adversarial Examples Are Not Bugs, They Are Features}},
    year = {2019},
    journal = {Advances in Neural Information Processing Systems},
    author = {Ilyas, Andrew and Santurkar, Shibani and Tsipras, Dimitris and Engstrom, Logan and Tran, Brandon and Madry, Aleksander},
    month = {5},
    volume = {32},
    publisher = {Neural information processing systems foundation},
    url = {https://arxiv.org/abs/1905.02175v4},
    issn = {10495258},
    arxivId = {1905.02175}
}

@article{Melamed2023AdversarialManifolds,
    title = {{Adversarial Examples Exist in Two-Layer ReLU Networks for Low Dimensional Data Manifolds}},
    year = {2023},
    author = {Melamed, Odelia and Yehudai, Gilad and Vardi, Gal},
    month = {3},
    url = {https://arxiv.org/abs/2303.00783v1},
    arxivId = {2303.00783}
}

@article{Kurakin2017ADVERSARIALWORLD,
    title = {{ADVERSARIAL EXAMPLES IN THE PHYSICAL WORLD}},
    year = {2017},
    author = {Kurakin, Alexey and Brain, Google and Openai, Ian J Goodfellow and Bengio, Samy},
    url = {http://www.},
    arxivId = {1607.02533v4}
}

@article{Bashivan2020AdversarialDesensitization,
    title = {{Adversarial Feature Desensitization}},
    year = {2020},
    journal = {Advances in Neural Information Processing Systems},
    author = {Bashivan, Pouya and Bayat, Reza and Ibrahim, Adam and Ahuja, Kartik and Faramarzi, Mojtaba and Laleh, Touraj and Richards, Blake and Rish, Irina},
    month = {6},
    pages = {10665--10677},
    volume = {13},
    publisher = {Neural information processing systems foundation},
    url = {https://arxiv.org/abs/2006.04621v3},
    isbn = {9781713845393},
    issn = {10495258},
    arxivId = {2006.04621}
}

@article{Bashivan2020AdversarialDesensitizationb,
    title = {{Adversarial Feature Desensitization}},
    year = {2020},
    journal = {Advances in Neural Information Processing Systems},
    author = {Bashivan, Pouya and Bayat, Reza and Ibrahim, Adam and Ahuja, Kartik and Faramarzi, Mojtaba and Laleh, Touraj and Richards, Blake and Rish, Irina},
    month = {6},
    pages = {10665--10677},
    volume = {13},
    publisher = {Neural information processing systems foundation},
    url = {https://arxiv.org/abs/2006.04621v3},
    isbn = {9781713845393},
    issn = {10495258},
    arxivId = {2006.04621}
}

@article{Kannan2018AdversarialPairing,
    title = {{Adversarial Logit Pairing}},
    year = {2018},
    author = {Kannan, Harini and Kurakin, Alexey and Goodfellow, Ian},
    month = {3},
    url = {https://arxiv.org/abs/1803.06373v1},
    arxivId = {1803.06373}
}

@article{Xiao2022AdversarialNetworks,
    title = {{Adversarial Rademacher Complexity of Deep Neural Networks}},
    year = {2022},
    author = {Xiao, Jiancong and Fan, Yanbo and Sun, Ruoyu and Luo, Zhi-Quan},
    month = {11},
    url = {https://arxiv.org/abs/2211.14966v1},
    doi = {10.48550/arxiv.2211.14966},
    arxivId = {2211.14966},
    keywords = {Adversarial Robustness, Generalization Bounds, Rademacher Complexity}
}

@article{Sulam2020AdversarialCoding,
    title = {{Adversarial Robustness of Supervised Sparse Coding}},
    year = {2020},
    journal = {Advances in Neural Information Processing Systems},
    author = {Sulam, Jeremias and Muthukumar, Ramchandran and Arora, Raman},
    month = {10},
    volume = {2020-December},
    publisher = {Neural information processing systems foundation},
    url = {https://arxiv.org/abs/2010.12088v2},
    issn = {10495258},
    arxivId = {2010.12088}
}

@article{Xing2024AdversarialNetworks,
    title = {{Adversarial Training in High-Dimensional Regression: Generated Data and Neural Networks}},
    year = {2024},
    journal = {SSRN Electronic Journal},
    author = {Xing, Yue},
    month = {1},
    url = {https://papers.ssrn.com/abstract=4705052},
    doi = {10.2139/SSRN.4705052},
    issn = {1556-5068},
    keywords = {Adversarial Training in High-Dimensional Regression: Generated Data and Neural Networks, Adversarial training, SSRN, Yue Xing, adversarial robustness, high-dimensional statistics}
}

@article{Yamada2021AdversarialRegression,
    title = {{Adversarial Training Makes Weight Loss Landscape Sharper in Logistic Regression}},
    year = {2021},
    author = {Yamada, Masanori and Kanai, Sekitoshi and Iwata, Tomoharu and Takahashi, Tomokatsu and Yamanaka, Yuki and Takahashi, Hiroshi and Kumagai, Atsutoshi},
    month = {2},
    url = {https://arxiv.org/abs/2102.02950v1},
    doi = {10.48550/arxiv.2102.02950},
    arxivId = {2102.02950}
}

@article{LeeAdversarialGeneralization,
    title = {{Adversarial Vertex Mixup: Toward Better Adversarially Robust Generalization}},
    author = {Lee, Saehyung and Lee, Hyungyu and Yoon, Sungroh}
}

@article{Wu2020AdversarialGeneralization,
    title = {{Adversarial Weight Perturbation Helps Robust Generalization}},
    year = {2020},
    journal = {Advances in Neural Information Processing Systems},
    author = {Wu, Dongxian and Xia, Shu Tao and Wang, Yisen},
    month = {4},
    volume = {2020-December},
    publisher = {Neural information processing systems foundation},
    url = {https://arxiv.org/abs/2004.05884v2},
    issn = {10495258},
    arxivId = {2004.05884}
}

@article{Puranik2020AdversariallyGLRT,
    title = {{Adversarially Robust Classification based on GLRT}},
    year = {2020},
    journal = {ICASSP, IEEE International Conference on Acoustics, Speech and Signal Processing - Proceedings},
    author = {Puranik, Bhagyashree and Madhow, Upamanyu and Pedarsani, Ramtin},
    month = {11},
    pages = {3785--3789},
    volume = {2021-June},
    publisher = {Institute of Electrical and Electronics Engineers Inc.},
    url = {https://arxiv.org/abs/2011.07835v1},
    doi = {10.1109/ICASSP39728.2021.9413587},
    issn = {15206149},
    arxivId = {2011.07835},
    keywords = {Adversarial machine learning, Hypothesis testing, Robust classification}
}

@article{TaylanCemgilADVERSARIALLYENCODERS,
    title = {{ADVERSARIALLY ROBUST REPRESENTATIONS WITH SMOOTH ENCODERS}},
    author = {Taylan Cemgil, A and Ghaisas, Sumedh and Dvijotham, Krishnamurthy and Kohli DeepMind, Pushmeet}
}

@article{Xu2024AligningSupervision,
    title = {{Aligning Large Language Models via Fine-grained Supervision}},
    year = {2024},
    journal = {Proceedings of the Annual Meeting of the Association for Computational Linguistics},
    author = {Xu, Dehong and Qiu, Liang and Kim, Minseok and Ladhak, Faisal and Do, Jaeyoung},
    month = {6},
    pages = {673--680},
    volume = {2},
    publisher = {Association for Computational Linguistics (ACL)},
    url = {https://arxiv.org/abs/2406.02756v1},
    isbn = {9798891760950},
    issn = {0736587X},
    arxivId = {2406.02756}
}

@article{Qiu2021ALMOND:Diffusion,
    title = {{ALMOND: Adaptive Latent Modeling and Optimization via Neural Networks and Langevin Diffusion}},
    year = {2021},
    journal = {Journal of the American Statistical Association},
    author = {Qiu, Yixuan and Wang, Xiao},
    number = {535},
    pages = {1224--1236},
    volume = {116},
    publisher = {American Statistical Association},
    doi = {10.1080/01621459.2019.1691563},
    issn = {1537274X},
    keywords = {Deep learning, Generative model, Langevin dynamics, Latent variable model, Stochastic gradient method}
}

@article{Dubois2023AlpacaFarm:Feedback,
    title = {{AlpacaFarm: A Simulation Framework for Methods that Learn from Human Feedback}},
    year = {2023},
    journal = {Advances in Neural Information Processing Systems},
    author = {Dubois, Yann and Li, Xuechen and Taori, Rohan and Zhang, Tianyi and Gulrajani, Ishaan and Ba, Jimmy and Guestrin, Carlos and Liang, Percy and Hashimoto, Tatsunori B.},
    month = {5},
    volume = {36},
    publisher = {Neural information processing systems foundation},
    url = {https://arxiv.org/abs/2305.14387v4},
    issn = {10495258},
    arxivId = {2305.14387}
}

@article{Yang2023AnLearning,
    title = {{An adversarial training framework for mitigating algorithmic biases in clinical machine learning}},
    year = {2023},
    journal = {npj Digital Medicine 2023 6:1},
    author = {Yang, Jenny and Soltan, Andrew A.S. and Eyre, David W. and Yang, Yang and Clifton, David A.},
    number = {1},
    month = {3},
    pages = {1--10},
    volume = {6},
    publisher = {Nature Publishing Group},
    url = {https://www.nature.com/articles/s41746-023-00805-y},
    doi = {10.1038/s41746-023-00805-y},
    issn = {2398-6352},
    keywords = {Medical ethics, Public health}
}

@article{Huang2021AnDistributions,
    title = {{An error analysis of generative adversarial networks for learning distributions}},
    year = {2021},
    author = {Huang, Jian and Jiao, Yuling and Li, Zhen and Liu, Shiao and Wang, Yang and Yang, Yunfei},
    month = {5},
    url = {http://arxiv.org/abs/2105.13010},
    arxivId = {2105.13010}
}

@article{Ruder2016AnAlgorithms,
    title = {{An overview of gradient descent optimization algorithms}},
    year = {2016},
    author = {Ruder, Sebastian},
    month = {9},
    url = {http://arxiv.org/abs/1609.04747},
    arxivId = {1609.04747}
}

@article{Lima2022AnModels,
    title = {{An Overview on the Use of Adversarial Learning Strategies to Ensure Fairness in Machine Learning Models}},
    year = {2022},
    journal = {ACM International Conference Proceeding Series},
    author = {Lima, Luiz Fernando FonsÃªca Pinheiro De and Ricarte, Danielle Rousy Dias and Siebra, Clauirton De Albuquerque},
    month = {5},
    volume = {Par F180474},
    publisher = {Association for Computing Machinery},
    url = {https://dl.acm.org/doi/10.1145/3535511.3535517},
    isbn = {9781450396981},
    doi = {10.1145/3535511.3535517},
    keywords = {adversarial learning, bias, fairness}
}

@article{JiANCOLLAPSE,
    title = {{AN UNCONSTRAINED LAYER-PEELED PERSPECTIVE ON NEURAL COLLAPSE}},
    author = {Ji, Wenlong and Lu, Yiping and Zhang, Yiliang and Deng, Zhun and Su, Weijie J},
    arxivId = {2110.02796v2}
}

@article{Tian2021AnalysisTraining,
    title = {{Analysis and Applications of Class-wise Robustness in Adversarial Training}},
    year = {2021},
    journal = {Proceedings of the ACM SIGKDD International Conference on Knowledge Discovery and Data Mining},
    author = {Tian, Qi and Kuang, Kun and Jiang, Kelu and Wu, Fei and Wang, Yisen},
    month = {5},
    pages = {1561--1570},
    publisher = {Association for Computing Machinery},
    url = {https://arxiv.org/abs/2105.14240v5},
    isbn = {9781450383325},
    doi = {10.48550/arxiv.2105.14240},
    arxivId = {2105.14240},
    keywords = {adversarial examples, adversarial robustness, adversarial training, class-wise properties}
}

@article{Tian2021AnalysisTrainingb,
    title = {{Analysis and Applications of Class-wise Robustness in Adversarial Training}},
    year = {2021},
    journal = {Proceedings of the ACM SIGKDD International Conference on Knowledge Discovery and Data Mining},
    author = {Tian, Qi and Kuang, Kun and Jiang, Kelu and Wu, Fei and Wang, Yisen},
    month = {5},
    pages = {1561--1570},
    publisher = {Association for Computing Machinery},
    url = {https://arxiv.org/abs/2105.14240v5},
    isbn = {9781450383325},
    doi = {10.1145/3447548.3467403},
    arxivId = {2105.14240},
    keywords = {adversarial examples, adversarial robustness, adversarial training, class-wise properties}
}

@article{DziedzicAnalysisNetworks,
    title = {{Analysis of Random Perturbations for Robust Convolutional Neural Networks}},
    author = {Dziedzic, Adam and Krishnan, Sanjay},
    isbn = {2002.03080v4},
    arxivId = {2002.03080v4}
}

@article{Wang2019ApproximationDomains,
    title = {{Approximation capabilities of neural networks on unbounded domains}},
    year = {2019},
    author = {Wang, Ming-Xi and Qu, Yang},
    month = {10},
    url = {http://arxiv.org/abs/1910.09293},
    arxivId = {1910.09293}
}

@article{Pinkus1999ApproximationNetworks,
    title = {{Approximation theory of the MLP model in neural networks}},
    year = {1999},
    journal = {Acta Numerica},
    author = {Pinkus, Allan},
    pages = {143--195},
    volume = {8},
    publisher = {Cambridge University Press},
    url = {https://www.cambridge.org/core/journals/acta-numerica/article/abs/approximation-theory-of-the-mlp-model-in-neural-networks/18072C558C8410C4F92A82BCC8FC8CF9},
    doi = {10.1017/S0962492900002919},
    issn = {1474-0508}
}

@misc{Shafahi2018AreInevitable,
    title = {{Are adversarial examples inevitable?}},
    year = {2018},
    author = {Shafahi, Ali and Huang, W. Ronny and Studer, Christoph and Feizi, Soheil and Goldstein, Tom},
    month = {9}
}

@article{Xie2023AskJudgment,
    title = {{Ask Again, Then Fail: Large Language Models' Vacillations in Judgment}},
    year = {2023},
    author = {Xie, Qiming and Wang, Zengzhi and Feng, Yi and Xia, Rui},
    month = {10},
    url = {https://arxiv.org/abs/2310.02174v5},
    arxivId = {2310.02174}
}

@article{Wei2024AssessingModifications,
    title = {{Assessing the Brittleness of Safety Alignment via Pruning and Low-Rank Modifications}},
    year = {2024},
    author = {Wei, Boyi and Huang, Kaixuan and Huang, Yangsibo and Xie, Tinghao and Qi, Xiangyu and Xia, Mengzhou and Mittal, Prateek and Wang, Mengdi and Henderson, Peter},
    month = {2},
    url = {https://arxiv.org/abs/2402.05162v3},
    arxivId = {2402.05162}
}

@techreport{ASYMMETRYTASKS,
    title = {{ASYMMETRY LEARNING FOR COUNTERFACTUAL-INVARIANT CLASSIFICATION IN OOD TASKS}}
}

@article{Wang2019AT-GAN:Examples,
    title = {{AT-GAN: An Adversarial Generator Model for Non-constrained Adversarial Examples}},
    year = {2019},
    author = {Wang, Xiaosen and He, Kun and Song, Chuanbiao and Wang, Liwei and Hopcroft, John E.},
    month = {4},
    url = {http://arxiv.org/abs/1904.07793},
    arxivId = {1904.07793}
}

@article{Zhang2020AttacksStronger,
    title = {{Attacks Which Do Not Kill Training Make Adversarial Learning Stronger}},
    year = {2020},
    journal = {37th International Conference on Machine Learning, ICML 2020},
    author = {Zhang, Jingfeng and Xu, Xilie and Han, Bo and Niu, Gang and Cui, Lizhen and Sugiyama, Masashi and Kankanhalli, Mohan},
    month = {2},
    pages = {11214--11224},
    volume = {PartF168147-15},
    publisher = {International Machine Learning Society (IMLS)},
    url = {https://arxiv.org/abs/2002.11242v2},
    isbn = {9781713821120},
    arxivId = {2002.11242}
}

@techreport{VaswaniAttentionNeed,
    title = {{Attention Is All You Need}},
    author = {Vaswani, Ashish and Brain, Google and Shazeer, Noam and Parmar, Niki and Uszkoreit, Jakob and Jones, Llion and Gomez, Aidan N and Kaiser, Åukasz and Polosukhin, Illia}
}

@article{Liu2023AutoDAN:Models,
    title = {{AutoDAN: Generating Stealthy Jailbreak Prompts on Aligned Large Language Models}},
    year = {2023},
    journal = {12th International Conference on Learning Representations, ICLR 2024},
    author = {Liu, Xiaogeng and Xu, Nan and Chen, Muhao and Xiao, Chaowei},
    month = {10},
    publisher = {International Conference on Learning Representations, ICLR},
    url = {https://arxiv.org/abs/2310.04451v2},
    isbn = {2310.04451v2},
    arxivId = {2310.04451}
}

@article{Wang2021AutomaticNetworks,
    title = {{Automatic inference of demographic parameters using generative adversarial networks}},
    year = {2021},
    journal = {Molecular Ecology Resources},
    author = {Wang, Zhanpeng and Wang, Jiaping and Kourakos, Michael and Hoang, Nhung and Lee, Hyong Hark and Mathieson, Iain and Mathieson, Sara},
    number = {8},
    month = {11},
    pages = {2689--2705},
    volume = {21},
    publisher = {John Wiley and Sons Inc},
    doi = {10.1111/1755-0998.13386},
    issn = {17550998},
    pmid = {33745225},
    keywords = {demographic inference, evolutionary modelling, generative adversarial network, simulated data}
}

@article{Wang2021AutomaticNetworksb,
    title = {{Automatic inference of demographic parameters using generative adversarial networks}},
    year = {2021},
    journal = {Molecular Ecology Resources},
    author = {Wang, Zhanpeng and Wang, Jiaping and Kourakos, Michael and Hoang, Nhung and Lee, Hyong Hark and Mathieson, Iain and Mathieson, Sara},
    number = {8},
    month = {11},
    pages = {2689--2705},
    volume = {21},
    publisher = {John Wiley and Sons Inc},
    doi = {10.1111/1755-0998.13386},
    issn = {17550998},
    pmid = {33745225},
    keywords = {demographic inference, evolutionary modelling, generative adversarial network, simulated data}
}

@article{Xing2024BetterPerspective,
    title = {{Better Representations via Adversarial Training in Pre-Training: A Theoretical Perspective}},
    year = {2024},
    author = {Xing, Yue and Lin, Xiaofeng and Song, Qifan and Xu, Yi and Zeng, Belinda and Cheng, Guang},
    arxivId = {2401.15248v1}
}

@article{Feng2024BIRD:Models,
    title = {{BIRD: A Trustworthy Bayesian Inference Framework for Large Language Models}},
    year = {2024},
    author = {Feng, Yu and Zhou, Ben and Lin, Weidong and Roth, Dan},
    month = {4},
    url = {https://arxiv.org/abs/2404.12494v1},
    arxivId = {2404.12494}
}

@article{Li2023BLIP-2:Models,
    title = {{BLIP-2: Bootstrapping Language-Image Pre-training with Frozen Image Encoders and Large Language Models}},
    year = {2023},
    journal = {Proceedings of Machine Learning Research},
    author = {Li, Junnan and Li, Dongxu and Savarese, Silvio and Hoi, Steven},
    month = {1},
    pages = {20351--20383},
    volume = {202},
    publisher = {ML Research Press},
    url = {https://arxiv.org/abs/2301.12597v3},
    issn = {26403498},
    arxivId = {2301.12597}
}

@article{DongBoostingMomentum,
    title = {{Boosting Adversarial Attacks with Momentum}},
    author = {Dong, Yinpeng and Liao, Fangzhou and Pang, Tianyu and Su, Hang and Zhu, Jun and Hu, Xiaolin and Li, Jianguo},
    arxivId = {1710.06081v3}
}

@article{Kim2024BreakSelf-Refinement,
    title = {{Break the Breakout: Reinventing LM Defense Against Jailbreak Attacks with Self-Refinement}},
    year = {2024},
    author = {Kim, Heegyu and Yuk, Sehyun and Cho, Hyunsouk},
    month = {2},
    url = {https://arxiv.org/abs/2402.15180v2},
    arxivId = {2402.15180}
}

@article{Chowdhury2024BreakingModels,
    title = {{Breaking Down the Defenses: A Comparative Survey of Attacks on Large Language Models}},
    year = {2024},
    author = {Chowdhury, Arijit Ghosh and Islam, Md Mofijul and Kumar, Vaibhav and Shezan, Faysal Hossain and Kumar, Vaibhav and Jain, Vinija and Chadha, Aman},
    month = {3},
    url = {https://arxiv.org/abs/2403.04786v2},
    arxivId = {2403.04786}
}

@article{Kim2019BridgingInterpretability,
    title = {{Bridging Adversarial Robustness and Gradient Interpretability}},
    year = {2019},
    author = {Kim, Beomsu and Seo, Junghoon and Jeon, Taegyun},
    month = {3},
    url = {https://arxiv.org/abs/1903.11626v2},
    arxivId = {1903.11626}
}

@article{Kang2024C-RAG:Models,
    title = {{C-RAG: Certified Generation Risks for Retrieval-Augmented Language Models}},
    year = {2024},
    author = {Kang, Mintong and G{\"{u}}rel, Nezihe Merve and Yu, Ning and Song, Dawn and Li, Bo},
    month = {2},
    url = {https://arxiv.org/abs/2402.03181v5},
    issn = {26403498},
    arxivId = {2402.03181}
}

@article{Tsilivis2022CanAlone,
    title = {{Can we achieve robustness from data alone?}},
    year = {2022},
    author = {Tsilivis, Nikolaos and Su, Jingtong and Kempe, Julia},
    month = {7},
    url = {https://arxiv.org/abs/2207.11727v2},
    arxivId = {2207.11727}
}

@article{Cheng2020CAT:Robustness,
    title = {{CAT: Customized Adversarial Training for Improved Robustness}},
    year = {2020},
    journal = {IJCAI International Joint Conference on Artificial Intelligence},
    author = {Cheng, Minhao and Lei, Qi and Chen, Pin Yu and Dhillon, Inderjit and Hsieh, Cho Jui},
    month = {2},
    pages = {673--679},
    publisher = {International Joint Conferences on Artificial Intelligence},
    url = {https://arxiv.org/abs/2002.06789v1},
    isbn = {9781956792003},
    doi = {10.24963/ijcai.2022/95},
    issn = {10450823},
    arxivId = {2002.06789}
}

@article{Xiang2024CertifiablyCorruption,
    title = {{Certifiably Robust RAG against Retrieval Corruption}},
    year = {2024},
    author = {Xiang, Chong and Wu, Tong and Zhong, Zexuan and Wagner, David and Chen, Danqi and Mittal, Prateek},
    month = {5},
    url = {https://arxiv.org/abs/2405.15556v1},
    arxivId = {2405.15556}
}

@article{Ma2018CharacterizingDimensionality,
    title = {{Characterizing Adversarial Subspaces Using Local Intrinsic Dimensionality}},
    year = {2018},
    journal = {6th International Conference on Learning Representations, ICLR 2018 - Conference Track Proceedings},
    author = {Ma, Xingjun and Li, Bo and Wang, Yisen and Erfani, Sarah M. and Wijewickrema, Sudanthi and Schoenebeck, Grant and Song, Dawn and Houle, Michael E. and Bailey, James},
    month = {1},
    publisher = {International Conference on Learning Representations, ICLR},
    url = {https://arxiv.org/abs/1801.02613v3},
    doi = {10.48550/arxiv.1801.02613},
    arxivId = {1801.02613}
}

@article{Jin2023CLadder:Models,
    title = {{CLadder: Assessing Causal Reasoning in Language Models}},
    year = {2023},
    journal = {Advances in Neural Information Processing Systems},
    author = {Jin, Zhijing and Chen, Yuen and Leeb, Felix and Gresele, Luigi and Kamal, Ojasv and Lyu, Zhiheng and Blin, Kevin and Gonzalez, Fernando and Kleiman-Weiner, Max and Sachan, Mrinmaya and Sch{\"{o}}lkopf, Bernhard},
    month = {12},
    volume = {36},
    publisher = {Neural information processing systems foundation},
    url = {https://arxiv.org/abs/2312.04350v3},
    issn = {10495258},
    arxivId = {2312.04350}
}

@article{AllegraClusteringData,
    title = {{Clustering by the local intrinsic dimension: the hidden structure of real-world data}},
    author = {Allegra, Michele and Facco, Elena and Laio, Alessandro and Mira, Antonietta},
    arxivId = {1902.10459v1}
}

@article{Freund2018ConditionMethods,
    title = {{Condition Number Analysis of Logistic Regression, and its Implications for Standard First-Order Solution Methods}},
    year = {2018},
    author = {Freund, Robert M. and Grigas, Paul and Mazumder, Rahul},
    month = {10},
    url = {https://arxiv.org/abs/1810.08727v1},
    arxivId = {1810.08727}
}

@article{Gui2024ConformalGuarantees,
    title = {{Conformal Alignment: Knowing When to Trust Foundation Models with Guarantees}},
    year = {2024},
    author = {Gui, Yu and Jin, Ying and Ren, Zhimei},
    month = {5},
    url = {http://arxiv.org/abs/2405.10301},
    arxivId = {2405.10301v1}
}

@article{Chen2018ContrastiveMeasurements,
    title = {{Contrastive Learning from Pairwise Measurements}},
    year = {2018},
    journal = {Advances in Neural Information Processing Systems},
    author = {Chen, Yi and Yang, Zhuoran and Xie, Yuchen and Wang, Zhaoran},
    volume = {31}
}

@article{Brookes2023ContrastiveEpistasis,
    title = {{Contrastive losses as generalized models of global epistasis}},
    year = {2023},
    author = {Brookes, David H and Otwinowski, Jakub and Therapeutics, Dyno and Sinai, Sam},
    month = {5},
    url = {https://arxiv.org/abs/2305.03136v3},
    arxivId = {2305.03136}
}

@article{Li2017ConvergenceActivation,
    title = {{Convergence Analysis of Two-layer Neural Networks with ReLU Activation}},
    year = {2017},
    author = {Li, Yuanzhi and Yuan, Yang},
    arxivId = {1705.09886v2}
}

@article{Gao2019ConvergenceNetworks,
    title = {{Convergence of Adversarial Training in Overparametrized Neural Networks}},
    year = {2019},
    author = {Gao, Ruiqi and Cai, Tianle and Li, Haochuan and Wang, Liwei and Hsieh, Cho-Jui and Lee, Jason D.},
    month = {6},
    url = {http://arxiv.org/abs/1906.07916},
    arxivId = {1906.07916}
}

@article{Ward2023ConvergenceFactorization,
    title = {{Convergence of Alternating Gradient Descent for Matrix Factorization}},
    year = {2023},
    author = {Ward, Rachel and Kolda, Tamara G and Ai, Mathsci},
    month = {5},
    url = {https://arxiv.org/abs/2305.06927v2},
    arxivId = {2305.06927}
}

@article{Nacson2018ConvergenceData,
    title = {{Convergence of Gradient Descent on Separable Data}},
    year = {2018},
    journal = {AISTATS 2019 - 22nd International Conference on Artificial Intelligence and Statistics},
    author = {Nacson, Mor Shpigel and Lee, Jason D. and Gunasekar, Suriya and Savarese, Pedro H.P. and Srebro, Nathan and Soudry, Daniel},
    month = {3},
    publisher = {PLMR},
    url = {https://arxiv.org/abs/1803.01905v3},
    arxivId = {1803.01905}
}

@article{Nwaigwe2020ConvergenceMinimum,
    title = {{Convergence Rates for Multi-classs Logistic Regression Near Minimum}},
    year = {2020},
    author = {Nwaigwe, Dwight and Rychlik, Marek},
    month = {12},
    url = {https://arxiv.org/abs/2012.04576v4},
    arxivId = {2012.04576}
}

@article{Yelmen2021CreatingNetworks,
    title = {{Creating artificial human genomes using generative neural networks}},
    year = {2021},
    journal = {PLoS Genetics},
    author = {Yelmen, Burak and Decelle, Aurelien and Ongaro, Linda and Marnetto, Davide and Tallec, Corentin and Montinaro, Francesco and Furtlehner, Cyril and Pagani, Luca and Jay, Flora},
    number = {2},
    month = {2},
    volume = {17},
    publisher = {Public Library of Science},
    doi = {10.1371/JOURNAL.PGEN.1009303},
    issn = {15537404},
    pmid = {33539374}
}

@article{Yelmen2021CreatingNetworksb,
    title = {{Creating artificial human genomes using generative neural networks}},
    year = {2021},
    journal = {PLoS Genetics},
    author = {Yelmen, Burak and Decelle, Aurelien and Ongaro, Linda and Marnetto, Davide and Tallec, Corentin and Montinaro, Francesco and Furtlehner, Cyril and Pagani, Luca and Jay, Flora},
    number = {2},
    month = {2},
    volume = {17},
    publisher = {Public Library of Science},
    doi = {10.1371/JOURNAL.PGEN.1009303},
    issn = {15537404},
    pmid = {33539374}
}

@article{Zhou2021DampedTraining,
    title = {{Damped Newton Stochastic Gradient Descent Method for Neural Networks Training}},
    year = {2021},
    journal = {Mathematics 2021, Vol. 9, Page 1533},
    author = {Zhou, Jingcheng and Wei, Wei and Zhang, Ruizhi and Zheng, Zhiming},
    number = {13},
    month = {6},
    pages = {1533},
    volume = {9},
    publisher = {Multidisciplinary Digital Publishing Institute},
    url = {https://www.mdpi.com/2227-7390/9/13/1533/htm https://www.mdpi.com/2227-7390/9/13/1533},
    doi = {10.3390/MATH9131533},
    issn = {2227-7390},
    keywords = {convexity, damped Newton, stochastic gradient descent}
}

@article{Frosst2018DARCCC:Capsules,
    title = {{DARCCC: Detecting Adversaries by Reconstruction from Class Conditional Capsules}},
    year = {2018},
    author = {Frosst, Nicholas and Sabour, Sara and Hinton, Geoffrey},
    month = {11},
    url = {http://arxiv.org/abs/1811.06969},
    arxivId = {1811.06969}
}

@article{Khan2024DebatingAnswers,
    title = {{Debating with More Persuasive LLMs Leads to More Truthful Answers}},
    year = {2024},
    author = {Khan, Akbir and Hughes, John and Valentine, Dan and Ruis, Laura and Sachan, Kshitij and Radhakrishnan, Ansh and Grefenstette, Edward and Bowman, Samuel R. and Rockt{\"{a}}schel, Tim and Perez, Ethan},
    month = {2},
    url = {https://arxiv.org/abs/2402.06782v4},
    issn = {26403498},
    arxivId = {2402.06782}
}

@article{vanBreugel2021DECAF:Networks,
    title = {{DECAF: Generating Fair Synthetic Data Using Causally-Aware Generative Networks}},
    year = {2021},
    author = {van Breugel, Boris and Kyono, Trent and Berrevoets, Jeroen and van der Schaar, Mihaela},
    month = {10},
    url = {http://arxiv.org/abs/2110.12884},
    arxivId = {2110.12884}
}

@article{Park2021DeepRepresentation,
    title = {{Deep Data Density Estimation through Donsker-Varadhan Representation}},
    year = {2021},
    journal = {Annals of Mathematics and Artificial Intelligence},
    author = {Park, Seonho and Pardalos, Panos M.},
    month = {4},
    publisher = {Springer Science and Business Media Deutschland GmbH},
    url = {https://arxiv.org/abs/2104.06612v1},
    doi = {10.1007/s10472-024-09943-9},
    issn = {15737470},
    arxivId = {2104.06612},
    keywords = {62B10, 62G07, 78M30, Data density estimation, Donsker-Varadhan representation, KL-divergence, Probabilistic modeling}
}

@article{Ji2024DefendingSmoothing,
    title = {{Defending Large Language Models against Jailbreak Attacks via Semantic Smoothing}},
    year = {2024},
    author = {Ji, Jiabao and Hou, Bairu and Robey, Alexander and Pappas, George J. and Hassani, Hamed and Zhang, Yang and Wong, Eric and Chang, Shiyu},
    month = {2},
    url = {http://arxiv.org/abs/2402.16192},
    isbn = {2402.16192v2},
    arxivId = {2402.16192v2}
}

@article{Li2018Defense-VAE:Attacks,
    title = {{Defense-VAE: A Fast and Accurate Defense against Adversarial Attacks}},
    year = {2018},
    journal = {Communications in Computer and Information Science},
    author = {Li, Xiang and Ji, Shihao},
    month = {12},
    pages = {191--207},
    volume = {1168 CCIS},
    publisher = {Springer},
    url = {https://arxiv.org/abs/1812.06570v3},
    isbn = {9783030438869},
    doi = {10.48550/arxiv.1812.06570},
    issn = {18650937},
    arxivId = {1812.06570}
}

@article{Qin2020DeflectingAttacks,
    title = {{Deflecting Adversarial Attacks}},
    year = {2020},
    author = {Qin, Yao and Frosst, Nicholas and Raffel, Colin and Cottrell, Garrison and Hinton, Geoffrey},
    month = {2},
    url = {http://arxiv.org/abs/2002.07405},
    arxivId = {2002.07405}
}

@article{Bera2021DimensionalityData,
    title = {{Dimensionality Reduction for Categorical Data}},
    year = {2021},
    author = {Bera, Debajyoti and Pratap, Rameshwar and Verma, Bhisham Dev},
    month = {12},
    url = {http://arxiv.org/abs/2112.00362 http://dx.doi.org/10.1109/TKDE.2021.3132373},
    doi = {10.1109/TKDE.2021.3132373},
    arxivId = {2112.00362}
}

@article{Rafailov2023DirectModel,
    title = {{Direct Preference Optimization: Your Language Model is Secretly a Reward Model}},
    year = {2023},
    author = {Rafailov, Rafael and Sharma, Archit and Mitchell, Eric and Ermon, Stefano and Manning, Christopher D. and Finn, Chelsea},
    month = {5},
    url = {https://arxiv.org/abs/2305.18290v3},
    arxivId = {2305.18290}
}

@article{JiDirectionalLearning,
    title = {{Directional convergence and alignment in deep learning}},
    author = {Ji, Ziwei and Telgarsky, Matus},
    arxivId = {2006.06657v2}
}

@article{Stutz2018DisentanglingGeneralization,
    title = {{Disentangling Adversarial Robustness and Generalization}},
    year = {2018},
    journal = {Proceedings of the IEEE Computer Society Conference on Computer Vision and Pattern Recognition},
    author = {Stutz, David and Hein, Matthias and Schiele, Bernt},
    month = {12},
    pages = {6969--6980},
    volume = {2019-June},
    publisher = {IEEE Computer Society},
    url = {https://arxiv.org/abs/1812.00740v2},
    isbn = {9781728132938},
    doi = {10.48550/arxiv.1812.00740},
    issn = {10636919},
    arxivId = {1812.00740},
    keywords = {Datasets and Evaluation, Deep Learning, Representation Learning}
}

@article{Wu2020DissectingNetworks,
    title = {{Dissecting Hessian: Understanding Common Structure of Hessian in Neural Networks}},
    year = {2020},
    author = {Wu, Yikai and Zhu, Xingyu and Wu, Chenwei and Wang, Annie and Ge, Rong},
    month = {10},
    url = {https://arxiv.org/abs/2010.04261v6},
    arxivId = {2010.04261}
}

@article{Awasthi2022DoLearning,
    title = {{Do More Negative Samples Necessarily Hurt in Contrastive Learning?}},
    year = {2022},
    journal = {Proceedings of Machine Learning Research},
    author = {Awasthi, Pranjal and Dikkala, Nishanth and Kamath, Pritish},
    month = {5},
    pages = {1101--1116},
    volume = {162},
    publisher = {ML Research Press},
    url = {https://arxiv.org/abs/2205.01789v2},
    issn = {26403498},
    arxivId = {2205.01789}
}

@article{Wu2020DoRobustness,
    title = {{Do Wider Neural Networks Really Help Adversarial Robustness?}},
    year = {2020},
    journal = {Advances in Neural Information Processing Systems},
    author = {Wu, Boxi and Chen, Jinghui and Cai, Deng and He, Xiaofei and Gu, Quanquan},
    month = {10},
    pages = {7054--7067},
    volume = {9},
    publisher = {Neural information processing systems foundation},
    url = {https://arxiv.org/abs/2010.01279v3},
    isbn = {9781713845393},
    doi = {10.48550/arxiv.2010.01279},
    issn = {10495258},
    arxivId = {2010.01279}
}

@article{Sun2022DoesRepresentation,
    title = {{Does GNN Pretraining Help Molecular Representation?}},
    year = {2022},
    journal = {Advances in Neural Information Processing Systems},
    author = {Sun, Ruoxi and Dai, Hanjun and Yu, Adams Wei},
    month = {7},
    volume = {35},
    publisher = {Neural information processing systems foundation},
    url = {https://arxiv.org/abs/2207.06010v2},
    isbn = {9781713871088},
    issn = {10495258},
    arxivId = {2207.06010}
}

@article{Satorras2021EnNetworks,
    title = {{E(n) Equivariant Graph Neural Networks}},
    year = {2021},
    journal = {Proceedings of Machine Learning Research},
    author = {Satorras, Victor Garcia and Hoogeboom, Emiel and Welling, Max},
    month = {2},
    pages = {9323--9332},
    volume = {139},
    publisher = {ML Research Press},
    url = {https://arxiv.org/abs/2102.09844v3},
    isbn = {9781713845065},
    issn = {26403498},
    arxivId = {2102.09844}
}

@article{Yau2024EMC2:Convergence,
    title = {{EMC{\$}{\^{}}2{\$}: Efficient MCMC Negative Sampling for Contrastive Learning with Global Convergence}},
    year = {2024},
    journal = {Proceedings of Machine Learning Research},
    author = {Yau, Chung Yiu and Wai, Hoi To and Raman, Parameswaran and Sarkar, Soumajyoti and Hong, Mingyi},
    month = {4},
    pages = {56966--56981},
    volume = {235},
    publisher = {ML Research Press},
    url = {https://arxiv.org/abs/2404.10575v1},
    issn = {26403498},
    arxivId = {2404.10575}
}

@article{Jin2022EnhancingWeights,
    title = {{Enhancing Adversarial Training with Second-Order Statistics of Weights}},
    year = {2022},
    journal = {Proceedings of the IEEE Computer Society Conference on Computer Vision and Pattern Recognition},
    author = {Jin, Gaojie and Yi, Xinping and Huang, Wei and Schewe, Sven and Huang, Xiaowei},
    month = {3},
    pages = {15252--15262},
    volume = {2022-June},
    publisher = {IEEE Computer Society},
    url = {https://arxiv.org/abs/2203.06020v1},
    isbn = {9781665469463},
    doi = {10.1109/CVPR52688.2022.01484},
    issn = {10636919},
    arxivId = {2203.06020},
    keywords = {Adversarial attack and defense, Optimization methods}
}

@article{Bhagoji2017EnhancingTransformations,
    title = {{Enhancing Robustness of Machine Learning Systems via Data Transformations}},
    year = {2017},
    journal = {2018 52nd Annual Conference on Information Sciences and Systems, CISS 2018},
    author = {Bhagoji, Arjun Nitin and Cullina, Daniel and Sitawarin, Chawin and Mittal, Prateek},
    month = {4},
    pages = {1--5},
    publisher = {Institute of Electrical and Electronics Engineers Inc.},
    url = {https://arxiv.org/abs/1704.02654v4},
    isbn = {9781538605790},
    doi = {10.48550/arxiv.1704.02654},
    arxivId = {1704.02654}
}

@article{Wang2022EvaluatingEmbeddings,
    title = {{Evaluating Self-Supervised Learning for Molecular Graph Embeddings}},
    year = {2022},
    author = {Wang, Hanchen and Kaddour, Jean and Liu, Shengchao and Tang, Jian and Lasenby, Joan and Liu, Qi},
    month = {6},
    url = {https://arxiv.org/abs/2206.08005v3},
    isbn = {93,08741,127},
    issn = {10495258},
    arxivId = {2206.08005}
}

@article{Goodfellow2014ExplainingExamples,
    title = {{Explaining and Harnessing Adversarial Examples}},
    year = {2014},
    author = {Goodfellow, Ian J. and Shlens, Jonathon and Szegedy, Christian},
    month = {12},
    url = {http://arxiv.org/abs/1412.6572},
    arxivId = {1412.6572}
}

@article{Huang2021ExploringNetworks,
    title = {{Exploring Architectural Ingredients of Adversarially Robust Deep Neural Networks}},
    year = {2021},
    journal = {Advances in Neural Information Processing Systems},
    author = {Huang, Hanxun and Wang, Yisen and Erfani, Sarah and Gu, Quanquan and Bailey, James and Ma, Xingjun},
    month = {10},
    pages = {5545--5559},
    volume = {7},
    publisher = {Neural information processing systems foundation},
    url = {https://arxiv.org/abs/2110.03825v5},
    isbn = {9781713845393},
    doi = {10.48550/arxiv.2110.03825},
    issn = {10495258},
    arxivId = {2110.03825}
}

@article{Amsaleg2018Extreme-value-theoreticDimensionality,
    title = {{Extreme-value-theoretic estimation of local intrinsic dimensionality}},
    year = {2018},
    journal = {Data Mining and Knowledge Discovery},
    author = {Amsaleg, Laurent and Chelly, Oussama and Furon, Teddy and Girard, StÃ©phane and Houle, Michael E. and Kawarabayashi, Ken ichi and Nett, Michael},
    number = {6},
    month = {11},
    pages = {1768--1805},
    volume = {32},
    publisher = {Springer New York LLC},
    url = {https://link.springer.com/article/10.1007/s10618-018-0578-6},
    doi = {10.1007/S10618-018-0578-6/TABLES/10},
    issn = {1573756X},
    keywords = {Curse of dimensionality, Extreme value theory, Indiscriminability, Intrinsic dimension, Manifold learning, Maximum likelihood estimation}
}

@article{Reuel2024FairnessSurvey,
    title = {{Fairness in Reinforcement Learning: A Survey}},
    year = {2024},
    author = {Reuel, Anka and Ma, Devin},
    month = {5},
    url = {http://arxiv.org/abs/2405.06909},
    isbn = {2405.06909v1},
    arxivId = {2405.06909v1}
}

@article{Nanda2020FairnessLearning,
    title = {{Fairness Through Robustness: Investigating Robustness Disparity in Deep Learning}},
    year = {2020},
    journal = {FAccT 2021 - Proceedings of the 2021 ACM Conference on Fairness, Accountability, and Transparency},
    author = {Nanda, Vedant and Dooley, Samuel and Singla, Sahil and Feizi, Soheil and Dickerson, John P.},
    month = {6},
    pages = {466--477},
    publisher = {Association for Computing Machinery, Inc},
    url = {https://arxiv.org/abs/2006.12621v4},
    isbn = {9781450383097},
    doi = {10.1145/3442188.3445910},
    arxivId = {2006.12621}
}

@article{Taheri2023FastData,
    title = {{Fast Convergence in Learning Two-Layer Neural Networks with Separable Data}},
    year = {2023},
    author = {Taheri, Hossein and Thrampoulidis, Christos},
    month = {5},
    url = {https://arxiv.org/abs/2305.13471v2},
    arxivId = {2305.13471}
}

@article{Allen-Zhu2020FeatureLearning,
    title = {{Feature Purification: How Adversarial Training Performs Robust Deep Learning}},
    year = {2020},
    author = {Allen-Zhu, Zeyuan and Li, Yuanzhi},
    month = {5},
    url = {http://arxiv.org/abs/2005.10190},
    arxivId = {2005.10190}
}

@article{Arora2019Fine-GrainedNetworks,
    title = {{Fine-Grained Analysis of Optimization and Generalization for Overparameterized Two-Layer Neural Networks}},
    year = {2019},
    author = {Arora, Sanjeev and Du, Simon S and Hu, Wei and Li, Zhiyuan and Wang, Ruosong},
    arxivId = {1901.08584v2}
}

@article{Simon-Gabriel2018First-orderDimension,
    title = {{First-order Adversarial Vulnerability of Neural Networks and Input Dimension}},
    year = {2018},
    journal = {36th International Conference on Machine Learning, ICML 2019},
    author = {Simon-Gabriel, Carl Johann and Ollivier, Yann and Sch{\"{o}}lkopf, Bernhard and Bottou, Leon and Lopez-Paz, David},
    month = {2},
    pages = {10184--10203},
    volume = {2019-June},
    publisher = {International Machine Learning Society (IMLS)},
    url = {https://arxiv.org/abs/1802.01421v4},
    isbn = {9781510886988},
    doi = {10.48550/arxiv.1802.01421},
    arxivId = {1802.01421}
}

@article{Bengio2021FlowGeneration,
    title = {{Flow Network based Generative Models for Non-Iterative Diverse Candidate Generation}},
    year = {2021},
    journal = {Advances in Neural Information Processing Systems},
    author = {Bengio, Emmanuel and Jain, Moksh and Korablyov, Maksym and Precup, Doina and Bengio, Yoshua},
    month = {6},
    pages = {27381--27394},
    volume = {33},
    publisher = {Neural information processing systems foundation},
    url = {https://arxiv.org/abs/2106.04399v2},
    isbn = {9781713845393},
    issn = {10495258},
    arxivId = {2106.04399}
}

@article{Tramer2020FundamentalPerturbations,
    title = {{Fundamental Tradeoffs between Invariance and Sensitivity to Adversarial Perturbations}},
    year = {2020},
    journal = {37th International Conference on Machine Learning, ICML 2020},
    author = {Tramer, Florian and Behrmann, Jens and Carlini, Nicholas and Papernot, Nicolas and Jacobsen, Jorn Henrik},
    month = {2},
    pages = {9503--9513},
    volume = {PartF168147-13},
    publisher = {International Machine Learning Society (IMLS)},
    url = {https://arxiv.org/abs/2002.04599v2},
    isbn = {9781713821120},
    arxivId = {2002.04599}
}

@misc{Ba2019GeneralizationViewpoint,
    title = {{Generalization of Two-layer Neural Networks: An Asymptotic Viewpoint}},
    year = {2019},
    booktitle = {Tsinghua University},
    author = {Ba, Jimmy and Erdogdu, Murat A and Suzuki, Taiji and Wu, Denny and Zhang, Tianzong},
    number = {2},
    month = {9},
    volume = {3}
}

@article{FanGeneralizingGraphs,
    title = {{Generalizing Graph Neural Networks on Out-Of-Distribution Graphs}},
    author = {Fan, Shaohua and Wang, Xiao and Shi, Chuan and Wang, Bai},
    url = {https://github.com/googlebaba/StableGNN.},
    arxivId = {2111.10657v4},
    keywords = {Causal Representation Learning, Index Terms-Graph Neural Networks, Out-Of-Distribution Generalization, Stable Learning}
}

@article{Xiao2018GeneratingNetworks,
    title = {{Generating Adversarial Examples with Adversarial Networks}},
    year = {2018},
    author = {Xiao, Chaowei and Li, Bo and Zhu, Jun-Yan and He, Warren and Liu, Mingyan and Song, Dawn},
    month = {1},
    url = {http://arxiv.org/abs/1801.02610},
    arxivId = {1801.02610}
}

@article{Jaeckle2021GeneratingNetworks,
    title = {{Generating Adversarial Examples with Graph Neural Networks}},
    year = {2021},
    author = {Jaeckle, Florian and Kumar, M. Pawan},
    month = {5},
    url = {http://arxiv.org/abs/2105.14644},
    arxivId = {2105.14644}
}

@article{Jaeckle2021GeneratingNetworksb,
    title = {{Generating Adversarial Examples with Graph Neural Networks}},
    year = {2021},
    journal = {Proceedings of Machine Learning Research},
    author = {Jaeckle, Florian and Kumar, M. Pawan},
    month = {5},
    pages = {1556--1564},
    volume = {161},
    publisher = {ML Research Press},
    url = {https://arxiv.org/abs/2105.14644v1},
    issn = {26403498},
    arxivId = {2105.14644}
}

@article{Goodfellow2014GenerativeNetworks,
    title = {{Generative Adversarial Networks}},
    year = {2014},
    author = {Goodfellow, Ian J. and Pouget-Abadie, Jean and Mirza, Mehdi and Xu, Bing and Warde-Farley, David and Ozair, Sherjil and Courville, Aaron and Bengio, Yoshua},
    month = {6},
    url = {http://arxiv.org/abs/1406.2661},
    arxivId = {1406.2661}
}

@article{Dupont2021GenerativeFunctions,
    title = {{Generative Models as Distributions of Functions}},
    year = {2021},
    journal = {Proceedings of Machine Learning Research},
    author = {Dupont, Emilien and Teh, Yee Whye and Doucet, Arnaud},
    month = {2},
    pages = {2989--3015},
    volume = {151},
    publisher = {ML Research Press},
    url = {https://arxiv.org/abs/2102.04776v4},
    issn = {26403498},
    arxivId = {2102.04776}
}

@article{Du2017GradientPoints,
    title = {{Gradient Descent Can Take Exponential Time to Escape Saddle Points}},
    year = {2017},
    author = {Du, Simon S. and Jin, Chi and Lee, Jason D. and Jordan, Michael I. and Poczos, Barnabas and Singh, Aarti},
    month = {5},
    url = {http://arxiv.org/abs/1705.10412},
    arxivId = {1705.10412}
}

@article{Axiotis2023GradientData,
    title = {{Gradient Descent Converges Linearly for Logistic Regression on Separable Data}},
    year = {2023},
    author = {Axiotis, Kyriakos and Sviridenko, Maxim},
    month = {6},
    url = {https://arxiv.org/abs/2306.14381v1},
    isbn = {2306.14381v1},
    issn = {26403498},
    arxivId = {2306.14381}
}

@article{LyuGRADIENTNETWORKS,
    title = {{GRADIENT DESCENT MAXIMIZES THE MARGIN OF HOMOGENEOUS NEURAL NETWORKS}},
    author = {Lyu, Kaifeng and Li, Jian},
    url = {https://github.com/vfleaking/max-margin},
    arxivId = {1906.05890v4}
}

@article{Shamir2020GradientData,
    title = {{Gradient Methods Never Overfit On Separable Data}},
    year = {2020},
    journal = {Journal of Machine Learning Research},
    author = {Shamir, Ohad},
    month = {6},
    volume = {22},
    publisher = {Microtome Publishing},
    url = {https://arxiv.org/abs/2007.00028v2},
    issn = {15337928},
    arxivId = {2007.00028},
    keywords = {Gradient methods, Implicit Bias, Linear predictors, Linearly separable data, Margin-based generalization bounds}
}

@article{Buterez2022GraphReadouts,
    title = {{Graph Neural Networks with Adaptive Readouts}},
    year = {2022},
    journal = {Advances in Neural Information Processing Systems},
    author = {Buterez, David and Janet, Jon Paul and Kiddle, Steven J and Oglic, Dino and Li{\`{o}}, Pietro},
    month = {12},
    pages = {19746--19758},
    volume = {35}
}

@article{Guo2022Graph-basedLearning,
    title = {{Graph-based Molecular Representation Learning}},
    year = {2022},
    journal = {IJCAI International Joint Conference on Artificial Intelligence},
    author = {Guo, Zhichun and Guo, Kehan and Nan, Bozhao and Tian, Yijun and Iyer, Roshni G. and Ma, Yihong and Wiest, Olaf and Zhang, Xiangliang and Wang, Wei and Zhang, Chuxu and Chawla, Nitesh V.},
    month = {7},
    pages = {6638--6646},
    volume = {2023-August},
    publisher = {International Joint Conferences on Artificial Intelligence},
    url = {https://arxiv.org/abs/2207.04869v3},
    isbn = {9781956792034},
    doi = {10.24963/ijcai.2023/744},
    issn = {10450823},
    arxivId = {2207.04869}
}

@article{Zang2023HierarchicalPrediction,
    title = {{Hierarchical Molecular Graph Self-Supervised Learning for property prediction}},
    year = {2023},
    journal = {Communications Chemistry 2023 6:1},
    author = {Zang, Xuan and Zhao, Xianbing and Tang, Buzhou},
    number = {1},
    month = {2},
    pages = {1--10},
    volume = {6},
    publisher = {Nature Publishing Group},
    url = {https://www.nature.com/articles/s42004-023-00825-5},
    doi = {10.1038/s42004-023-00825-5},
    issn = {2399-3669},
    keywords = {Cheminformatics, Computational chemistry, Virtual screening}
}

@article{Dube2018HighExamples,
    title = {{High Dimensional Spaces, Deep Learning and Adversarial Examples}},
    year = {2018},
    author = {Dube, Simant},
    month = {1},
    url = {https://arxiv.org/abs/1801.00634v5},
    doi = {10.48550/arxiv.1801.00634},
    arxivId = {1801.00634}
}

@article{Jin2017HowEfficiently,
    title = {{How to Escape Saddle Points Efficiently}},
    year = {2017},
    author = {Jin, Chi and Ge, Rong and Netrapalli, Praneeth and Kakade, Sham M. and Jordan, Michael I.},
    month = {3},
    url = {http://arxiv.org/abs/1703.00887},
    arxivId = {1703.00887}
}

@misc{IEEEPDF:,
    title = {{IEEE Xplore Full-Text PDF:}},
    url = {https://ieeexplore.ieee.org/stamp/stamp.jsp?tp=&arnumber=9819890}
}

@misc{IEEEPDF:b,
    title = {{IEEE Xplore Full-Text PDF:}},
    url = {https://ieeexplore.ieee.org/stamp/stamp.jsp?arnumber=9933776}
}

@misc{IEEEPDF:c,
    title = {{IEEE Xplore Full-Text PDF:}},
    url = {https://ieeexplore.ieee.org/stamp/stamp.jsp?tp=&arnumber=8852103}
}

@article{Wang2021ImbalancedReweighting,
    title = {{Imbalanced Adversarial Training with Reweighting}},
    year = {2021},
    author = {Wang, Wentao and Xu, Han and Liu, Xiaorui and Li, Yaxin and Thuraisingham, Bhavani and Tang, Jiliang},
    month = {7},
    url = {https://arxiv.org/abs/2107.13639v1},
    isbn = {9781665450997},
    doi = {10.48550/arxiv.2107.13639},
    issn = {15504786},
    arxivId = {2107.13639}
}

@article{Panda2021ImplicitLearning,
    title = {{Implicit adversarial data augmentation and robustness with Noise-based Learning}},
    year = {2021},
    journal = {Neural Networks},
    author = {Panda, Priyadarshini and Roy, Kaushik},
    month = {9},
    pages = {120--132},
    volume = {141},
    publisher = {Pergamon},
    doi = {10.1016/J.NEUNET.2021.04.008},
    issn = {0893-6080},
    pmid = {33894652},
    keywords = {Adversarial robustness, Deep learning, Principal Component Analysis}
}

@article{LyuIMPLICITNETWORKS,
    title = {{IMPLICIT BIAS OF ADVERARIAL TRAINING FOR DEEP NEURAL NETWORKS}},
    author = {Lyu, Bochen and Zhu, Zhanxing}
}

@article{Ouyang2022ImprovingProcess,
    title = {{Improving Adversarial Robustness by Contrastive Guided Diffusion Process}},
    year = {2022},
    author = {Ouyang, Yidong and Xie, Liyan and Cheng, Guang},
    month = {10},
    url = {https://arxiv.org/abs/2210.09643v2},
    arxivId = {2210.09643}
}

@article{Ding2020ImprovingExamples,
    title = {{Improving Adversarial Robustness Requires Revisiting Misclassified Examples}},
    year = {2020},
    journal = {8th International Conference on Learning Representations, ICLR 2020},
    author = {Ding, Gavin Weiguang and Sharma, Yash and Lui, Kry Yik Chau and Huang, Ruitong},
    publisher = {International Conference on Learning Representations, ICLR},
    arxivId = {1812.02637}
}

@inproceedings{Deng2021ImprovingData,
    title = {{Improving Adversarial Robustness via Unlabeled Out-of-Domain Data}},
    year = {2021},
    booktitle = {Proceedings of Machine Learning Research},
    author = {Deng, Zhun and Zhang, Linjun and Ghorbani, Amirata and Zou, James},
    volume = {130},
    issn = {26403498}
}

@article{WangImprovingPriors,
    title = {{Improving Out-of-Distribution Generalization by Adversarial Training with Structured Priors}},
    author = {Wang, Qixun and Wang, Yifei and Zhu, Hong and Wang, Yisen},
    url = {https://github.com/NOVAglow646/NIPS22-MAT-and-LDAT-for-OOD.},
    arxivId = {2210.06807v1}
}

@article{Sun2022ImprovingTraining,
    title = {{Improving Robust Fairness via Balance Adversarial Training}},
    year = {2022},
    journal = {Proceedings of the 37th AAAI Conference on Artificial Intelligence, AAAI 2023},
    author = {Sun, Chunyu and Xu, Chenye and Yao, Chengyuan and Liang, Siyuan and Wu, Yichao and Liang, Ding and Liu, Xianglong and Liu, Aishan},
    month = {9},
    pages = {15161--15169},
    volume = {37},
    publisher = {AAAI Press},
    url = {https://arxiv.org/abs/2209.07534v1},
    isbn = {9781577358800},
    doi = {10.1609/aaai.v37i12.26769},
    issn = {2159-5399},
    arxivId = {2209.07534}
}

@article{RajImprovingReconstruction,
    title = {{Improving Robustness of Deep-Learning-Based Image Reconstruction}},
    author = {Raj, Ankit and Bresler, Yoram and Li, Bo},
    arxivId = {2002.11821v1}
}

@article{Gowal2021ImprovingData,
    title = {{Improving Robustness using Generated Data}},
    year = {2021},
    author = {Gowal, Sven and Rebuffi, Sylvestre-Alvise and Wiles, Olivia and Stimberg, Florian and Calian, Dan Andrei and Mann, Timothy},
    month = {10},
    url = {http://arxiv.org/abs/2110.09468},
    arxivId = {2110.09468}
}

@article{Gowal2021ImprovingDatab,
    title = {{Improving Robustness using Generated Data}},
    year = {2021},
    journal = {Advances in Neural Information Processing Systems},
    author = {Gowal, Sven and Rebuffi, Sylvestre Alvise and Wiles, Olivia and Stimberg, Florian and Calian, Dan and Mann, Timothy},
    month = {10},
    pages = {4218--4233},
    volume = {6},
    publisher = {Neural information processing systems foundation},
    url = {https://arxiv.org/abs/2110.09468v2},
    isbn = {9781713845393},
    issn = {10495258},
    arxivId = {2110.09468}
}

@article{Huang2023In-ContextTransformers,
    title = {{In-Context Convergence of Transformers}},
    year = {2023},
    author = {Huang, Yu and Cheng, Yuan and Liang, Yingbin},
    month = {10},
    url = {https://arxiv.org/abs/2310.05249v1},
    issn = {26403498},
    arxivId = {2310.05249}
}

@article{Li2019InductiveData,
    title = {{Inductive Bias of Gradient Descent based Adversarial Training on Separable Data}},
    year = {2019},
    author = {Li, Yan and Fang, Ethan X. and Xu, Huan and Zhao, Tuo},
    month = {6},
    url = {https://arxiv.org/abs/1906.02931v3},
    arxivId = {1906.02931}
}

@article{WangInferAligner:Guidance,
    title = {{InferAligner: Inference-Time Alignment for Harmlessness through Cross-Model Guidance}},
    author = {Wang, Pengyu and Zhang, Dong and Li, Linyang and Tan, Chenkun and Wang, Xinghao and Ren, Ke and Jiang, Botian and Qiu, Xipeng},
    arxivId = {2401.11206v1}
}

@article{Chen2021InferentialNetworks,
    title = {{Inferential Wasserstein Generative Adversarial Networks}},
    year = {2021},
    author = {Chen, Yao and Gao, Qingyi and Wang, Xiao},
    month = {9},
    url = {http://arxiv.org/abs/2109.05652},
    arxivId = {2109.05652}
}

@article{Xie2019IntriguingScale,
    title = {{Intriguing properties of adversarial training at scale}},
    year = {2019},
    author = {Xie, Cihang and Yuille, Alan},
    month = {6},
    url = {https://arxiv.org/abs/1906.03787v2},
    doi = {10.48550/arxiv.1906.03787},
    arxivId = {1906.03787}
}

@article{Chen2020IntriguingLosses,
    title = {{Intriguing Properties of Contrastive Losses}},
    year = {2020},
    journal = {Advances in Neural Information Processing Systems},
    author = {Chen, Ting and Luo, Calvin and Li, Lala},
    month = {11},
    pages = {11834--11845},
    volume = {15},
    publisher = {Neural information processing systems foundation},
    url = {https://arxiv.org/abs/2011.02803v3},
    isbn = {9781713845393},
    issn = {10495258},
    arxivId = {2011.02803}
}

@article{SzegedyIntriguingNetworks,
    title = {{Intriguing properties of neural networks}},
    author = {Szegedy, Christian and Zaremba, Wojciech and Sutskever, Ilya and Bruna, Joan and Erhan, Dumitru and Goodfellow, Ian and Fergus, Rob},
    arxivId = {1312.6199v4}
}

@article{Ansuini2019IntrinsicNetworks,
    title = {{Intrinsic dimension of data representations in deep neural networks}},
    year = {2019},
    journal = {Advances in Neural Information Processing Systems},
    author = {Ansuini, Alessio and Laio, Alessandro and Macke, Jakob H. and Zoccolan, Davide},
    month = {5},
    volume = {32},
    publisher = {Neural information processing systems foundation},
    url = {https://arxiv.org/abs/1905.12784v2},
    issn = {10495258},
    arxivId = {1905.12784}
}

@article{Birdal2021IntrinsicNetworks,
    title = {{Intrinsic Dimension, Persistent Homology and Generalization in Neural Networks}},
    year = {2021},
    journal = {Advances in Neural Information Processing Systems},
    author = {Birdal, Tolga and Lou, Aaron and Guibas, Leonidas and {\c{S}}im{\c{s}}ekli, Umut},
    month = {11},
    pages = {6776--6789},
    volume = {9},
    publisher = {Neural information processing systems foundation},
    url = {https://arxiv.org/abs/2111.13171v1},
    isbn = {9781713845393},
    issn = {10495258},
    arxivId = {2111.13171}
}

@article{Aghajanyan2020IntrinsicFine-Tuning,
    title = {{Intrinsic Dimensionality Explains the Effectiveness of Language Model Fine-Tuning}},
    year = {2020},
    journal = {ACL-IJCNLP 2021 - 59th Annual Meeting of the Association for Computational Linguistics and the 11th International Joint Conference on Natural Language Processing, Proceedings of the Conference},
    author = {Aghajanyan, Armen and Gupta, Sonal and Zettlemoyer, Luke},
    month = {12},
    pages = {7319--7328},
    publisher = {Association for Computational Linguistics (ACL)},
    url = {https://arxiv.org/abs/2012.13255v1},
    isbn = {9781954085527},
    doi = {10.18653/v1/2021.acl-long.568},
    arxivId = {2012.13255}
}

@book{Brin2002IntroductionSystems,
    title = {{Introduction to Dynamical Systems}},
    year = {2002},
    author = {Brin, Michael and Stuck, Garrett},
    month = {10},
    publisher = {Cambridge University Press},
    url = {https://www.cambridge.org/core/product/identifier/9780511755316/type/book},
    isbn = {9780521808415},
    doi = {10.1017/CBO9780511755316}
}

@book{Katok1995IntroductionSystems,
    title = {{Introduction to the Modern Theory of Dynamical Systems}},
    year = {1995},
    author = {Katok, Anatole and Hasselblatt, Boris},
    month = {4},
    publisher = {Cambridge University Press},
    url = {https://www.cambridge.org/core/product/identifier/9780511809187/type/book},
    isbn = {9780521341875},
    doi = {10.1017/CBO9780511809187}
}

@article{Vershynin2010IntroductionMatrices,
    title = {{Introduction to the non-asymptotic analysis of random matrices}},
    year = {2010},
    journal = {Compressed Sensing: Theory and Applications},
    author = {Vershynin, Roman},
    month = {11},
    pages = {210--268},
    volume = {23},
    publisher = {Cambridge University Press},
    url = {https://arxiv.org/abs/1011.3027v7},
    isbn = {9780511794308},
    doi = {10.1017/CBO9780511794308.006},
    arxivId = {1011.3027},
    keywords = {()}
}

@article{Nesterov2004IntroductoryCourse,
    title = {{Introductory Lectures on Convex Optimization: A Basic Course}},
    year = {2004},
    author = {Nesterov, Y},
    pages = {236},
    series = {Applied Optimization},
    publisher = {Springer Science+Business Media New York},
    isbn = {978-1-4613-4691-3},
    doi = {10.1007/978-1-4419-8853-9}
}

@article{Gropp2020IsometricAutoencoders,
    title = {{Isometric Autoencoders}},
    year = {2020},
    author = {Gropp, Amos and Atzmon, Matan and Lipman, Yaron},
    month = {6},
    url = {https://arxiv.org/abs/2006.09289v2},
    arxivId = {2006.09289}
}

@article{Beshkov2022IsometricRobustness,
    title = {{Isometric Representations in Neural Networks Improve Robustness}},
    year = {2022},
    author = {Beshkov, Kosio and Verhellen, Jonas and Lepper{\o}d, Mikkel Elle},
    month = {11},
    url = {https://arxiv.org/abs/2211.01236v1},
    isbn = {2211.01236v1},
    arxivId = {2211.01236}
}

@article{Chao2023JailbreakingQueries,
    title = {{Jailbreaking Black Box Large Language Models in Twenty Queries}},
    year = {2023},
    author = {Chao, Patrick and Robey, Alexander and Dobriban, Edgar and Hassani, Hamed and Pappas, George J. and Wong, Eric},
    month = {10},
    url = {https://arxiv.org/abs/2310.08419v4},
    arxivId = {2310.08419}
}

@misc{Guyomard2023KernelNetwork,
    title = {{Kernel Logistic Regression Approximation of an Understandable ReLU Neural Network}},
    year = {2023},
    author = {Guyomard, Marie and Barbosa, Susana and Fillatre, Lionel},
    month = {6}
}

@article{Ethayarajh2024KTO:Optimization,
    title = {{KTO: Model Alignment as Prospect Theoretic Optimization}},
    year = {2024},
    author = {Ethayarajh, Kawin and Xu, Winnie and Muennighoff, Niklas and Jurafsky, Dan and Kiela, Douwe},
    month = {2},
    url = {https://arxiv.org/abs/2402.01306v2},
    arxivId = {2402.01306}
}

@article{Saparov2022LanguageChain-of-Thought,
    title = {{Language Models Are Greedy Reasoners: A Systematic Formal Analysis of Chain-of-Thought}},
    year = {2022},
    author = {Saparov, Abulhair and He, He},
    month = {10},
    url = {https://arxiv.org/abs/2210.01240v4},
    arxivId = {2210.01240}
}

@article{Elsayed2018LargeClassification,
    title = {{Large Margin Deep Networks for Classification}},
    year = {2018},
    journal = {Advances in Neural Information Processing Systems},
    author = {Elsayed, Gamaleldin F. and Krishnan, Dilip and Mobahi, Hossein and Regan, Kevin and Bengio, Samy},
    month = {3},
    pages = {842--852},
    volume = {2018-December},
    publisher = {Neural information processing systems foundation},
    url = {https://arxiv.org/abs/1803.05598v2},
    issn = {10495258},
    arxivId = {1803.05598}
}

@article{Madras2018LearningRepresentations,
    title = {{Learning Adversarially Fair and Transferable Representations}},
    year = {2018},
    journal = {35th International Conference on Machine Learning, ICML 2018},
    author = {Madras, David and Creager, Elliot and Pitassi, Toniann and Zemel, Richards},
    month = {2},
    pages = {5423--5434},
    volume = {8},
    publisher = {International Machine Learning Society (IMLS)},
    url = {https://arxiv.org/abs/1802.06309v3},
    isbn = {9781510867963},
    arxivId = {1802.06309}
}

@article{LoureiroIdephicsLearningHigh-dimensions,
    title = {{Learning Gaussian Mixtures with Generalised Linear Models: Precise Asymptotics in High-dimensions}},
    author = {Loureiro Idephics, Bruno and Sicuro, Gabriele and Idephics, Alessandro Pacco and Florent, Lausanne and Idephics, Krzakala and Lenka, Lausanne and Spoc, ZdeborovÃ¡}
}

@misc{LearningOpenReview,
    title = {{Learning Probabilistic Topological Representations Using Discrete Morse Theory | OpenReview}},
    url = {https://openreview.net/forum?id=cXMHQD-xQas}
}

@inproceedings{Lampert2009LearningTransfer,
    title = {{Learning to detect unseen object classes by between-class attribute transfer}},
    year = {2009},
    booktitle = {2009 IEEE Conference on Computer Vision and Pattern Recognition},
    author = {Lampert, Christoph H. and Nickisch, Hannes and Harmeling, Stefan},
    month = {6},
    pages = {951--958},
    publisher = {IEEE},
    url = {https://ieeexplore.ieee.org/document/5206594/},
    isbn = {978-1-4244-3992-8},
    doi = {10.1109/CVPR.2009.5206594}
}

@article{Ruiz2018LearningSimulate,
    title = {{Learning To Simulate}},
    year = {2018},
    author = {Ruiz, Nataniel and Schulter, Samuel and Chandraker, Manmohan},
    month = {10},
    url = {http://arxiv.org/abs/1810.02513},
    arxivId = {1810.02513}
}

@techreport{2016LectureRisk,
    title = {{Lecture 14: Packing, covering, and consequences on minimax risk}},
    year = {2016}
}

@article{Hernandez2023LinearityModels,
    title = {{Linearity of Relation Decoding in Transformer Language Models}},
    year = {2023},
    author = {Hernandez, Evan and Sharma, Arnab Sen and Haklay, Tal and Meng, Kevin and Wattenberg, Martin and Andreas, Jacob and Belinkov, Yonatan and Bau, David},
    month = {8},
    url = {https://arxiv.org/abs/2308.09124v2},
    arxivId = {2308.09124}
}

@article{Liu2021LossNetworks,
    title = {{Loss landscapes and optimization in over-parameterized non-linear systems and neural networks}},
    year = {2021},
    author = {Liu, Chaoyue and Zhu, Libin and Belkin, Mikhail},
    arxivId = {2003.00307v2}
}

@article{Jung2022MaieuticExplanations,
    title = {{Maieutic Prompting: Logically Consistent Reasoning with Recursive Explanations}},
    year = {2022},
    journal = {Proceedings of the 2022 Conference on Empirical Methods in Natural Language Processing, EMNLP 2022},
    author = {Jung, Jaehun and Qin, Lianhui and Welleck, Sean and Brahman, Faeze and Bhagavatula, Chandra and Le Bras, Ronan and Choi, Yejin},
    month = {5},
    pages = {1266--1279},
    publisher = {Association for Computational Linguistics (ACL)},
    url = {https://arxiv.org/abs/2205.11822v2},
    doi = {10.18653/v1/2022.emnlp-main.82},
    arxivId = {2205.11822}
}

@article{Zhang2018ManifoldLearning,
    title = {{Manifold Adversarial Learning}},
    year = {2018},
    author = {Zhang, Shufei and Huang, Kaizhu and Zhu, Jianke and Liu, Yang},
    month = {7},
    url = {https://arxiv.org/abs/1807.05832v2},
    doi = {10.48550/arxiv.1807.05832},
    arxivId = {1807.05832},
    keywords = {Index Terms-Adversarial Examples, Manifold Learning, Semi-supervised Learning}
}

@article{Rosset2003MarginFunctions,
    title = {{Margin Maximizing Loss Functions}},
    year = {2003},
    journal = {Advances in Neural Information Processing Systems},
    author = {Rosset, Saharon and Zhu, Ji and Hastie, Trevor},
    volume = {16}
}

@article{Cybenkot1989MathematicsFunction,
    title = {{Mathematics of Control, Signals, and Systems Approximation by Superpositions of a Sigmoidal Function*}},
    year = {1989},
    journal = {Math. Control Signals Systems},
    author = {Cybenkot, G},
    pages = {303--314},
    volume = {2},
    keywords = {Approximation, Completeness, Neural networks}
}

@article{Glasgow2022Max-MarginConvergence,
    title = {{Max-Margin Works while Large Margin Fails: Generalization without Uniform Convergence}},
    year = {2022},
    author = {Glasgow, Margalit and Wei, Colin and Wootters, Mary and Ma, Tengyu},
    month = {6},
    url = {https://arxiv.org/abs/2206.07892v2},
    arxivId = {2206.07892}
}

@article{LevinaMaximumDimension,
    title = {{Maximum Likelihood Estimation of Intrinsic Dimension}},
    author = {Levina, Elizaveta and Bickel, Peter J}
}

@article{Chakraborty2024MaxMin-RLHF:Preferences,
    title = {{MaxMin-RLHF: Towards Equitable Alignment of Large Language Models with Diverse Human Preferences}},
    year = {2024},
    author = {Chakraborty, Souradip and Qiu, Jiahao and Yuan, Hui and Koppel, Alec and Huang, Furong and Manocha, Dinesh and Bedi, Amrit Singh and Wang, Mengdi},
    month = {2},
    url = {http://arxiv.org/abs/2402.08925},
    arxivId = {2402.08925v1}
}

@article{Zhang2022Mean-FieldRates,
    title = {{Mean-Field Analysis of Two-Layer Neural Networks: Global Optimality with Linear Convergence Rates}},
    year = {2022},
    author = {Zhang, Jingwei and Huang, Xunpeng and Yu, Jincheng},
    month = {5},
    url = {https://arxiv.org/abs/2205.09860v2},
    arxivId = {2205.09860}
}

@article{Belghazi2018MINE:Estimation,
    title = {{MINE: Mutual Information Neural Estimation}},
    year = {2018},
    author = {Belghazi, Mohamed Ishmael and Baratin, Aristide and Rajeswar, Sai and Ozair, Sherjil and Bengio, Yoshua and Courville, Aaron and Hjelm, R Devon},
    month = {1},
    pages = {1--44},
    url = {https://arxiv.org/abs/1801.04062v5},
    arxivId = {1801.04062}
}

@article{FiezMinimaxAdversaries,
    title = {{Minimax Optimization with Smooth Algorithmic Adversaries}},
    author = {Fiez, Tanner and Jin, Chi and Netrapalli, Praneeth and Ratliff, Lillian J},
    arxivId = {2106.01488v1}
}

@article{Park2020MinimumApproximation,
    title = {{Minimum Width for Universal Approximation}},
    year = {2020},
    author = {Park, Sejun and Yun, Chulhee and Lee, Jaeho and Shin, Jinwoo},
    month = {6},
    url = {http://arxiv.org/abs/2006.08859},
    arxivId = {2006.08859}
}

@article{Zhang2017Mixup:Minimization,
    title = {{mixup: Beyond Empirical Risk Minimization}},
    year = {2017},
    journal = {6th International Conference on Learning Representations, ICLR 2018 - Conference Track Proceedings},
    author = {Zhang, Hongyi and Cisse, Moustapha and Dauphin, Yann N. and Lopez-Paz, David},
    month = {10},
    publisher = {International Conference on Learning Representations, ICLR},
    url = {https://arxiv.org/abs/1710.09412v2},
    doi = {10.48550/arxiv.1710.09412},
    arxivId = {1710.09412}
}

@techreport{ModuleControl,
    title = {{Module 2: Introduction to PLINK and Quality Control}}
}

@article{Dherin2023MorseQuantification,
    title = {{Morse Neural Networks for Uncertainty Quantification}},
    year = {2023},
    author = {Dherin, Benoit and Hu, Huiyi and Ren, Jie and Dusenberry, Michael W. and Lakshminarayanan, Balaji},
    month = {7},
    url = {https://arxiv.org/abs/2307.00667v1},
    arxivId = {2307.00667}
}

@article{Grinberg2021Multi-tissueStudies,
    title = {{Multi-tissue transcriptome-wide association studies}},
    year = {2021},
    journal = {Genetic Epidemiology},
    author = {Grinberg, Nastasiya F. and Wallace, Chris},
    number = {3},
    month = {4},
    pages = {324--337},
    volume = {45},
    publisher = {John Wiley and Sons Inc},
    doi = {10.1002/gepi.22374},
    issn = {10982272},
    pmid = {33369784},
    keywords = {complex traits, gene expression, multi-task learning, transcriptome-wide association studies}
}

@article{Hornik1989MultilayerApproximators,
    title = {{Multilayer feedforward networks are universal approximators}},
    year = {1989},
    journal = {Neural Networks},
    author = {Hornik, Kurt and Stinchcombe, Maxwell and White, Halbert},
    number = {5},
    month = {1},
    pages = {359--366},
    volume = {2},
    publisher = {Pergamon},
    doi = {10.1016/0893-6080(89)90020-8},
    issn = {0893-6080},
    keywords = {Back-propagation networks, Feedforward networks, Mapping networks, Network representation capability, Sigma-Pi networks, Squashing functions, Stone-Weierstrass Theorem, Universal approximation}
}

@article{Leshno1993MultilayerFunction,
    title = {{Multilayer feedforward networks with a nonpolynomial activation function can approximate any function}},
    year = {1993},
    journal = {Neural Networks},
    author = {Leshno, Moshe and Lin, Vladimir Ya and Pinkus, Allan and Schocken, Shimon},
    number = {6},
    month = {1},
    pages = {861--867},
    volume = {6},
    publisher = {Pergamon},
    doi = {10.1016/S0893-6080(05)80131-5},
    issn = {0893-6080},
    keywords = {Activation functions, Lp({$\mu$}) approximation, Multilayer feedforward networks, Role of threshold, Universal approximation capabilities}
}

@article{Demir2023MultiparameterPrediction,
    title = {{Multiparameter Persistent Homology for Molecular Property Prediction}},
    year = {2023},
    author = {Demir, Andac and Kiziltan, Bulent},
    month = {11},
    url = {https://arxiv.org/abs/2311.10808v1},
    arxivId = {2311.10808}
}

@article{Dang2023NeuralData,
    title = {{Neural Collapse in Deep Linear Networks: From Balanced to Imbalanced Data}},
    year = {2023},
    journal = {Proceedings of Machine Learning Research},
    author = {Dang, Hien and Tran, Tho and Osher, Stanley and Tran-The, Hung and Ho, Nhat and Nguyen, Tan},
    month = {1},
    pages = {6873--6947},
    volume = {202},
    publisher = {ML Research Press},
    url = {https://arxiv.org/abs/2301.00437v5},
    issn = {26403498},
    arxivId = {2301.00437}
}

@article{KothapalliNeuralGeneralization,
    title = {{Neural Collapse: A Review on Modelling Principles and Generalization}},
    author = {Kothapalli, Vignesh},
    arxivId = {2206.04041v2}
}

@misc{NeuralOpenReview,
    title = {{Neural Networks Efficiently Learn Low-Dimensional Representations with SGD | OpenReview}},
    url = {https://openreview.net/forum?id=6taykzqcPD}
}

@article{NeurIPS-2018-bayesian-adversarial-learning-Paper,
    title = {{NeurIPS-2018-bayesian-adversarial-learning-Paper}}
}

@article{Chen2019NonparametricRecovery,
    title = {{Nonparametric Regression on Low-Dimensional Manifolds using Deep ReLU Networks : Function Approximation and Statistical Recovery}},
    year = {2019},
    journal = {Information and Inference: A Journal of the IMA},
    author = {Chen, Minshuo and Jiang, Haoming and Liao, Wenjing and Zhao, Tuo},
    number = {4},
    month = {8},
    pages = {1203--1253},
    volume = {11},
    publisher = {Oxford University Press (OUP)},
    url = {https://arxiv.org/abs/1908.01842v5},
    doi = {10.1093/imaiai/iaac001},
    arxivId = {1908.01842}
}

@article{FepponNullOptimization,
    title = {{Null space gradient flows for constrained optimization with applications to shape optimization}},
    author = {Feppon, Florian and Allaire, GrÃ©goire and Dapogny, Charles and Feppon, F and Allaire, G and Dapogny, C},
    pages = {65--70},
    url = {www.esaim-cocv.org},
    doi = {10.1051/cocv/2020015{\"{i}}},
    keywords = {and phrases: Nonlinear constrained optimization, gradient flows, null space method, shape and topology optimization}
}

@article{Feppon2020NullOptimization,
    title = {{Null space gradient flows for constrained optimization with applications to shape optimization}},
    year = {2020},
    journal = {ESAIM: Control, Optimisation and Calculus of Variations},
    author = {Feppon, F. and Allaire, G. and Dapogny, C.},
    pages = {90},
    volume = {26},
    publisher = {EDP Sciences},
    url = {https://www.esaim-cocv.org/articles/cocv/abs/2020/01/cocv190200/cocv190200.html},
    doi = {10.1051/COCV/2020015},
    issn = {1292-8119},
    keywords = {Calculus of Variations, Control, EDP Sciences, ESAIM, ESAIM: COCV, Nonlinear constrained optimization, Optimisation, gradient flows, journal, null space method, shape and topology optimization}
}

@article{Chang2020OnLearning,
    title = {{On Adversarial Bias and the Robustness of Fair Machine Learning}},
    year = {2020},
    author = {Chang, Hongyan and Nguyen, Ta Duy and Murakonda, Sasi Kumar and Kazemi, Ehsan and Shokri, Reza},
    month = {6},
    url = {https://arxiv.org/abs/2006.08669v1},
    arxivId = {2006.08669}
}

@article{Bauer2019OnRegression,
    title = {{On deep learning as a remedy for the curse of dimensionality in nonparametric regression}},
    year = {2019},
    journal = {Annals of Statistics},
    author = {Bauer, Benedikt and Kohler, Michael},
    number = {4},
    pages = {2261--2285},
    volume = {47},
    publisher = {Institute of Mathematical Statistics},
    doi = {10.1214/18-AOS1747},
    issn = {21688966},
    keywords = {Curse of dimensionality, Neural networks, Nonparametric regression, Rate of convergence}
}

@article{Vardi2021OnNetworks,
    title = {{On Margin Maximization in Linear and ReLU Networks}},
    year = {2021},
    journal = {Advances in Neural Information Processing Systems},
    author = {Vardi, Gal and Shamir, Ohad and Srebro, Nathan},
    month = {10},
    volume = {35},
    publisher = {Neural information processing systems foundation},
    url = {https://arxiv.org/abs/2110.02732v4},
    isbn = {9781713871088},
    issn = {10495258},
    arxivId = {2110.02732}
}

@article{Xiao2024OnRegularization,
    title = {{On the Algorithmic Bias of Aligning Large Language Models with RLHF: Preference Collapse and Matching Regularization}},
    year = {2024},
    author = {Xiao, Jiancong and Li, Ziniu and Xie, Xingyu and Getzen, Emily and Fang, Cong and Long, Qi and Su, Weijie J.},
    month = {5},
    url = {https://arxiv.org/abs/2405.16455v1},
    arxivId = {2405.16455}
}

@techreport{WangOnTraining,
    title = {{On the Convergence and Robustness of Adversarial Training}},
    author = {Wang, Yisen and Ma, Xingjun and Bailey, James and Yi, Jinfeng and Zhou, Bowen and Gu, Quanquan}
}

@article{Chen2021OnMachine,
    title = {{On the Equivalence between Neural Network and Support Vector Machine}},
    year = {2021},
    journal = {Advances in Neural Information Processing Systems},
    author = {Chen, Yilan and Huang, Wei and Nguyen, Lam M. and Weng, Tsui Wei},
    month = {11},
    pages = {23478--23490},
    volume = {28},
    publisher = {Neural information processing systems foundation},
    url = {https://arxiv.org/abs/2111.06063v2},
    isbn = {9781713845393},
    issn = {10495258},
    arxivId = {2111.06063}
}

@article{Awasthi2021OnVersion,
    title = {{On the Existence of the Adversarial Bayes Classifier (Extended Version)}},
    year = {2021},
    author = {Awasthi, Pranjal and Frank, Natalie S. and Mohri, Mehryar},
    month = {12},
    url = {https://arxiv.org/abs/2112.01694v4},
    arxivId = {2112.01694}
}

@article{Yang2017OnFlow,
    title = {{On the fast convergence of random perturbations of the gradient flow}},
    year = {2017},
    author = {Yang, Jiaojiao and Hu, Wenqing and Li, Chris Junchi},
    month = {6},
    url = {http://arxiv.org/abs/1706.00837},
    arxivId = {1706.00837}
}

@article{Khoury2018OnExamples,
    title = {{On the Geometry of Adversarial Examples}},
    year = {2018},
    author = {Khoury, Marc and Hadfield-Menell, Dylan},
    month = {11},
    url = {https://arxiv.org/abs/1811.00525v2},
    doi = {10.48550/arxiv.1811.00525},
    arxivId = {1811.00525},
    keywords = {adversarial examples, generalization, high-dimensional geometry, robustness}
}

@article{ChizatOnTransport,
    title = {{On the Global Convergence of Gradient Descent for Over-parameterized Models using Optimal Transport}},
    author = {Chizat, LÃ©naÃ¯c and Bach, Francis}
}

@article{Liu2020OnThem,
    title = {{On the Loss Landscape of Adversarial Training: Identifying Challenges and How to Overcome Them}},
    year = {2020},
    journal = {Advances in Neural Information Processing Systems},
    author = {Liu, Chen and Salzmann, Mathieu and Lin, Tao and Tomioka, Ryota and S{\"{u}}sstrunk, Sabine},
    month = {6},
    volume = {2020-December},
    publisher = {Neural information processing systems foundation},
    url = {https://arxiv.org/abs/2006.08403v2},
    doi = {10.48550/arxiv.2006.08403},
    issn = {10495258},
    arxivId = {2006.08403}
}

@article{Kohler2021OnEstimates,
    title = {{On the rate of convergence of fully connected deep neural network regression estimates}},
    year = {2021},
    journal = {https://doi.org/10.1214/20-AOS2034},
    author = {Kohler, Michael and Langer, Sophie},
    number = {4},
    month = {8},
    pages = {2231--2249},
    volume = {49},
    publisher = {Institute of Mathematical Statistics},
    url = {https://projecteuclid.org/journals/annals-of-statistics/volume-49/issue-4/On-the-rate-of-convergence-of-fully-connected-deep-neural/10.1214/20-AOS2034.full https://projecteuclid.org/journals/annals-of-statistics/volume-49/issue-4/On-the-rate-of-convergence-of-fully-connected-deep-neural/10.1214/20-AOS2034.short},
    doi = {10.1214/20-AOS2034},
    issn = {0090-5364},
    arxivId = {1908.11133},
    keywords = {41A25, 62G08, 82C32, Nonparametric regression, curse of dimensionality, deep learning, neural networks, rate of convergence}
}

@article{MaOnFairness,
    title = {{On the Tradeoff Between Robustness and Fairness}},
    author = {Ma, Xinsong and Wang, Zekai and Liu, Weiwei}
}

@article{Wainberg2019OpportunitiesStudies,
    title = {{Opportunities and challenges for transcriptome-wide association studies}},
    year = {2019},
    journal = {Nature Genetics},
    author = {Wainberg, Michael and Sinnott-Armstrong, Nasa and Mancuso, Nicholas and Barbeira, Alvaro N. and Knowles, David A. and Golan, David and Ermel, Raili and Ruusalepp, Arno and Quertermous, Thomas and Hao, Ke and Bj{\"{o}}rkegren, Johan L.M. and Im, Hae Kyung and Pasaniuc, Bogdan and Rivas, Manuel A. and Kundaje, Anshul},
    number = {4},
    month = {4},
    pages = {592--599},
    volume = {51},
    publisher = {Nature Publishing Group},
    doi = {10.1038/s41588-019-0385-z},
    issn = {15461718},
    pmid = {30926968}
}

@article{WangOPT2022:Features,
    title = {{OPT2022: 14th Annual Workshop on Optimization for Machine Learning Linear Convergence Analysis of Neural Collapse with Unconstrained Features}},
    author = {Wang, Peng and Liu, Huikang and Yaras, Can and Balzano, Laura and Qu, Qing}
}

@article{Petersen2017OptimalNetworks,
    title = {{Optimal approximation of piecewise smooth functions using deep ReLU neural networks}},
    year = {2017},
    author = {Petersen, Philipp and Voigtlaender, Felix},
    month = {9},
    url = {http://arxiv.org/abs/1709.05289},
    arxivId = {1709.05289}
}

@article{Vinyals2015OrderSets,
    title = {{Order Matters: Sequence to sequence for sets}},
    year = {2015},
    journal = {4th International Conference on Learning Representations, ICLR 2016 - Conference Track Proceedings},
    author = {Vinyals, Oriol and Bengio, Samy and Kudlur, Manjunath},
    month = {11},
    publisher = {International Conference on Learning Representations, ICLR},
    url = {https://arxiv.org/abs/1511.06391v4},
    arxivId = {1511.06391}
}

@article{Graef2018OrdinaryProblems,
    title = {{Ordinary differential equations and boundary value problems}},
    year = {2018},
    journal = {Ordinary Differential Equations And Boundary Value Problems},
    author = {Graef, John R. and Henderson, Johnny and Kong, Lingju and Liu, Xueyan Sherry},
    month = {2},
    pages = {1--166},
    volume = {1},
    publisher = {World Scientific Publishing Co. Pte. Ltd.},
    isbn = {9789813236462},
    doi = {10.1142/10888}
}

@article{KeupOrigamiSeparability,
    title = {{Origami in N dimensions: How feed-forward networks manufacture linear separability}},
    author = {Keup, Christian and Helias, Moritz},
    arxivId = {2203.11355v1}
}

@article{LuPA-GD:Optimization,
    title = {{PA-GD: On the Convergence of Perturbed Alternating Gradient Descent to Second-Order Stationary Points for Structured Nonconvex Optimization}},
    author = {Lu, Songtao and Hong, Mingyi and Wang, Zhengdao}
}

@inproceedings{Cisse2017ParsevalExamples,
    title = {{Parseval networks: Improving robustness to adversarial examples}},
    year = {2017},
    booktitle = {34th International Conference on Machine Learning, ICML 2017},
    author = {Cisse, Moustapha and Bojanowski, Piotr and Grave, Edouard and Dauphin, Yann and Usunier, Nicolas},
    volume = {2}
}

@article{Aparne2022PCAAdversaries,
    title = {{PCA as a defense against some adversaries}},
    year = {2022},
    author = {Aparne, Gupta and Banburski, Andrzej and Poggio, Tomaso},
    month = {3},
    publisher = {Center for Brains, Minds and Machines (CBMM)},
    url = {https://dspace.mit.edu/handle/1721.1/141424},
    keywords = {Article, Technical Report, Working Paper}
}

@article{GoldfarbPracticalNetworks,
    title = {{Practical Quasi-Newton Methods for Training Deep Neural Networks}},
    author = {Goldfarb, Donald and Ren, Yi and Bahamou, Achraf}
}

@article{Zhu2023PrincipledComparisons,
    title = {{Principled Reinforcement Learning with Human Feedback from Pairwise or {\$}K{\$}-wise Comparisons}},
    year = {2023},
    journal = {Proceedings of Machine Learning Research},
    author = {Zhu, Banghua and Jordan, Michael I. and Jiao, Jiantao},
    month = {1},
    pages = {43037--43067},
    volume = {202},
    publisher = {ML Research Press},
    url = {https://arxiv.org/abs/2301.11270v5},
    isbn = {2301.11270v5},
    issn = {26403498},
    arxivId = {2301.11270}
}

@article{Zhong2024ProvableFeedback,
    title = {{Provable Multi-Party Reinforcement Learning with Diverse Human Feedback}},
    year = {2024},
    author = {Zhong, Huiying and Deng, Zhun and Su, Weijie J and Zhiwei, â¡ and Wu, Steven and Zhang, Linjun},
    month = {3},
    url = {https://arxiv.org/abs/2403.05006v1},
    arxivId = {2403.05006}
}

@article{Dobriban2020ProvableClassification,
    title = {{Provable tradeoffs in adversarially robust classification}},
    year = {2020},
    author = {Dobriban, Edgar and Hassani, Hamed and Hong, David and Robey, Alexander},
    month = {6},
    url = {https://arxiv.org/abs/2006.05161v5},
    doi = {10.1109/TIT.2022.3205449},
    issn = {15579654},
    arxivId = {2006.05161},
    keywords = {Gaussian mixtures, Index terms adversarial robustness, class imbalance, provable tradeoffs}
}

@article{Yao2019PyHessian:Hessian,
    title = {{PyHessian: Neural Networks Through the Lens of the Hessian}},
    year = {2019},
    journal = {Proceedings - 2020 IEEE International Conference on Big Data, Big Data 2020},
    author = {Yao, Zhewei and Gholami, Amir and Keutzer, Kurt and Mahoney, Michael W.},
    month = {12},
    pages = {581--590},
    publisher = {Institute of Electrical and Electronics Engineers Inc.},
    url = {https://arxiv.org/abs/1912.07145v3},
    isbn = {9781728162515},
    doi = {10.1109/BigData50022.2020.9378171},
    arxivId = {1912.07145}
}

@article{Yao2020QuantifyingLevels,
    title = {{Quantifying genetic effects on disease mediated by assayed gene expression levels}},
    year = {2020},
    journal = {Nature Genetics},
    author = {Yao, Douglas W. and OâConnor, Luke J. and Price, Alkes L. and Gusev, Alexander},
    number = {6},
    month = {6},
    pages = {626--633},
    volume = {52},
    publisher = {Nature Research},
    url = {http://www.nature.com/articles/s41588-020-0625-2},
    doi = {10.1038/s41588-020-0625-2},
    issn = {1061-4036}
}

@article{Chen2023QuantifyingTrustworthiness,
    title = {{Quantifying Uncertainty in Answers from any Language Model and Enhancing their Trustworthiness}},
    year = {2023},
    author = {Chen, Jiuhai and Cleanlab, Jonas Mueller},
    month = {8},
    url = {https://arxiv.org/abs/2308.16175v2},
    isbn = {2308.16175v2},
    arxivId = {2308.16175}
}

@article{Yin2018RademacherGeneralization,
    title = {{Rademacher Complexity for Adversarially Robust Generalization}},
    year = {2018},
    journal = {36th International Conference on Machine Learning, ICML 2019},
    author = {Yin, Dong and Ramchandran, Kannan and Bartlett, Peter},
    month = {10},
    pages = {12296--12313},
    volume = {2019-June},
    publisher = {International Machine Learning Society (IMLS)},
    url = {https://arxiv.org/abs/1810.11914v4},
    isbn = {9781510886988},
    doi = {10.48550/arxiv.1810.11914},
    arxivId = {1810.11914}
}

@article{Frei2023RandomNetworks,
    title = {{Random Feature Amplification: Feature Learning and Generalization in Neural Networks}},
    year = {2023},
    journal = {Journal of Machine Learning Research},
    author = {Frei, Spencer and Chatterji, Niladri S and Bartlett, Peter L},
    pages = {1--49},
    volume = {24},
    url = {http://jmlr.org/papers/v24/22-1132.html.},
    keywords = {classification, feature learning, generalization, label noise, neural networks}
}

@article{Wu2023ReasoningTasks,
    title = {{Reasoning or Reciting? Exploring the Capabilities and Limitations of Language Models Through Counterfactual Tasks}},
    year = {2023},
    author = {Wu, Zhaofeng and Qiu, Linlu and Ross, Alexis and Aky{\"{u}}rek, Ekin and Chen, Boyuan and Wang, Bailin and Kim, Najoung and Andreas, Jacob and Kim, Yoon},
    month = {7},
    url = {https://arxiv.org/abs/2307.02477v3},
    isbn = {9798891761148},
    arxivId = {2307.02477}
}

@article{Bai2021RecentRobustness,
    title = {{Recent Advances in Adversarial Training for Adversarial Robustness}},
    year = {2021},
    author = {Bai, Tao and Luo, Jinqi and Zhao, Jun and Wen, Bihan and Wang, Qian},
    month = {2},
    url = {http://arxiv.org/abs/2102.01356},
    arxivId = {2102.01356}
}

@article{DeLeeuwReconsideringStudies,
    title = {{Reconsidering the validity of transcriptome-wide association studies}},
    author = {De Leeuw, Christiaan and Werme, Josefin and Savage, Jeanne and Peyrot, Wouter and Posthuma, Danielle},
    url = {https://doi.org/10.1101/2021.08.15.456414},
    isbn = {10.1101/2021.08.1},
    doi = {10.1101/2021.08.15.456414}
}

@article{Perez2022RedModels,
    title = {{Red Teaming Language Models with Language Models}},
    year = {2022},
    journal = {Proceedings of the 2022 Conference on Empirical Methods in Natural Language Processing, EMNLP 2022},
    author = {Perez, Ethan and Huang, Saffron and Song, Francis and Cai, Trevor and Ring, Roman and Aslanides, John and Glaese, Amelia and McAleese, Nat and Irving, Geoffrey},
    month = {2},
    pages = {3419--3448},
    publisher = {Association for Computational Linguistics (ACL)},
    url = {https://arxiv.org/abs/2202.03286v1},
    doi = {10.18653/v1/2022.emnlp-main.225},
    arxivId = {2202.03286}
}

@article{Li2023ReinforcementPessimism,
    title = {{Reinforcement Learning with Human Feedback: Learning Dynamic Choices via Pessimism}},
    year = {2023},
    author = {Li, Zihao and Yang, Zhuoran and Wang, Mengdi},
    month = {5},
    url = {https://arxiv.org/abs/2305.18438v3},
    arxivId = {2305.18438}
}

@article{Huang2020ReluFunctions,
    title = {{Relu networks are universal approximators via piecewise linear or constant functions}},
    year = {2020},
    journal = {Neural Computation},
    author = {Huang, Changcun},
    number = {11},
    month = {11},
    pages = {2249--2278},
    volume = {32},
    publisher = {MIT Press Journals},
    doi = {10.1162/NECO{\_}A{\_}01316},
    issn = {1530888X},
    pmid = {32946706}
}

@article{Huang2020ReluFunctionsb,
    title = {{Relu networks are universal approximators via piecewise linear or constant functions}},
    year = {2020},
    journal = {Neural Computation},
    author = {Huang, Changcun},
    number = {11},
    month = {11},
    pages = {2249--2278},
    volume = {32},
    publisher = {MIT Press Journals},
    doi = {10.1162/NECO{\_}A{\_}01316},
    issn = {1530888X},
    pmid = {32946706}
}

@article{ImaniRepresentationNetworks,
    title = {{Representation Alignment in Neural Networks}},
    author = {Imani, Ehsan and Hu, Wei and White, Martha},
    url = {https://github.com/EhsanEI/rep-align-demo.},
    isbn = {2112.07806v2},
    arxivId = {2112.07806v2}
}

@article{vandenOordDeepMind2018RepresentationCoding,
    title = {{Representation Learning with Contrastive Predictive Coding}},
    year = {2018},
    author = {van den Oord DeepMind, Aaron and Li DeepMind, Yazhe and Vinyals DeepMind, Oriol},
    month = {7},
    url = {https://arxiv.org/abs/1807.03748v2},
    arxivId = {1807.03748}
}

@article{Ghosh2018ResistingAutoencoders,
    title = {{Resisting Adversarial Attacks using Gaussian Mixture Variational Autoencoders}},
    year = {2018},
    author = {Ghosh, Partha and Losalka, Arpan and Black, Michael J},
    month = {5},
    url = {http://arxiv.org/abs/1806.00081},
    arxivId = {1806.00081}
}

@article{Arbel2023RethinkingModels,
    title = {{Rethinking Gauss-Newton for learning over-parameterized models}},
    year = {2023},
    author = {Arbel, Michael and Menegaux, Romain and Wolinski, Pierre},
    month = {2},
    url = {https://arxiv.org/abs/2302.02904v3},
    arxivId = {2302.02904}
}

@article{Wang2024RethinkingKey,
    title = {{Rethinking the Bounds of LLM Reasoning: Are Multi-Agent Discussions the Key?}},
    year = {2024},
    author = {Wang, Qineng and Wang, Zihao and Su, Ying and Tong, Hanghang and Song, Yangqiu},
    month = {2},
    url = {https://arxiv.org/abs/2402.18272v1},
    arxivId = {2402.18272}
}

@article{Ji2018RiskRegression,
    title = {{Risk and parameter convergence of logistic regression}},
    year = {2018},
    author = {Ji, Ziwei and Telgarsky, Matus},
    month = {3},
    url = {https://arxiv.org/abs/1803.07300v3},
    arxivId = {1803.07300}
}

@article{Xu2023RLHFIncentives,
    title = {{RLHF and IIA: Perverse Incentives}},
    year = {2023},
    author = {Xu, Wanqiao and Dong, Shi and Lu, Xiuyuan and Lam, Grace and Wen, Zheng and Van Roy, Benjamin},
    month = {12},
    url = {https://arxiv.org/abs/2312.01057v3},
    arxivId = {2312.01057}
}

@article{Wang2023RLHFPoison:Models,
    title = {{RLHFPoison: Reward Poisoning Attack for Reinforcement Learning with Human Feedback in Large Language Models}},
    year = {2023},
    author = {Wang, Jiongxiao and Wu, Junlin and Chen, Muhao and Vorobeychik, Yevgeniy and Xiao, Chaowei},
    month = {11},
    url = {https://arxiv.org/abs/2311.09641v2},
    arxivId = {2311.09641}
}

@article{ROBUSTMODEL,
    title = {{ROBUST CLASSIFICATION VIA A SINGLE DIFFUSION MODEL}}
}

@article{Greenfeld2019RobustCriterion,
    title = {{Robust Learning with the Hilbert-Schmidt Independence Criterion}},
    year = {2019},
    journal = {37th International Conference on Machine Learning, ICML 2020},
    author = {Greenfeld, Daniel and Shalit, Uri},
    month = {10},
    pages = {3717--3726},
    volume = {PartF168147-5},
    publisher = {International Machine Learning Society (IMLS)},
    url = {https://arxiv.org/abs/1910.00270v4},
    isbn = {9781713821120},
    arxivId = {1910.00270}
}

@article{ScetbonRobustBeyond,
    title = {{Robust Linear Regression: Gradient-descent, Early-stopping, and Beyond}},
    author = {Scetbon, Meyer and Dohmatob, Elvis},
    arxivId = {2301.13486v1}
}

@article{Croce2020RobustBench:Benchmark,
    title = {{RobustBench: a standardized adversarial robustness benchmark}},
    year = {2020},
    author = {Croce, Francesco and Andriushchenko, Maksym and Sehwag, Vikash and Debenedetti, Edoardo and Flammarion, Nicolas and Chiang, Mung and Mittal, Prateek and Hein, Matthias},
    month = {10},
    url = {https://arxiv.org/abs/2010.09670v3},
    isbn = {2010.09670v3},
    arxivId = {2010.09670}
}

@article{Tsipras2018RobustnessAccuracy,
    title = {{Robustness May Be at Odds with Accuracy}},
    year = {2018},
    journal = {7th International Conference on Learning Representations, ICLR 2019},
    author = {Tsipras, Dimitris and Santurkar, Shibani and Engstrom, Logan and Turner, Alexander and Madry, Aleksander},
    month = {5},
    publisher = {International Conference on Learning Representations, ICLR},
    url = {https://arxiv.org/abs/1805.12152v5},
    arxivId = {1805.12152}
}

@article{Benz2020RobustnessAccuracy,
    title = {{Robustness May Be at Odds with Fairness: An Empirical Study on Class-wise Accuracy}},
    year = {2020},
    journal = {Proceedings of Machine Learning Research},
    author = {Benz, Philipp and Zhang, Chaoning and Karjauv, Adil and Kweon, In So},
    month = {10},
    pages = {1--18},
    volume = {148},
    url = {https://arxiv.org/abs/2010.13365v2},
    arxivId = {2010.13365},
    keywords = {Adversarial training, Class-wise Robustness, Fair Machine Learning}
}

@article{Wang2022Self-EnsembleRobustness,
    title = {{Self-Ensemble Adversarial Training for Improved Robustness}},
    year = {2022},
    author = {Wang, Hongjun and Wang, Yisen},
    month = {3},
    url = {https://arxiv.org/abs/2203.09678v2},
    doi = {10.48550/arxiv.2203.09678},
    arxivId = {2203.09678}
}

@article{Franken2024Self-SupervisedLabels,
    title = {{Self-Supervised Alignment with Mutual Information: Learning to Follow Principles without Preference Labels}},
    year = {2024},
    author = {Fr{\"{a}}nken, Jan-Philipp and Zelikman, Eric and Rafailov, Rafael and Gandhi, Kanishk and Gerstenberg, Tobias and Goodman, Noah D.},
    month = {4},
    url = {http://arxiv.org/abs/2404.14313},
    isbn = {2404.14313v1},
    arxivId = {2404.14313v1}
}

@article{RongSelf-SupervisedData,
    title = {{Self-Supervised Graph Transformer on Large-Scale Molecular Data}},
    author = {Rong, Yu and Bian, Yatao and Xu, Tingyang and Xie, Weiyang and Wei, Ying and Huang, Wenbing and Huang, Junzhou},
    isbn = {2007.02835v2},
    arxivId = {2007.02835v2}
}

@article{Dan2020SharpClassification,
    title = {{Sharp Statistical Guarantees for Adversarially Robust Gaussian Classification}},
    year = {2020},
    journal = {37th International Conference on Machine Learning, ICML 2020},
    author = {Dan, Chen and Wei, Yuting and Ravikumar, Pradeep},
    month = {6},
    pages = {2323--2333},
    volume = {PartF168147-3},
    publisher = {International Machine Learning Society (IMLS)},
    url = {https://arxiv.org/abs/2006.16384v1},
    isbn = {9781713821120},
    doi = {10.48550/arxiv.2006.16384},
    arxivId = {2006.16384}
}

@article{Tsipinakis2023Simba:Points,
    title = {{Simba: A Scalable Bilevel Preconditioned Gradient Method for Fast Evasion of Flat Areas and Saddle Points}},
    year = {2023},
    author = {Tsipinakis, Nick and Parpas, Panos},
    month = {9},
    url = {https://arxiv.org/abs/2309.05309v1},
    arxivId = {2309.05309}
}

@article{Meng2024SimPO:Reward,
    title = {{SimPO: Simple Preference Optimization with a Reference-Free Reward}},
    year = {2024},
    author = {Meng, Yu and Xia, Mengzhou and Chen, Danqi},
    month = {5},
    url = {https://arxiv.org/abs/2405.14734v2},
    arxivId = {2405.14734}
}

@article{Trinh2024SolvingDemonstrations,
    title = {{Solving olympiad geometry without human demonstrations}},
    year = {2024},
    journal = {Nature 2024 625:7995},
    author = {Trinh, Trieu H. and Wu, Yuhuai and Le, Quoc V. and He, He and Luong, Thang},
    number = {7995},
    month = {1},
    pages = {476--482},
    volume = {625},
    publisher = {Nature Publishing Group},
    url = {https://www.nature.com/articles/s41586-023-06747-5},
    doi = {10.1038/s41586-023-06747-5},
    issn = {1476-4687},
    pmid = {38233616},
    keywords = {Computational science, Computer science}
}

@article{Biau2018SomeGANs,
    title = {{Some Theoretical Properties of GANs}},
    year = {2018},
    author = {Biau, G. and Cadre, B. and Sangnier, M. and Tanielian, U.},
    month = {3},
    url = {http://arxiv.org/abs/1803.07819},
    arxivId = {1803.07819}
}

@article{Cunningham2023SparseModels,
    title = {{Sparse Autoencoders Find Highly Interpretable Features in Language Models}},
    year = {2023},
    author = {Cunningham, Hoagy and Ewart, Aidan and Riggs, Logan and Huben, Robert and Sharkey, Lee},
    month = {9},
    url = {https://arxiv.org/abs/2309.08600v3},
    arxivId = {2309.08600}
}

@article{Xiao2022StabilityTraining,
    title = {{Stability Analysis and Generalization Bounds of Adversarial Training}},
    year = {2022},
    author = {Xiao, Jiancong and Fan, Yanbo and Sun, Ruoyu and Wang, Jue and Luo, Zhi-Quan},
    month = {10},
    url = {http://arxiv.org/abs/2210.00960},
    arxivId = {2210.00960}
}

@techreport{HaleStabilitySystems,
    title = {{Stability and Gradient Dynamical Systems}},
    author = {Hale, Jack K}
}

@article{Hale2004StabilitySystems,
    title = {{Stability and Gradient Dynamical Systems}},
    year = {2004},
    journal = {Rev. Mat. Complut},
    author = {Hale, Jack K},
    pages = {7--57},
    issn = {1139-1138},
    keywords = {34K25), Attractors, Dynamical Systems, Functional differential equations 2000 Mathematics Subject Classification: 37Lxx (35B41, Gradient systems, Partial differ-ential equations, Stability}
}

@article{ZouStochasticNetworks,
    title = {{Stochastic Gradient Descent Optimizes Over-parameterized Deep ReLU Networks}},
    author = {Zou, Difan and Cao, Yuan and Zhou, Dongruo and Gu, Quanquan},
    arxivId = {1811.08888v3}
}

@article{Hu2019StrategiesNetworks,
    title = {{Strategies for Pre-training Graph Neural Networks}},
    year = {2019},
    journal = {8th International Conference on Learning Representations, ICLR 2020},
    author = {Hu, Weihua and Liu, Bowen and Gomes, Joseph and Zitnik, Marinka and Liang, Percy and Pande, Vijay and Leskovec, Jure},
    month = {5},
    publisher = {International Conference on Learning Representations, ICLR},
    url = {https://arxiv.org/abs/1905.12265v3},
    arxivId = {1905.12265}
}

@article{Smith2017Super-Convergence:Rates,
    title = {{Super-Convergence: Very Fast Training of Neural Networks Using Large Learning Rates}},
    year = {2017},
    author = {Smith, Leslie N. and Topin, Nicholay},
    month = {8},
    pages = {36},
    publisher = {SPIE-Intl Soc Optical Eng},
    url = {https://arxiv.org/abs/1708.07120v3},
    isbn = {9781510626775},
    doi = {10.1117/12.2520589},
    issn = {1996756X},
    arxivId = {1708.07120}
}

@techreport{SupplementProofs,
    title = {{Supplement A: further proofs}}
}

@article{Ribeiro2022SurprisesRegression,
    title = {{Surprises in adversarially-trained linear regression}},
    year = {2022},
    author = {Ribeiro, AntÃ´nio H. and Zachariah, Dave and Sch{\"{o}}n, Thomas B.},
    month = {5},
    url = {https://arxiv.org/abs/2205.12695v2},
    arxivId = {2205.12695}
}

@article{Shayegani2023SurveyAttacks,
    title = {{Survey of Vulnerabilities in Large Language Models Revealed by Adversarial Attacks}},
    year = {2023},
    author = {Shayegani, Erfan and Mamun, Md Abdullah Al and Fu, Yu and Zaree, Pedram and Dong, Yue and Abu-Ghazaleh, Nael},
    month = {10},
    url = {https://arxiv.org/abs/2310.10844v1},
    arxivId = {2310.10844}
}

@article{Yang2024SWE-agent:Engineering,
    title = {{SWE-agent: Agent-Computer Interfaces Enable Automated Software Engineering}},
    year = {2024},
    author = {Yang, John and Jimenez, Carlos E. and Wettig, Alexander and Lieret, Kilian and Yao, Shunyu and Narasimhan, Karthik and Press, Ofir},
    month = {5},
    url = {https://arxiv.org/abs/2405.15793v2},
    arxivId = {2405.15793}
}

@article{Hendeby2007TechnicalFiltering,
    title = {{Technical report from Automatic Control at Link{\"{o}}pings universitet On Nonlinear Transformations of Stochastic Variables and its Application to Nonlinear Filtering}},
    year = {2007},
    author = {Hendeby, Gustaf and Gustafsson, Fredrik}
}

@article{Hassani2022TheRegression,
    title = {{The curse of overparametrization in adversarial training: Precise analysis of robust generalization for random features regression}},
    year = {2022},
    author = {Hassani, Hamed and Javanmard, Adel},
    month = {1},
    url = {https://arxiv.org/abs/2201.05149v2},
    arxivId = {2201.05149}
}

@article{Alemany2020TheSystems,
    title = {{The Dilemma Between Data Transformations and Adversarial Robustness for Time Series Application Systems}},
    year = {2020},
    author = {Alemany, Sheila and Pissinou, Niki},
    month = {6},
    url = {https://arxiv.org/abs/2006.10885v2},
    doi = {10.48550/arxiv.2006.10885},
    arxivId = {2006.10885}
}

@article{Alemany2020TheSystemsb,
    title = {{The Dilemma Between Data Transformations and Adversarial Robustness for Time Series Application Systems}},
    year = {2020},
    journal = {CEUR Workshop Proceedings},
    author = {Alemany, Sheila and Pissinou, Niki},
    month = {6},
    volume = {3087},
    publisher = {CEUR-WS},
    url = {https://arxiv.org/abs/2006.10885v2},
    issn = {16130073},
    arxivId = {2006.10885}
}

@article{Shamir2021TheLearning,
    title = {{The Dimpled Manifold Model of Adversarial Examples in Machine Learning}},
    year = {2021},
    author = {Shamir, Adi and Melamed, Odelia and BenShmuel, Oriel},
    month = {6},
    url = {https://arxiv.org/abs/2106.10151v2},
    doi = {10.48550/arxiv.2106.10151},
    arxivId = {2106.10151}
}

@article{Frei2023TheNetworks,
    title = {{The Double-Edged Sword of Implicit Bias: Generalization vs. Robustness in ReLU Networks}},
    year = {2023},
    author = {Frei, Spencer and Vardi, Gal and Bartlett, Peter L. and Srebro, Nathan},
    month = {3},
    url = {https://arxiv.org/abs/2303.01456v1},
    arxivId = {2303.01456}
}

@article{Ghosh2023TheLearning,
    title = {{The Effect of SGD Batch Size on Autoencoder Learning: Sparsity, Sharpness, and Feature Learning}},
    year = {2023},
    author = {Ghosh, Nikhil and Frei, Spencer and Ha, Wooseok and Yu, Bin},
    month = {8},
    url = {https://arxiv.org/abs/2308.03215v1},
    arxivId = {2308.03215}
}

@article{TheProject,
    title = {{The Genotype-Tissue Expression (GTEx) project}}
}

@article{Balles2020TheDescent,
    title = {{The Geometry of Sign Gradient Descent}},
    year = {2020},
    author = {Balles, Lukas and Pedregosa, Fabian and Roux, Nicolas Le},
    month = {2},
    url = {http://arxiv.org/abs/2002.08056},
    arxivId = {2002.08056}
}

@article{PeeblesTheDisentanglement,
    title = {{The Hessian Penalty: A Weak Prior for Unsupervised Disentanglement}},
    author = {Peebles, William and Peebles, John and Zhu, Jun-Yan and Efros, Alexei and Torralba, Antonio},
    arxivId = {2008.10599v1}
}

@article{Cao2023TheNetworks,
    title = {{The Implicit Bias of Batch Normalization in Linear Models and Two-layer Linear Convolutional Neural Networks}},
    year = {2023},
    journal = {Proceedings of Machine Learning Research},
    author = {Cao, Yuan and Zou, Difan and Li, Yuanzhi and Gu, Quanquan},
    month = {6},
    pages = {5699--5753},
    volume = {195},
    publisher = {ML Research Press},
    url = {https://arxiv.org/abs/2306.11680v2},
    issn = {26403498},
    arxivId = {2306.11680},
    keywords = {batch normalization, implicit bias, uniform margin}
}

@article{Pope2021TheLearning,
    title = {{The Intrinsic Dimension of Images and Its Impact on Learning}},
    year = {2021},
    author = {Pope, Phillip and Zhu, Chen and Abdelkader, Ahmed and Goldblum, Micah and Goldstein, Tom},
    month = {4},
    url = {https://arxiv.org/abs/2104.08894v1},
    isbn = {2104.08894v1},
    doi = {10.48550/arxiv.2104.08894},
    arxivId = {2104.08894}
}

@article{Lin2023TheLearning,
    title = {{The Unlocking Spell on Base LLMs: Rethinking Alignment via In-Context Learning}},
    year = {2023},
    journal = {12th International Conference on Learning Representations, ICLR 2024},
    author = {Lin, Bill Yuchen and Ravichander, Abhilasha and Lu, Ximing and Dziri, Nouha and Sclar, Melanie and Chandu, Khyathi and Bhagavatula, Chandra and Choi, Yejin},
    month = {12},
    publisher = {International Conference on Learning Representations, ICLR},
    url = {https://arxiv.org/abs/2312.01552v1},
    arxivId = {2312.01552}
}

@article{Amsaleg2017TheDimensionality,
    title = {{The vulnerability of learning to adversarial perturbation increases with intrinsic dimensionality}},
    year = {2017},
    journal = {2017 IEEE Workshop on Information Forensics and Security, WIFS 2017},
    author = {Amsaleg, Laurent and Bailey, James and Barbe, Dominique and Erfani, Sarah and Houle, Michael E. and Nguyen, Vinh and Radovanovic, Milos},
    month = {7},
    pages = {1--6},
    volume = {2018-January},
    publisher = {Institute of Electrical and Electronics Engineers Inc.},
    isbn = {9781509067695},
    doi = {10.1109/WIFS.2017.8267651}
}

@article{Zhang2019TheoreticallyAccuracy,
    title = {{Theoretically Principled Trade-off between Robustness and Accuracy}},
    year = {2019},
    author = {Zhang, Hongyang and Yu, Yaodong and Jiao, Jiantao and Xing, Eric P. and Ghaoui, Laurent El and Jordan, Michael I.},
    month = {1},
    url = {http://arxiv.org/abs/1901.08573},
    arxivId = {1901.08573}
}

@misc{TheoryJSTOR,
    title = {{Theory of Games and Economic Behavior (60th Anniversary Commemorative Edition) on JSTOR}},
    url = {https://www.jstor.org/stable/j.ctt1r2gkx}
}

@article{Chai2023ToRobustness,
    title = {{To be Robust and to be Fair: Aligning Fairness with Robustness}},
    year = {2023},
    author = {Chai, Junyi and Wang, Xiaoqian},
    month = {3},
    url = {https://arxiv.org/abs/2304.00061v1},
    arxivId = {2304.00061}
}

@article{Xu2020ToTraining,
    title = {{To be Robust or to be Fair: Towards Fairness in Adversarial Training}},
    year = {2020},
    journal = {Proceedings of Machine Learning Research},
    author = {Xu, Han and Liu, Xiaorui and Li, Yaxin and Jain, Anil K. and Tang, Jiliang},
    month = {10},
    pages = {11492--11501},
    volume = {139},
    publisher = {ML Research Press},
    url = {https://arxiv.org/abs/2010.06121v2},
    isbn = {9781713845065},
    issn = {26403498},
    arxivId = {2010.06121}
}

@article{Sridhar2022TowardsPerturbations,
    title = {{Towards Alternative Techniques for Improving Adversarial Robustness: Analysis of Adversarial Training at a Spectrum of Perturbations}},
    year = {2022},
    author = {Sridhar, Kaustubh and Dutta, Souradeep and Kaur, Ramneet and Weimer, James and Sokolsky, Oleg and Lee, Insup},
    month = {6},
    url = {https://arxiv.org/abs/2206.06496v1},
    doi = {10.48550/arxiv.2206.06496},
    arxivId = {2206.06496}
}

@article{Madry2017TowardsAttacks,
    title = {{Towards Deep Learning Models Resistant to Adversarial Attacks}},
    year = {2017},
    author = {Madry, Aleksander and Makelov, Aleksandar and Schmidt, Ludwig and Tsipras, Dimitris and Vladu, Adrian},
    month = {6},
    url = {http://arxiv.org/abs/1706.06083},
    arxivId = {1706.06083}
}

@article{CarliniTowardsNetworks,
    title = {{Towards Evaluating the Robustness of Neural Networks}},
    author = {Carlini, Nicholas and Wagner, David},
    url = {http://nicholas.carlini.com/code/nn},
    arxivId = {1608.04644v2}
}

@article{Carlini2016TowardsNetworks,
    title = {{Towards Evaluating the Robustness of Neural Networks}},
    year = {2016},
    journal = {Proceedings - IEEE Symposium on Security and Privacy},
    author = {Carlini, Nicholas and Wagner, David},
    month = {8},
    pages = {39--57},
    publisher = {Institute of Electrical and Electronics Engineers Inc.},
    url = {https://arxiv.org/abs/1608.04644v2},
    isbn = {9781509055326},
    doi = {10.48550/arxiv.1608.04644},
    issn = {10816011},
    arxivId = {1608.04644}
}

@article{MaoTowardsRepresentation,
    title = {{Towards Expressive Graph Representation}},
    author = {Mao, Chengsheng and Yao, Liang and Luo, Yuan},
    arxivId = {2010.05427v1}
}

@article{Arjovsky2017TowardsNetworks,
    title = {{Towards Principled Methods for Training Generative Adversarial Networks}},
    year = {2017},
    author = {Arjovsky, Martin and Bottou, LÃ©on},
    month = {1},
    url = {http://arxiv.org/abs/1701.04862},
    arxivId = {1701.04862}
}

@article{Schott2018TowardsMNIST,
    title = {{Towards the first adversarially robust neural network model on MNIST}},
    year = {2018},
    author = {Schott, Lukas and Rauber, Jonas and Bethge, Matthias and Brendel, Wieland},
    month = {5},
    url = {http://arxiv.org/abs/1805.09190},
    arxivId = {1805.09190}
}

@article{Lin2024TowardsAnalysis,
    title = {{Towards Understanding Jailbreak Attacks in LLMs: A Representation Space Analysis}},
    year = {2024},
    author = {Lin, Yuping and He, Pengfei and Xu, Han and Xing, Yue and Yamada, Makoto and Liu, Hui and Tang, Jiliang},
    month = {6},
    url = {https://arxiv.org/abs/2406.10794v2},
    arxivId = {2406.10794}
}

@article{BenzTrade-offClassifiers,
    title = {{Trade-off Between Accuracy, Robustness, and Fairness of Deep Classifiers}},
    author = {Benz, Philipp and Zhang, Chaoning and Karjauv, Adil and Cho, Gyusang}
}

@article{Chen2024TrainingOptimality,
    title = {{Training Dynamics of Multi-Head Softmax Attention for In-Context Learning: Emergence, Convergence, and Optimality}},
    year = {2024},
    author = {Chen, Siyu and Sheen, Heejune and Wang, Tianhao and Yang, Zhuoran},
    month = {2},
    url = {https://arxiv.org/abs/2402.19442v2},
    isbn = {2402.19442v1},
    arxivId = {2402.19442}
}

@article{Ouyang2022TrainingFeedback,
    title = {{Training language models to follow instructions with human feedback}},
    year = {2022},
    journal = {Advances in Neural Information Processing Systems},
    author = {Ouyang, Long and Wu, Jeff and Jiang, Xu and Almeida, Diogo and Wainwright, Carroll L. and Mishkin, Pamela and Zhang, Chong and Agarwal, Sandhini and Slama, Katarina and Ray, Alex and Schulman, John and Hilton, Jacob and Kelton, Fraser and Miller, Luke and Simens, Maddie and Askell, Amanda and Welinder, Peter and Christiano, Paul and Leike, Jan and Lowe, Ryan},
    month = {3},
    volume = {35},
    publisher = {Neural information processing systems foundation},
    url = {https://arxiv.org/abs/2203.02155v1},
    isbn = {9781713871088},
    issn = {10495258},
    arxivId = {2203.02155}
}

@article{Yao2023TreeModels,
    title = {{Tree of Thoughts: Deliberate Problem Solving with Large Language Models}},
    year = {2023},
    journal = {Advances in Neural Information Processing Systems},
    author = {Yao, Shunyu and Yu, Dian and Zhao, Jeffrey and Shafran, Izhak and Griffiths, Thomas L. and Cao, Yuan and Narasimhan, Karthik},
    month = {5},
    volume = {36},
    publisher = {Neural information processing systems foundation},
    url = {https://arxiv.org/abs/2305.10601v2},
    issn = {10495258},
    arxivId = {2305.10601}
}

@article{Sun2024TrustLLM:Models,
    title = {{TrustLLM: Trustworthiness in Large Language Models}},
    year = {2024},
    author = {Sun, Lichao and Huang, Yue and Wang, Haoran and Wu, Siyuan and Zhang, Qihui and Li, Yuan and Gao, Chujie and Huang, Yixin and Lyu, Wenhan and Zhang, Yixuan and Li, Xiner and Liu, Zhengliang and Liu, Yixin and Wang, Yijue and Zhang, Zhikun and Vidgen, Bertie and Kailkhura, Bhavya and Xiong, Caiming and Xiao, Chaowei and Li, Chunyuan and Xing, Eric and Huang, Furong and Liu, Hao and Ji, Heng and Wang, Hongyi and Zhang, Huan and Yao, Huaxiu and Kellis, Manolis and Zitnik, Marinka and Jiang, Meng and Bansal, Mohit and Zou, James and Pei, Jian and Liu, Jian and Gao, Jianfeng and Han, Jiawei and Zhao, Jieyu and Tang, Jiliang and Wang, Jindong and Vanschoren, Joaquin and Mitchell, John and Shu, Kai and Xu, Kaidi and Chang, Kai-Wei and He, Lifang and Huang, Lifu and Backes, Michael and Gong, Neil Zhenqiang and Yu, Philip S. and Chen, Pin-Yu and Gu, Quanquan and Xu, Ran and Ying, Rex and Ji, Shuiwang and Jana, Suman and Chen, Tianlong and Liu, Tianming and Zhou, Tianyi and Wang, William and Li, Xiang and Zhang, Xiangliang and Wang, Xiao and Xie, Xing and Chen, Xun and Wang, Xuyu and Liu, Yan and Ye, Yanfang and Cao, Yinzhi and Chen, Yong and Zhao, Yue},
    month = {1},
    pages = {40},
    url = {http://arxiv.org/abs/2401.05561},
    arxivId = {2401.05561v2}
}

@article{Liu2021TrustworthyPerspective,
    title = {{Trustworthy AI: A Computational Perspective; Trustworthy AI: A Computational Perspective}},
    year = {2021},
    author = {Liu, Haochen and Wang, Yiqi and Jain, Shaili and Yunhao Liu, Usa and Li, Yaxin and Tang, Jiliang and Fan, Wenqi and Liu, Xiaorui and Liu, Yunhao and Jain, Anil K},
    number = {1},
    volume = {1},
    url = {https://doi.org/10.1145/nnnnnnn.nnnnnnn},
    doi = {10.1145/nnnnnnn.nnnnnnn},
    arxivId = {2107.06641v3},
    keywords = {accountability, artificial intelligence, environmental well-being, explainability, fairness, privacy, robustness}
}

@article{Wang2020UnderstandingHypersphere,
    title = {{Understanding Contrastive Representation Learning through Alignment and Uniformity on the Hypersphere}},
    year = {2020},
    journal = {37th International Conference on Machine Learning, ICML 2020},
    author = {Wang, Tongzhou and Isola, Phillip},
    month = {5},
    pages = {9871--9881},
    volume = {PartF168147-13},
    publisher = {International Machine Learning Society (IMLS)},
    url = {https://arxiv.org/abs/2005.10242v10},
    isbn = {9781713821120},
    arxivId = {2005.10242}
}

@techreport{YuUnderstandingBeyond,
    title = {{Understanding Robust Overfitting of Adversarial Training and Beyond}},
    author = {Yu, Chaojian and Han, Bo and Shen, Li and Yu, Jun and Gong, Chen and Gong, Mingming and Liu, Tongliang}
}

@article{Yu2022UnderstandingBeyond,
    title = {{Understanding Robust Overfitting of Adversarial Training and Beyond}},
    year = {2022},
    author = {Yu, Chaojian and Han, Bo and Shen, Li and Yu, Jun and Gong, Chen and Gong, Mingming and Liu, Tongliang},
    month = {6},
    url = {http://arxiv.org/abs/2206.08675},
    arxivId = {2206.08675}
}

@article{Nagarajan2020UnderstandingGeneralization,
    title = {{Understanding the Failure Modes of Out-of-Distribution Generalization}},
    year = {2020},
    journal = {ICLR 2021 - 9th International Conference on Learning Representations},
    author = {Nagarajan, Vaishnavh and Neyshabur, Behnam and Andreassen, Anders},
    month = {10},
    publisher = {International Conference on Learning Representations, ICLR},
    url = {https://arxiv.org/abs/2010.15775v2},
    arxivId = {2010.15775}
}

@article{Hu2022UnderstandingDisparity,
    title = {{Understanding the Impact of Adversarial Robustness on Accuracy Disparity}},
    year = {2022},
    author = {Hu, Yuzheng and Wu, Fan and Zhang, Hongyang and Zhao, Han},
    month = {11},
    url = {https://arxiv.org/abs/2211.15762v2},
    arxivId = {2211.15762}
}

@article{Song2019UnderstandingEstimators,
    title = {{Understanding the Limitations of Variational Mutual Information Estimators}},
    year = {2019},
    journal = {8th International Conference on Learning Representations, ICLR 2020},
    author = {Song, Jiaming and Ermon, Stefano},
    month = {10},
    publisher = {International Conference on Learning Representations, ICLR},
    url = {https://arxiv.org/abs/1910.06222v2},
    arxivId = {1910.06222}
}

@article{Moosavi-Dezfooli2016UniversalPerturbations,
    title = {{Universal adversarial perturbations}},
    year = {2016},
    author = {Moosavi-Dezfooli, Seyed-Mohsen and Fawzi, Alhussein and Fawzi, Omar and Frossard, Pascal},
    month = {10},
    url = {http://arxiv.org/abs/1610.08401},
    doi = {10.48550/arxiv.1610.08401},
    arxivId = {1610.08401}
}

@article{Zou2023UniversalModels,
    title = {{Universal and Transferable Adversarial Attacks on Aligned Language Models}},
    year = {2023},
    author = {Zou, Andy and Wang, Zifan and Carlini, Nicholas and Nasr, Milad and Kolter, J. Zico and Fredrikson, Matt},
    month = {7},
    url = {https://arxiv.org/abs/2307.15043v2},
    arxivId = {2307.15043}
}

@article{Rando2023UniversalFeedback,
    title = {{Universal Jailbreak Backdoors from Poisoned Human Feedback}},
    year = {2023},
    author = {Rando, Javier and Tram{\`{e}}r, Florian},
    month = {11},
    url = {https://arxiv.org/abs/2311.14455v4},
    arxivId = {2311.14455}
}

@article{Navarin2019UniversalNetworks,
    title = {{Universal Readout for Graph Convolutional Neural Networks}},
    year = {2019},
    journal = {Proceedings of the International Joint Conference on Neural Networks},
    author = {Navarin, Nicolo and Tran, DInh Van and Sperduti, Alessandro},
    month = {7},
    volume = {2019-July},
    publisher = {Institute of Electrical and Electronics Engineers Inc.},
    isbn = {9781728119854},
    doi = {10.1109/IJCNN.2019.8852103},
    keywords = {learning representations for structured data, machine learning for structured data, neural networks for graphs}
}

@article{Li2020VerifyingExamples,
    title = {{Verifying the Causes of Adversarial Examples}},
    year = {2020},
    journal = {Proceedings - International Conference on Pattern Recognition},
    author = {Li, Honglin and Fan, Yifei and Ganz, Frieder and Yezzi, Anthony and Barnaghi, Payam},
    month = {10},
    pages = {6750--6757},
    publisher = {Institute of Electrical and Electronics Engineers Inc.},
    url = {https://arxiv.org/abs/2010.09633v1},
    isbn = {9781728188089},
    doi = {10.48550/arxiv.2010.09633},
    issn = {10514651},
    arxivId = {2010.09633}
}

@article{BockVietnamProblems,
    title = {{Vietnam Journal of Mathematics A Flow Perspective on Nonlinear Least-Squares Problems}},
    author = {Bock, Hans Georg and Urgen Gutekunst, J Â¨ and Potschka, Andreas and Mar{\'{i}}a, Â· and Suar{\'{e}}z, Elena and Suar{\'{e}}z, SuarÂ´ and GarcÂ´garc{\'{e}}s, GarcÃ©s and Gutekunst, JÃ¼rgen and Elena, MarÃ­a and Garc{\'{e}}s, SuarÃ©z and Bock, H G},
    url = {https://doi.org/10.1007/s10013-020-00441-z},
    doi = {10.1007/s10013-020-00441-z},
    keywords = {58C15, 65H20, 65K05, 65L07, Continuous flows, Gau{\ss}âNewton, Globalization, Nonlinear least squares}
}

@article{Zhao2024Weak-to-StrongModels,
    title = {{Weak-to-Strong Jailbreaking on Large Language Models}},
    year = {2024},
    author = {Zhao, Xuandong and Yang, Xianjun and Pang, Tianyu and Du, Chao and Li, Lei and Wang, Yu-Xiang and Wang, William Yang},
    month = {1},
    url = {https://arxiv.org/abs/2401.17256v2},
    arxivId = {2401.17256}
}

@article{Li2023WhyTraining,
    title = {{Why Clean Generalization and Robust Overfitting Both Happen in Adversarial Training}},
    year = {2023},
    author = {Li, Binghui and Li, Yuanzhi},
    month = {6},
    url = {https://arxiv.org/abs/2306.01271v1},
    arxivId = {2306.01271}
}

@article{XingWhyRobustness,
    title = {{Why Do Artificially Generated Data Help Adversarial Robustness?}},
    author = {Xing, Yue and Song, Qifan and Cheng, Guang},
    url = {https://robustbench.github.io}
}