@article{deng2021rmt,
  title={RMT: Rule-based metamorphic testing for autonomous driving models},
  author={Deng, Yao and Zheng, Xi and Zhang, Tianyi and Lou, Guannan and Liu, Huai and Kim, Miryung},
  journal={arXiv},
  pages={1--12},
  year={2021},
  publisher={arXiv. org}
}

@inproceedings{gambi2019generating,
  title={Generating effective test cases for self-driving cars from police reports},
  author={Gambi, Alessio and Huynh, Tri and Fraser, Gordon},
  booktitle={Proceedings of the 2019 27th ACM Joint Meeting on European Software Engineering Conference and Symposium on the Foundations of Software Engineering},
  pages={257--267},
  year={2019}
}

@inproceedings{sun2022lawbreaker,
  title={LawBreaker: An Approach for Specifying Traffic Laws and Fuzzing Autonomous Vehicles},
  author={Sun, Yang and Poskitt, Christopher M and Sun, Jun and Chen, Yuqi and Yang, Zijiang},
  booktitle={Proceedings of the International Conference on Automated Software Engineering},
  year={2022}
}

@article{tan2023language,
  title={Language conditioned traffic generation},
  author={Tan, Shuhan and Ivanovic, Boris and Weng, Xinshuo and Pavone, Marco and Kraehenbuehl, Philipp},
  journal={arXiv preprint arXiv:2307.07947},
  year={2023}
}

@inproceedings{wang2022adept,
  title={ADEPT: A testing platform for simulated autonomous driving},
  author={Wang, Sen and Sheng, Zhuheng and Xu, Jingwei and Chen, Taolue and Zhu, Junjun and Zhang, Shuhui and Yao, Yuan and Ma, Xiaoxing},
  booktitle={Proceedings of the 37th IEEE/ACM International Conference on Automated Software Engineering},
  pages={1--4},
  year={2022}
}

@inproceedings{zhang2023building,
  title={Building critical testing scenarios for autonomous driving from real accidents},
  author={Zhang, Xudong and Cai, Yan},
  booktitle={Proceedings of the 32nd ACM SIGSOFT International Symposium on Software Testing and Analysis},
  pages={462--474},
  year={2023}
}

