@article{general_intro,
  title={A gentle introduction to graph neural networks},
  author={Sanchez-Lengeling, Benjamin and Reif, Emily and Pearce, Adam and Wiltschko, Alexander B},
  journal={Distill},
  volume={6},
  number={9},
  pages={e33},
  year={2021}
}

@article{gnnexplainer,
  title={GNNExplainer: Generating Explanations for Graph Neural Networks},
  author={Ying, Rex and Bourgeois, Dylan and You, Jiaxuan and Zitnik, Marinka and Leskovec, Jure},
  journal={Advances in neural information processing systems},
  volume={32},
  pages={9240},
  year={2019},
  publisher={NIH Public Access}
}

@misc{GCN,
      title={Semi-Supervised Classification with Graph Convolutional Networks}, 
      author={Thomas N. Kipf and Max Welling},
      year={2017},
      eprint={1609.02907},
      archivePrefix={arXiv},
      primaryClass={cs.LG},
      url={https://arxiv.org/abs/1609.02907}, 
}

@article{GraphSage,
  title={Inductive representation learning on large graphs},
  author={Hamilton, Will and Ying, Zhitao and Leskovec, Jure},
  journal={Advances in neural information processing systems},
  volume={30},
  year={2017}
}

@article{GIN,
  title={How powerful are graph neural networks?},
  author={Xu, Keyulu and Hu, Weihua and Leskovec, Jure and Jegelka, Stefanie},
  journal={arXiv preprint arXiv:1810.00826},
  year={2018}
}

@article{GAT,
  title={Graph attention networks},
  author={Velickovic, Petar and Cucurull, Guillem and Casanova, Arantxa and Romero, Adriana and Lio, Pietro and Bengio, Yoshua and others},
  journal={stat},
  volume={1050},
  number={20},
  pages={10--48550},
  year={2017}
}

@article{gn,
  title={Relational inductive biases, deep learning, and graph networks},
  author={Battaglia, Peter W and Hamrick, Jessica B and Bapst, Victor and Sanchez-Gonzalez, Alvaro and Zambaldi, Vinicius and Malinowski, Mateusz and Tacchetti, Andrea and Raposo, David and Santoro, Adam and Faulkner, Ryan and others},
  journal={arXiv preprint arXiv:1806.01261},
  year={2018}
}

@inproceedings{virtualnode,
    author = {Gilmer, Justin and Schoenholz, Samuel S. and Riley, Patrick F. and Vinyals, Oriol and Dahl, George E.},
    title = {Neural message passing for Quantum chemistry},
    year = {2017},
    publisher = {JMLR.org},
    booktitle = {Proceedings of the 34th International Conference on Machine Learning - Volume 70},
    pages = {1263–1272},
    numpages = {10},
    location = {Sydney, NSW, Australia},
    series = {ICML'17}
}
@inproceedings{tensorflow,
  title={TensorFlow: a system for Large-Scale machine learning},
  author={Abadi, Mart{\'\i}n and Barham, Paul and Chen, Jianmin and Chen, Zhifeng and Davis, Andy and Dean, Jeffrey and Devin, Matthieu and Ghemawat, Sanjay and Irving, Geoffrey and Isard, Michael and others},
  booktitle={12th USENIX symposium on operating systems design and implementation (OSDI 16)},
  pages={265--283},
  year={2016}
}

@article{pytorch,
  title={Pytorch: An imperative style, high-performance deep learning library},
  author={Paszke, Adam and Gross, Sam and Massa, Francisco and Lerer, Adam and Bradbury, James and Chanan, Gregory and Killeen, Trevor and Lin, Zeming and Gimelshein, Natalia and Antiga, Luca and others},
  journal={Advances in neural information processing systems},
  volume={32},
  year={2019}
}

@book{keras,
  title={Deep learning with Keras},
  author={Gulli, Antonio and Pal, Sujit},
  year={2017},
  publisher={Packt Publishing Ltd}
}

@article{mxnet,
  title={MXNet: A Flexible and Efficient Machine Learning Library for Heterogeneous Distributed Systems},
  author={Tianqi Chen and Mu Li and Yutian Li and Min Lin and Naiyan Wang and Minjie Wang and Tianjun Xiao and Bing Xu and Chiyuan Zhang and Zheng Zhang},
  journal={ArXiv},
  year={2015},
  volume={abs/1512.01274},
  url={https://api.semanticscholar.org/CorpusID:1507815}
}

@article{paddlepaddle,
  title={PaddlePaddle: An open-source deep learning platform from industrial practice},
  author={Ma, Yanjun and Yu, Dianhai and Wu, Tian and Wang, Haifeng},
  journal={Frontiers of Data and Domputing},
  volume={1},
  number={1},
  pages={105--115},
  year={2019}
}

@article{adam,
  title={Adam: A method for stochastic optimization},
  author={Kingma, Diederik P and Ba, Jimmy},
  journal={arXiv preprint arXiv:1412.6980},
  year={2014}
}

@article{minmax,
  title={Normalization: A Preprocessing Stage},
  author={S.Gopal and Krishna Patro and Kishore Kumar Sahu},
  journal={ArXiv},
  year={2015},
  volume={abs/1503.06462},
  url={https://api.semanticscholar.org/CorpusID:16159835}
}

@inproceedings{Xgboost,
  title={Xgboost: A scalable tree boosting system},
  author={Chen, Tianqi and Guestrin, Carlos},
  booktitle={Proceedings of the 22nd acm sigkdd international conference on knowledge discovery and data mining},
  pages={785--794},
  year={2016}
}

@article{randomforest,
  title={Classification and regression by randomForest},
  author={Liaw, Andy and Wiener, Matthew and others},
  journal={R news},
  volume={2},
  number={3},
  pages={18--22},
  year={2002}
}

@book{mlp,
  title={Neural networks: a comprehensive foundation},
  author={Haykin, Simon},
  year={1998},
  publisher={Prentice Hall PTR}
}

@article{CNN,
  title={Imagenet classification with deep convolutional neural networks},
  author={Krizhevsky, Alex and Sutskever, Ilya and Hinton, Geoffrey E},
  journal={Advances in neural information processing systems},
  volume={25},
  year={2012}
}

@article{RNN,
  title={Neural networks and physical systems with emergent collective computational abilities.},
  author={Hopfield, John J},
  journal={Proceedings of the national academy of sciences},
  volume={79},
  number={8},
  pages={2554--2558},
  year={1982},
  publisher={National Acad Sciences}
}

@inproceedings{regnet,
  author={Radosavovic, Ilija and Kosaraju, Raj Prateek and Girshick, Ross and He, Kaiming and Dollár, Piotr},
  booktitle={2020 IEEE/CVF Conference on Computer Vision and Pattern Recognition (CVPR)}, 
  title={Designing Network Design Spaces}, 
  year={2020},
  volume={},
  number={},
  pages={10425-10433},
  keywords={Computational modeling;Manuals;Tools;Sociology;Statistics;Training;Visualization},
  doi={10.1109/CVPR42600.2020.01044}
}

@inproceedings{googlenet,
  title={Going deeper with convolutions},
  author={Szegedy, Christian and Liu, Wei and Jia, Yangqing and Sermanet, Pierre and Reed, Scott and Anguelov, Dragomir and Erhan, Dumitru and Vanhoucke, Vincent and Rabinovich, Andrew},
  booktitle={Proceedings of the IEEE conference on computer vision and pattern recognition},
  pages={1--9},
  year={2015}
}

@inproceedings{vggnet,
  author       = {Karen Simonyan and
                  Andrew Zisserman},
  editor       = {Yoshua Bengio and
                  Yann LeCun},
  title        = {Very Deep Convolutional Networks for Large-Scale Image Recognition},
  booktitle    = {3rd International Conference on Learning Representations, {ICLR} 2015,
                  San Diego, CA, USA, May 7-9, 2015, Conference Track Proceedings},
  year         = {2015},
  url          = {http://arxiv.org/abs/1409.1556},
  timestamp    = {Wed, 17 Jul 2019 10:40:54 +0200},
  biburl       = {https://dblp.org/rec/journals/corr/SimonyanZ14a.bib},
  bibsource    = {dblp computer science bibliography, https://dblp.org}
}

@inproceedings{resnet,
  title={Deep residual learning for image recognition},
  author={He, Kaiming and Zhang, Xiangyu and Ren, Shaoqing and Sun, Jian},
  booktitle={Proceedings of the IEEE conference on computer vision and pattern recognition},
  pages={770--778},
  year={2016}
}

@inproceedings{resnext,
  title={Aggregated residual transformations for deep neural networks},
  author={Xie, Saining and Girshick, Ross and Doll{\'a}r, Piotr and Tu, Zhuowen and He, Kaiming},
  booktitle={Proceedings of the IEEE conference on computer vision and pattern recognition},
  pages={1492--1500},
  year={2017}
}

@inproceedings{densenet,
  title={Densely connected convolutional networks},
  author={Huang, Gao and Liu, Zhuang and Van Der Maaten, Laurens and Weinberger, Kilian Q},
  booktitle={Proceedings of the IEEE conference on computer vision and pattern recognition},
  pages={4700--4708},
  year={2017}
}

@article{Mobilenets,
  title={Mobilenets: Efficient convolutional neural networks for mobile vision applications},
  author={Howard, Andrew G and Zhu, Menglong and Chen, Bo and Kalenichenko, Dmitry and Wang, Weijun and Weyand, Tobias and Andreetto, Marco and Adam, Hartwig},
  journal={arXiv preprint arXiv:1704.04861},
  year={2017}
}

@inproceedings{pcgrad,
    author = {Yu, Tianhe and Kumar, Saurabh and Gupta, Abhishek and Levine, Sergey and Hausman, Karol and Finn, Chelsea},
    title = {Gradient surgery for multi-task learning},
    year = {2020},
    publisher = {Curran Associates Inc.},
    address = {Red Hook, NY, USA},
    booktitle = {Proceedings of the 34th International Conference on Neural Information Processing Systems},
    articleno = {489},
    pages = {13},
    series = {NIPS '20}
}

@article{mtlsurvey1,
  title={A review on multi-label learning algorithms},
  author={Zhang, Min-Ling and Zhou, Zhi-Hua},
  journal={IEEE transactions on knowledge and data engineering},
  volume={26},
  number={8},
  pages={1819--1837},
  year={2013},
  publisher={IEEE}
}

@article{mtlsurvey2,
  title={An overview of multi-task learning in deep neural networks},
  author={Ruder, Sebastian},
  journal={arXiv preprint arXiv:1706.05098},
  year={2017}
}

@article{mtlsurvey3,
  title={A survey on multi-task learning},
  author={Zhang, Yu and Yang, Qiang},
  journal={IEEE Transactions on Knowledge and Data Engineering},
  volume={34},
  number={12},
  pages={5586--5609},
  year={2021},
  publisher={IEEE}
}

@inproceedings{nas-bench,
    title={NAS-Bench-201: Extending the Scope of Reproducible Neural Architecture Search},
    author={Xuanyi Dong and Yi Yang},
    booktitle={International Conference on Learning Representations},
    year={2020},
    url={https://openreview.net/forum?id=HJxyZkBKDr}
}

@misc{latencyaware-nas,
      title={Latency-Aware Neural Architecture Search with Multi-Objective Bayesian Optimization}, 
      author={David Eriksson and Pierce I-Jen Chuang and Samuel Daulton and Peng Xia and Akshat Shrivastava and Arun Babu and Shicong Zhao and Ahmed Aly and Ganesh Venkatesh and Maximilian Balandat},
      year={2021},
      eprint={2106.11890},
      archivePrefix={arXiv},
      primaryClass={cs.LG}
}

@misc{sas-nas,
      title={SpArSe: Sparse Architecture Search for CNNs on Resource-Constrained Microcontrollers}, 
      author={Igor Fedorov and Ryan P. Adams and Matthew Mattina and Paul N. Whatmough},
      year={2019},
      eprint={1905.12107},
      archivePrefix={arXiv},
      primaryClass={cs.LG}
}

@misc{micronets-nas,
      title={MicroNets: Neural Network Architectures for Deploying TinyML Applications on Commodity Microcontrollers}, 
      author={Colby Banbury and Chuteng Zhou and Igor Fedorov and Ramon Matas Navarro and Urmish Thakker and Dibakar Gope and Vijay Janapa Reddi and Matthew Mattina and Paul N. Whatmough},
      year={2021},
      eprint={2010.11267},
      archivePrefix={arXiv},
      primaryClass={cs.LG}
}

@inproceedings{Chronus,
  title={Chronus: A novel deadline-aware scheduler for deep learning training jobs},
  author={Gao, Wei and Ye, Zhisheng and Sun, Peng and Wen, Yonggang and Zhang, Tianwei},
  booktitle={Proceedings of the ACM Symposium on Cloud Computing},
  pages={609--623},
  year={2021}
}

@article{Liquid,
  title={Liquid: Intelligent resource estimation and network-efficient scheduling for deep learning jobs on distributed gpu clusters},
  author={Gu, Rong and Chen, Yuquan and Liu, Shuai and Dai, Haipeng and Chen, Guihai and Zhang, Kai and Che, Yang and Huang, Yihua},
  journal={IEEE Transactions on Parallel and Distributed Systems},
  volume={33},
  number={11},
  pages={2808--2820},
  year={2021},
  publisher={IEEE}
}

@article{Horus,
  title={Horus: Interference-aware and prediction-based scheduling in deep learning systems},
  author={Yeung, Gingfung and Borowiec, Damian and Yang, Renyu and Friday, Adrian and Harper, Richard and Garraghan, Peter},
  journal={IEEE Transactions on Parallel and Distributed Systems},
  volume={33},
  number={1},
  pages={88--100},
  year={2021},
  publisher={IEEE}
}

@inproceedings{sigmetric-driple,
  author       = {Gyeongsik Yang and
                  Changyong Shin and
                  Jeunghwan Lee and
                  Yeonho Yoo and
                  Chuck Yoo},
  title        = {Prediction of the Resource Consumption of Distributed Deep Learning
                  Systems},
  booktitle    = {{SIGMETRICS/PERFORMANCE} '22: {ACM} {SIGMETRICS/IFIP} {PERFORMANCE}
                  Joint International Conference on Measurement and Modeling of Computer
                  Systems, Mumbai, India, June 6 - 10, 2022},
  pages        = {69--70},
  publisher    = {{ACM}},
  year         = {2022},
  url          = {https://doi.org/10.1145/3489048.3530962},
  doi          = {10.1145/3489048.3530962},
}

@inproceedings{Towards,
  title={Towards $\{$GPU$\}$ utilization prediction for cloud deep learning},
  author={Yeung, Gingfung and Borowiec, Damian and Friday, Adrian and Harper, Richard and Garraghan, Peter},
  booktitle={12th USENIX Workshop on Hot Topics in Cloud Computing (HotCloud 20)},
  year={2020}
}

@inproceedings{justus,
  title={Predicting the computational cost of deep learning models},
  author={Justus, Daniel and Brennan, John and Bonner, Stephen and McGough, Andrew Stephen},
  booktitle={2018 IEEE international conference on big data (Big Data)},
  pages={3873--3882},
  year={2018},
  organization={IEEE}
}

@article{Brp-nas,
  title={Brp-nas: Prediction-based nas using gcns},
  author={Dudziak, Lukasz and Chau, Thomas and Abdelfattah, Mohamed and Lee, Royson and Kim, Hyeji and Lane, Nicholas},
  journal={Advances in Neural Information Processing Systems},
  volume={33},
  pages={10480--10490},
  year={2020}
}

@inproceedings{Nn-meter,
  title={Nn-meter: Towards accurate latency prediction of deep-learning model inference on diverse edge devices},
  author={Zhang, Li Lyna and Han, Shihao and Wei, Jianyu and Zheng, Ningxin and Cao, Ting and Yang, Yuqing and Liu, Yunxin},
  booktitle={Proceedings of the 19th Annual International Conference on Mobile Systems, Applications, and Services},
  pages={81--93},
  year={2021}
}

@inproceedings{dnnperf,
  title={Runtime performance prediction for deep learning models with graph neural network},
  author={Gao, Yanjie and Gu, Xianyu and Zhang, Hongyu and Lin, Haoxiang and Yang, Mao},
  booktitle={2023 IEEE/ACM 45th International Conference on Software Engineering: Software Engineering in Practice (ICSE-SEIP)},
  pages={368--380},
  year={2023},
  organization={IEEE}
}

@inproceedings{DIPPM,
  title={DIPPM: A Deep Learning Inference Performance Predictive Model Using Graph Neural Networks},
  author={Panner Selvam, Karthick and Brorsson, Mats},
  booktitle={European Conference on Parallel Processing},
  pages={3--16},
  year={2023}
}

@article{PerfSAGE,
  title={PerfSAGE: Generalized Inference Performance Predictor for Arbitrary Deep Learning Models on Edge Devices},
  author={Chai, Yuji and Tripathy, Devashree and Zhou, Chuteng and Gope, Dibakar and Fedorov, Igor and Matas, Ramon and Brooks, David and Wei, Gu-Yeon and Whatmough, Paul},
  journal={arXiv preprint arXiv:2301.10999},
  year={2023}
}
@article{facebooktracks,
  title={Deep learning inference in facebook data centers: Characterization, performance optimizations and hardware implications},
  author={Park, Jongsoo and Naumov, Maxim and Basu, Protonu and Deng, Summer and Kalaiah, Aravind and Khudia, Daya and Law, James and Malani, Parth and Malevich, Andrey and Nadathur, Satish and others},
  journal={arXiv preprint arXiv:1811.09886},
  year={2018}
}

@inproceedings{alitracks,
  title={Characterizing deep learning training workloads on alibaba-pai},
  author={Wang, Mengdi and Meng, Chen and Long, Guoping and Wu, Chuan and Yang, Jun and Lin, Wei and Jia, Yangqing},
  booktitle={2019 IEEE international symposium on workload characterization (IISWC)},
  pages={189--202},
  year={2019},
  organization={IEEE}
}

@article{schedulersurvey,
  title={Deep learning workload scheduling in gpu datacenters: Taxonomy, challenges and vision},
  author={Gao, Wei and Hu, Qinghao and Ye, Zhisheng and Sun, Peng and Wang, Xiaolin and Luo, Yingwei and Zhang, Tianwei and Wen, Yonggang},
  journal={arXiv preprint arXiv:2205.11913},
  year={2022}
}

@article{dl2,
  title={Dl2: A deep learning-driven scheduler for deep learning clusters},
  author={Peng, Yanghua and Bao, Yixin and Chen, Yangrui and Wu, Chuan and Meng, Chen and Lin, Wei},
  journal={IEEE Transactions on Parallel and Distributed Systems},
  volume={32},
  number={8},
  pages={1947--1960},
  year={2021},
  publisher={IEEE},
}

@inproceedings{optimus,
  title={Optimus: an Optimus dynamic resource scheduler for deep learning clusters},
  author={Peng, Yanghua and Bao, Yixin and Chen, Yangrui and Wu, Chuan and Guo, Chuanxiong},
  booktitle={Proceedings of the Thirteenth EuroSys Conference},
  pages={1--14},
  year={2018}
}

@inproceedings{gandiva,
  title={Gandiva: Introspective cluster scheduling for deep learning},
  author={Xiao, Wencong and Bhardwaj, Romil and Ramjee, Ramachandran and Sivathanu, Muthian and Kwatra, Nipun and Han, Zhenhua and Patel, Pratyush and Peng, Xuan and Zhao, Hanyu and Zhang, Quanlu and others},
  booktitle={13th USENIX Symposium on Operating Systems Design and Implementation (OSDI 18)},
  pages={595--610},
  year={2018}
}

@inproceedings{prophet,
  title={Prophet: Precise qos prediction on non-preemptive accelerators to improve utilization in warehouse-scale computers},
  author={Chen, Quan and Yang, Hailong and Guo, Minyi and Kannan, Ram Srivatsa and Mars, Jason and Tang, Lingjia},
  booktitle={Proceedings of the Twenty-Second International Conference on Architectural Support for Programming Languages and Operating Systems},
  pages={17--32},
  year={2017}
}

@article{Baymax,
  title={Baymax: Qos awareness and increased utilization for non-preemptive accelerators in warehouse scale computers},
  author={Chen, Quan and Yang, Hailong and Mars, Jason and Tang, Lingjia},
  journal={ACM SIGPLAN Notices},
  volume={51},
  number={4},
  pages={681--696},
  year={2016},
  publisher={ACM New York, NY, USA}
}

@inproceedings{Interference-driven,
  title={Interference-driven resource management for GPU-based heterogeneous clusters},
  author={Phull, Rajat and Li, Cheng-Hong and Rao, Kunal and Cadambi, Hari and Chakradhar, Srimat},
  booktitle={Proceedings of the 21st international symposium on High-Performance Parallel and Distributed Computing},
  pages={109--120},
  year={2012}
}

@inproceedings{Mystic,
  title={Mystic: Predictive scheduling for gpu based cloud servers using machine learning},
  author={Ukidave, Yash and Li, Xiangyu and Kaeli, David},
  booktitle={2016 IEEE International Parallel anchd Distributed Processing Symposium (IPDPS)},
  pages={353--362},
  year={2016},
  organization={IEEE}
}

@article{SJF,
  title={The complexity of flowshop and jobshop scheduling},
  author={Garey, Michael R and Johnson, David S and Sethi, Ravi},
  journal={Mathematics of operations research},
  volume={1},
  number={2},
  pages={117--129},
  year={1976},
  publisher={INFORMS}
}

@inproceedings{DRF,
    author = {Ghodsi, Ali and Zaharia, Matei and Hindman, Benjamin and Konwinski, Andy and Shenker, Scott and Stoica, Ion},
    title = {Dominant resource fairness: fair allocation of multiple resource types},
    year = {2011},
    publisher = {USENIX Association},
    address = {USA},
    booktitle = {Proceedings of the 8th USENIX Conference on Networked Systems Design and Implementation},
    pages = {323–336},
    numpages = {14},
    location = {Boston, MA},
    series = {NSDI'11}
}

@inproceedings{Tiresias,
  title={Tiresias: A $\{$GPU$\}$ cluster manager for distributed deep learning},
  author={Gu, Juncheng and Chowdhury, Mosharaf and Shin, Kang G and Zhu, Yibo and Jeon, Myeongjae and Qian, Junjie and Liu, Hongqiang and Guo, Chuanxiong},
  booktitle={16th USENIX Symposium on Networked Systems Design and Implementation (NSDI 19)},
  pages={485--500},
  year={2019}
}

@inproceedings{kubeshare,
    author = {Yeh, Ting-An and Chen, Hung-Hsin and Chou, Jerry},
    title = {KubeShare: A Framework to Manage GPUs as First-Class and Shared Resources in Container Cloud},
    year = {2020},
    isbn = {9781450370523},
    publisher = {Association for Computing Machinery},
    address = {New York, NY, USA},
    url = {https://doi.org/10.1145/3369583.3392679},
    doi = {10.1145/3369583.3392679},
    booktitle = {Proceedings of the 29th International Symposium on High-Performance Parallel and Distributed Computing},
    pages = {173–184},
    numpages = {12},
    keywords = {scheduling, container, cloud computing, GPU},
    location = {Stockholm, Sweden},
    series = {HPDC '20}
}

@inproceedings{antman,
    author = {Xiao, Wencong and Ren, Shiru and Li, Yong and Zhang, Yang and Hou, Pengyang and Li, Zhi and Feng, Yihui and Lin, Wei and Jia, Yangqing},
    title = {AntMan: dynamic scaling on GPU clusters for deep learning},
    year = {2020},
    isbn = {978-1-939133-19-9},
    publisher = {USENIX Association},
    address = {USA},
    booktitle = {Proceedings of the 14th USENIX Conference on Operating Systems Design and Implementation},
    articleno = {30},
    numpages = {16},
    series = {OSDI'20}
}

@ARTICLE{wamp2s,
  author={Yao, Yuan and Liu, Shuangyang and Wu, Sikai and Wang, Jinyu and Ni, Jinting and Yang, Gang and Zhang, Yu},
  journal={IEEE Transactions on Parallel and Distributed Systems}, 
  title={WAMP$^2$2S: Workload-Aware GPU Performance Model Based Pseudo-Preemptive Real-Time Scheduling for the Airborne Embedded System}, 
  year={2022},
  volume={33},
  number={11},
  pages={2767-2780},
  keywords={Graphics processing units;Real-time systems;Kernel;Embedded systems;Atmospheric modeling;Predictive models;Computational modeling;Real-time scheduling;GPU performance model;embedded system;preemptive scheduling},
  doi={10.1109/TPDS.2021.3134269}
}

@inproceedings{salus,
     author = {Yu, Peifeng and Chowdhury, Mosharaf},
     booktitle = {Proceedings of Machine Learning and Systems},
     editor = {I. Dhillon and D. Papailiopoulos and V. Sze},
     pages = {98--111},
     title = {Fine-Grained GPU Sharing Primitives for Deep Learning Applications},
     url = {https://proceedings.mlsys.org/paper_files/paper/2020/file/d9cd83bc91b8c36a0c7c0fcca59228f2-Paper.pdf},
     volume = {2},
     year = {2020}
}