@article{general_intro,
  title={A gentle introduction to graph neural networks},
  author={Sanchez-Lengeling, Benjamin and Reif, Emily and Pearce, Adam and Wiltschko, Alexander B},
  journal={Distill},
  volume={6},
  number={9},
  pages={e33},
  year={2021}
}

@article{gnnexplainer,
  title={GNNExplainer: Generating Explanations for Graph Neural Networks},
  author={Ying, Rex and Bourgeois, Dylan and You, Jiaxuan and Zitnik, Marinka and Leskovec, Jure},
  journal={Advances in neural information processing systems},
  volume={32},
  pages={9240},
  year={2019},
  publisher={NIH Public Access}
}

@misc{GCN,
      title={Semi-Supervised Classification with Graph Convolutional Networks}, 
      author={Thomas N. Kipf and Max Welling},
      year={2017},
      eprint={1609.02907},
      archivePrefix={arXiv},
      primaryClass={cs.LG},
      url={https://arxiv.org/abs/1609.02907}, 
}

@article{GraphSage,
  title={Inductive representation learning on large graphs},
  author={Hamilton, Will and Ying, Zhitao and Leskovec, Jure},
  journal={Advances in neural information processing systems},
  volume={30},
  year={2017}
}

@article{GIN,
  title={How powerful are graph neural networks?},
  author={Xu, Keyulu and Hu, Weihua and Leskovec, Jure and Jegelka, Stefanie},
  journal={arXiv preprint arXiv:1810.00826},
  year={2018}
}

@article{GAT,
  title={Graph attention networks},
  author={Velickovic, Petar and Cucurull, Guillem and Casanova, Arantxa and Romero, Adriana and Lio, Pietro and Bengio, Yoshua and others},
  journal={stat},
  volume={1050},
  number={20},
  pages={10--48550},
  year={2017}
}

@article{gn,
  title={Relational inductive biases, deep learning, and graph networks},
  author={Battaglia, Peter W and Hamrick, Jessica B and Bapst, Victor and Sanchez-Gonzalez, Alvaro and Zambaldi, Vinicius and Malinowski, Mateusz and Tacchetti, Andrea and Raposo, David and Santoro, Adam and Faulkner, Ryan and others},
  journal={arXiv preprint arXiv:1806.01261},
  year={2018}
}

@inproceedings{virtualnode,
    author = {Gilmer, Justin and Schoenholz, Samuel S. and Riley, Patrick F. and Vinyals, Oriol and Dahl, George E.},
    title = {Neural message passing for Quantum chemistry},
    year = {2017},
    publisher = {JMLR.org},
    booktitle = {Proceedings of the 34th International Conference on Machine Learning - Volume 70},
    pages = {1263â€“1272},
    numpages = {10},
    location = {Sydney, NSW, Australia},
    series = {ICML'17}
}