@inproceedings{pcgrad,
    author = {Yu, Tianhe and Kumar, Saurabh and Gupta, Abhishek and Levine, Sergey and Hausman, Karol and Finn, Chelsea},
    title = {Gradient surgery for multi-task learning},
    year = {2020},
    publisher = {Curran Associates Inc.},
    address = {Red Hook, NY, USA},
    booktitle = {Proceedings of the 34th International Conference on Neural Information Processing Systems},
    articleno = {489},
    pages = {13},
    series = {NIPS '20}
}

@article{mtlsurvey1,
  title={A review on multi-label learning algorithms},
  author={Zhang, Min-Ling and Zhou, Zhi-Hua},
  journal={IEEE transactions on knowledge and data engineering},
  volume={26},
  number={8},
  pages={1819--1837},
  year={2013},
  publisher={IEEE}
}

@article{mtlsurvey2,
  title={An overview of multi-task learning in deep neural networks},
  author={Ruder, Sebastian},
  journal={arXiv preprint arXiv:1706.05098},
  year={2017}
}

@article{mtlsurvey3,
  title={A survey on multi-task learning},
  author={Zhang, Yu and Yang, Qiang},
  journal={IEEE Transactions on Knowledge and Data Engineering},
  volume={34},
  number={12},
  pages={5586--5609},
  year={2021},
  publisher={IEEE}
}
