@inproceedings{nas-bench,
    title={NAS-Bench-201: Extending the Scope of Reproducible Neural Architecture Search},
    author={Xuanyi Dong and Yi Yang},
    booktitle={International Conference on Learning Representations},
    year={2020},
    url={https://openreview.net/forum?id=HJxyZkBKDr}
}

@misc{latencyaware-nas,
      title={Latency-Aware Neural Architecture Search with Multi-Objective Bayesian Optimization}, 
      author={David Eriksson and Pierce I-Jen Chuang and Samuel Daulton and Peng Xia and Akshat Shrivastava and Arun Babu and Shicong Zhao and Ahmed Aly and Ganesh Venkatesh and Maximilian Balandat},
      year={2021},
      eprint={2106.11890},
      archivePrefix={arXiv},
      primaryClass={cs.LG}
}

@misc{sas-nas,
      title={SpArSe: Sparse Architecture Search for CNNs on Resource-Constrained Microcontrollers}, 
      author={Igor Fedorov and Ryan P. Adams and Matthew Mattina and Paul N. Whatmough},
      year={2019},
      eprint={1905.12107},
      archivePrefix={arXiv},
      primaryClass={cs.LG}
}

@misc{micronets-nas,
      title={MicroNets: Neural Network Architectures for Deploying TinyML Applications on Commodity Microcontrollers}, 
      author={Colby Banbury and Chuteng Zhou and Igor Fedorov and Ramon Matas Navarro and Urmish Thakker and Dibakar Gope and Vijay Janapa Reddi and Matthew Mattina and Paul N. Whatmough},
      year={2021},
      eprint={2010.11267},
      archivePrefix={arXiv},
      primaryClass={cs.LG}
}
