@inproceedings{Chronus,
  title={Chronus: A novel deadline-aware scheduler for deep learning training jobs},
  author={Gao, Wei and Ye, Zhisheng and Sun, Peng and Wen, Yonggang and Zhang, Tianwei},
  booktitle={Proceedings of the ACM Symposium on Cloud Computing},
  pages={609--623},
  year={2021}
}

@article{Liquid,
  title={Liquid: Intelligent resource estimation and network-efficient scheduling for deep learning jobs on distributed gpu clusters},
  author={Gu, Rong and Chen, Yuquan and Liu, Shuai and Dai, Haipeng and Chen, Guihai and Zhang, Kai and Che, Yang and Huang, Yihua},
  journal={IEEE Transactions on Parallel and Distributed Systems},
  volume={33},
  number={11},
  pages={2808--2820},
  year={2021},
  publisher={IEEE}
}

@article{Horus,
  title={Horus: Interference-aware and prediction-based scheduling in deep learning systems},
  author={Yeung, Gingfung and Borowiec, Damian and Yang, Renyu and Friday, Adrian and Harper, Richard and Garraghan, Peter},
  journal={IEEE Transactions on Parallel and Distributed Systems},
  volume={33},
  number={1},
  pages={88--100},
  year={2021},
  publisher={IEEE}
}

@inproceedings{sigmetric-driple,
  author       = {Gyeongsik Yang and
                  Changyong Shin and
                  Jeunghwan Lee and
                  Yeonho Yoo and
                  Chuck Yoo},
  title        = {Prediction of the Resource Consumption of Distributed Deep Learning
                  Systems},
  booktitle    = {{SIGMETRICS/PERFORMANCE} '22: {ACM} {SIGMETRICS/IFIP} {PERFORMANCE}
                  Joint International Conference on Measurement and Modeling of Computer
                  Systems, Mumbai, India, June 6 - 10, 2022},
  pages        = {69--70},
  publisher    = {{ACM}},
  year         = {2022},
  url          = {https://doi.org/10.1145/3489048.3530962},
  doi          = {10.1145/3489048.3530962},
}

@inproceedings{Towards,
  title={Towards $\{$GPU$\}$ utilization prediction for cloud deep learning},
  author={Yeung, Gingfung and Borowiec, Damian and Friday, Adrian and Harper, Richard and Garraghan, Peter},
  booktitle={12th USENIX Workshop on Hot Topics in Cloud Computing (HotCloud 20)},
  year={2020}
}

@inproceedings{justus,
  title={Predicting the computational cost of deep learning models},
  author={Justus, Daniel and Brennan, John and Bonner, Stephen and McGough, Andrew Stephen},
  booktitle={2018 IEEE international conference on big data (Big Data)},
  pages={3873--3882},
  year={2018},
  organization={IEEE}
}

@article{Brp-nas,
  title={Brp-nas: Prediction-based nas using gcns},
  author={Dudziak, Lukasz and Chau, Thomas and Abdelfattah, Mohamed and Lee, Royson and Kim, Hyeji and Lane, Nicholas},
  journal={Advances in Neural Information Processing Systems},
  volume={33},
  pages={10480--10490},
  year={2020}
}

@inproceedings{Nn-meter,
  title={Nn-meter: Towards accurate latency prediction of deep-learning model inference on diverse edge devices},
  author={Zhang, Li Lyna and Han, Shihao and Wei, Jianyu and Zheng, Ningxin and Cao, Ting and Yang, Yuqing and Liu, Yunxin},
  booktitle={Proceedings of the 19th Annual International Conference on Mobile Systems, Applications, and Services},
  pages={81--93},
  year={2021}
}

@inproceedings{dnnperf,
  title={Runtime performance prediction for deep learning models with graph neural network},
  author={Gao, Yanjie and Gu, Xianyu and Zhang, Hongyu and Lin, Haoxiang and Yang, Mao},
  booktitle={2023 IEEE/ACM 45th International Conference on Software Engineering: Software Engineering in Practice (ICSE-SEIP)},
  pages={368--380},
  year={2023},
  organization={IEEE}
}

@inproceedings{DIPPM,
  title={DIPPM: A Deep Learning Inference Performance Predictive Model Using Graph Neural Networks},
  author={Panner Selvam, Karthick and Brorsson, Mats},
  booktitle={European Conference on Parallel Processing},
  pages={3--16},
  year={2023}
}

@article{PerfSAGE,
  title={PerfSAGE: Generalized Inference Performance Predictor for Arbitrary Deep Learning Models on Edge Devices},
  author={Chai, Yuji and Tripathy, Devashree and Zhou, Chuteng and Gope, Dibakar and Fedorov, Igor and Matas, Ramon and Brooks, David and Wei, Gu-Yeon and Whatmough, Paul},
  journal={arXiv preprint arXiv:2301.10999},
  year={2023}
}