@article{facebooktracks,
  title={Deep learning inference in facebook data centers: Characterization, performance optimizations and hardware implications},
  author={Park, Jongsoo and Naumov, Maxim and Basu, Protonu and Deng, Summer and Kalaiah, Aravind and Khudia, Daya and Law, James and Malani, Parth and Malevich, Andrey and Nadathur, Satish and others},
  journal={arXiv preprint arXiv:1811.09886},
  year={2018}
}

@inproceedings{alitracks,
  title={Characterizing deep learning training workloads on alibaba-pai},
  author={Wang, Mengdi and Meng, Chen and Long, Guoping and Wu, Chuan and Yang, Jun and Lin, Wei and Jia, Yangqing},
  booktitle={2019 IEEE international symposium on workload characterization (IISWC)},
  pages={189--202},
  year={2019},
  organization={IEEE}
}

@article{schedulersurvey,
  title={Deep learning workload scheduling in gpu datacenters: Taxonomy, challenges and vision},
  author={Gao, Wei and Hu, Qinghao and Ye, Zhisheng and Sun, Peng and Wang, Xiaolin and Luo, Yingwei and Zhang, Tianwei and Wen, Yonggang},
  journal={arXiv preprint arXiv:2205.11913},
  year={2022}
}

@article{dl2,
  title={Dl2: A deep learning-driven scheduler for deep learning clusters},
  author={Peng, Yanghua and Bao, Yixin and Chen, Yangrui and Wu, Chuan and Meng, Chen and Lin, Wei},
  journal={IEEE Transactions on Parallel and Distributed Systems},
  volume={32},
  number={8},
  pages={1947--1960},
  year={2021},
  publisher={IEEE},
}

@inproceedings{optimus,
  title={Optimus: an Optimus dynamic resource scheduler for deep learning clusters},
  author={Peng, Yanghua and Bao, Yixin and Chen, Yangrui and Wu, Chuan and Guo, Chuanxiong},
  booktitle={Proceedings of the Thirteenth EuroSys Conference},
  pages={1--14},
  year={2018}
}

@inproceedings{gandiva,
  title={Gandiva: Introspective cluster scheduling for deep learning},
  author={Xiao, Wencong and Bhardwaj, Romil and Ramjee, Ramachandran and Sivathanu, Muthian and Kwatra, Nipun and Han, Zhenhua and Patel, Pratyush and Peng, Xuan and Zhao, Hanyu and Zhang, Quanlu and others},
  booktitle={13th USENIX Symposium on Operating Systems Design and Implementation (OSDI 18)},
  pages={595--610},
  year={2018}
}

@inproceedings{prophet,
  title={Prophet: Precise qos prediction on non-preemptive accelerators to improve utilization in warehouse-scale computers},
  author={Chen, Quan and Yang, Hailong and Guo, Minyi and Kannan, Ram Srivatsa and Mars, Jason and Tang, Lingjia},
  booktitle={Proceedings of the Twenty-Second International Conference on Architectural Support for Programming Languages and Operating Systems},
  pages={17--32},
  year={2017}
}

@article{Baymax,
  title={Baymax: Qos awareness and increased utilization for non-preemptive accelerators in warehouse scale computers},
  author={Chen, Quan and Yang, Hailong and Mars, Jason and Tang, Lingjia},
  journal={ACM SIGPLAN Notices},
  volume={51},
  number={4},
  pages={681--696},
  year={2016},
  publisher={ACM New York, NY, USA}
}

@inproceedings{Interference-driven,
  title={Interference-driven resource management for GPU-based heterogeneous clusters},
  author={Phull, Rajat and Li, Cheng-Hong and Rao, Kunal and Cadambi, Hari and Chakradhar, Srimat},
  booktitle={Proceedings of the 21st international symposium on High-Performance Parallel and Distributed Computing},
  pages={109--120},
  year={2012}
}

@inproceedings{Mystic,
  title={Mystic: Predictive scheduling for gpu based cloud servers using machine learning},
  author={Ukidave, Yash and Li, Xiangyu and Kaeli, David},
  booktitle={2016 IEEE International Parallel anchd Distributed Processing Symposium (IPDPS)},
  pages={353--362},
  year={2016},
  organization={IEEE}
}

@article{SJF,
  title={The complexity of flowshop and jobshop scheduling},
  author={Garey, Michael R and Johnson, David S and Sethi, Ravi},
  journal={Mathematics of operations research},
  volume={1},
  number={2},
  pages={117--129},
  year={1976},
  publisher={INFORMS}
}

@inproceedings{DRF,
    author = {Ghodsi, Ali and Zaharia, Matei and Hindman, Benjamin and Konwinski, Andy and Shenker, Scott and Stoica, Ion},
    title = {Dominant resource fairness: fair allocation of multiple resource types},
    year = {2011},
    publisher = {USENIX Association},
    address = {USA},
    booktitle = {Proceedings of the 8th USENIX Conference on Networked Systems Design and Implementation},
    pages = {323–336},
    numpages = {14},
    location = {Boston, MA},
    series = {NSDI'11}
}

@inproceedings{Tiresias,
  title={Tiresias: A $\{$GPU$\}$ cluster manager for distributed deep learning},
  author={Gu, Juncheng and Chowdhury, Mosharaf and Shin, Kang G and Zhu, Yibo and Jeon, Myeongjae and Qian, Junjie and Liu, Hongqiang and Guo, Chuanxiong},
  booktitle={16th USENIX Symposium on Networked Systems Design and Implementation (NSDI 19)},
  pages={485--500},
  year={2019}
}

@inproceedings{kubeshare,
    author = {Yeh, Ting-An and Chen, Hung-Hsin and Chou, Jerry},
    title = {KubeShare: A Framework to Manage GPUs as First-Class and Shared Resources in Container Cloud},
    year = {2020},
    isbn = {9781450370523},
    publisher = {Association for Computing Machinery},
    address = {New York, NY, USA},
    url = {https://doi.org/10.1145/3369583.3392679},
    doi = {10.1145/3369583.3392679},
    booktitle = {Proceedings of the 29th International Symposium on High-Performance Parallel and Distributed Computing},
    pages = {173–184},
    numpages = {12},
    keywords = {scheduling, container, cloud computing, GPU},
    location = {Stockholm, Sweden},
    series = {HPDC '20}
}

@inproceedings{antman,
    author = {Xiao, Wencong and Ren, Shiru and Li, Yong and Zhang, Yang and Hou, Pengyang and Li, Zhi and Feng, Yihui and Lin, Wei and Jia, Yangqing},
    title = {AntMan: dynamic scaling on GPU clusters for deep learning},
    year = {2020},
    isbn = {978-1-939133-19-9},
    publisher = {USENIX Association},
    address = {USA},
    booktitle = {Proceedings of the 14th USENIX Conference on Operating Systems Design and Implementation},
    articleno = {30},
    numpages = {16},
    series = {OSDI'20}
}

@ARTICLE{wamp2s,
  author={Yao, Yuan and Liu, Shuangyang and Wu, Sikai and Wang, Jinyu and Ni, Jinting and Yang, Gang and Zhang, Yu},
  journal={IEEE Transactions on Parallel and Distributed Systems}, 
  title={WAMP$^2$2S: Workload-Aware GPU Performance Model Based Pseudo-Preemptive Real-Time Scheduling for the Airborne Embedded System}, 
  year={2022},
  volume={33},
  number={11},
  pages={2767-2780},
  keywords={Graphics processing units;Real-time systems;Kernel;Embedded systems;Atmospheric modeling;Predictive models;Computational modeling;Real-time scheduling;GPU performance model;embedded system;preemptive scheduling},
  doi={10.1109/TPDS.2021.3134269}
}

@inproceedings{salus,
     author = {Yu, Peifeng and Chowdhury, Mosharaf},
     booktitle = {Proceedings of Machine Learning and Systems},
     editor = {I. Dhillon and D. Papailiopoulos and V. Sze},
     pages = {98--111},
     title = {Fine-Grained GPU Sharing Primitives for Deep Learning Applications},
     url = {https://proceedings.mlsys.org/paper_files/paper/2020/file/d9cd83bc91b8c36a0c7c0fcca59228f2-Paper.pdf},
     volume = {2},
     year = {2020}
}