@article{akbarinia2023contrast,
  title={Contrast sensitivity function in deep networks},
  author={Akbarinia, Arash and Morgenstern, Yaniv and Gegenfurtner, Karl R},
  journal={Neural Networks},
  volume={164},
  pages={228--244},
  year={2023},
  publisher={Elsevier}
}

@article{bowers2023deep,
  title={Deep problems with neural network models of human vision},
  author={Bowers, Jeffrey S and Malhotra, Gaurav and Dujmovi{\'c}, Marin and Montero, Milton Llera and Tsvetkov, Christian and Biscione, Valerio and Puebla, Guillermo and Adolfi, Federico and Hummel, John E and Heaton, Rachel F and others},
  journal={Behavioral and Brain Sciences},
  volume={46},
  pages={e385},
  year={2023},
  publisher={Cambridge University Press}
}

@article{cai2023rethinking,
  title={Rethinking cross-domain pedestrian detection: a background-focused distribution alignment framework for instance-free one-stage detectors},
  author={Cai, Yancheng and Zhang, Bo and Li, Baopu and Chen, Tao and Yan, Hongliang and Zhang, Jingdong and Xu, Jiahao},
  journal={IEEE transactions on image processing},
  volume={32},
  pages={4935--4950},
  year={2023},
  publisher={IEEE}
}

@inproceedings{caron2021emerging,
  title={Emerging properties in self-supervised vision transformers},
  author={Caron, Mathilde and Touvron, Hugo and Misra, Ishan and J{\'e}gou, Herv{\'e} and Mairal, Julien and Bojanowski, Piotr and Joulin, Armand},
  booktitle={Proceedings of the IEEE/CVF international conference on computer vision},
  pages={9650--9660},
  year={2021}
}

@inproceedings{croce2024adversarially,
  title={Adversarially Robust CLIP Models Induce Better (Robust) Perceptual Metrics},
  author={Croce, Francesco and Schlarmann, Christian and Singh, Naman Deep and Hein, Matthias},
  booktitle={ICML 2024 Workshop on Foundation Models in the Wild},
  year={2024}
}

@article{dosovitskiy2020image,
  title={An image is worth 16x16 words: Transformers for image recognition at scale},
  author={Dosovitskiy, Alexey},
  journal={arXiv preprint arXiv:2010.11929},
  year={2020}
}

@article{geirhos2018imagenet,
  title={ImageNet-trained CNNs are biased towards texture; increasing shape bias improves accuracy and robustness},
  author={Geirhos, Robert and Rubisch, Patricia and Michaelis, Claudio and Bethge, Matthias and Wichmann, Felix A and Brendel, Wieland},
  journal={arXiv preprint arXiv:1811.12231},
  year={2018}
}

@article{geirhos2021partial,
  title={Partial success in closing the gap between human and machine vision},
  author={Geirhos, Robert and Narayanappa, Kantharaju and Mitzkus, Benjamin and Thieringer, Tizian and Bethge, Matthias and Wichmann, Felix A and Brendel, Wieland},
  journal={Advances in Neural Information Processing Systems},
  volume={34},
  pages={23885--23899},
  year={2021}
}

@article{ghildyal2024foundation,
  title={Foundation Models Boost Low-Level Perceptual Similarity Metrics},
  author={Ghildyal, Abhijay and Barman, Nabajeet and Zadtootaghaj, Saman},
  journal={arXiv preprint arXiv:2409.07650},
  year={2024}
}

@inproceedings{kirillov2023segment,
  title={Segment anything},
  author={Kirillov, Alexander and Mintun, Eric and Ravi, Nikhila and Mao, Hanzi and Rolland, Chloe and Gustafson, Laura and Xiao, Tete and Whitehead, Spencer and Berg, Alexander C and Lo, Wan-Yen and others},
  booktitle={Proceedings of the IEEE/CVF International Conference on Computer Vision},
  pages={4015--4026},
  year={2023}
}

@article{li2022contrast,
  title={Contrast sensitivity functions in autoencoders},
  author={Li, Qiang and Gomez-Villa, Alex and Bertalm{\'\i}o, Marcelo and Malo, Jes{\'u}s},
  journal={Journal of Vision},
  volume={22},
  number={6},
  pages={8--8},
  year={2022},
  publisher={The Association for Research in Vision and Ophthalmology}
}

@article{lu2023efficient,
  title={An efficient fine-grained vehicle recognition method based on part-level feature optimization},
  author={Lu, Lei and Cai, Yancheng and Huang, Hua and Wang, Ping},
  journal={Neurocomputing},
  volume={536},
  pages={40--49},
  year={2023},
  publisher={Elsevier}
}

@article{lv2025drkd,
  title={DrKD: Decoupling response-based distillation for object detection},
  author={Lv, Yilong and Cai, Yancheng and He, Yujie and Li, Min},
  journal={Pattern Recognition},
  volume={161},
  pages={111275},
  year={2025},
  publisher={Elsevier}
}

@misc{oquab2023dinov2,
  title={DINOv2: Learning Robust Visual Features without Supervision},
  author={Oquab, Maxime and Darcet, Timoth√©e and Moutakanni, Theo and Vo, Huy V. and Szafraniec, Marc and Khalidov, Vasil and Fernandez, Pierre and Haziza, Daniel and Massa, Francisco and El-Nouby, Alaaeldin and Howes, Russell and Huang, Po-Yao and Xu, Hu and Sharma, Vasu and Li, Shang-Wen and Galuba, Wojciech and Rabbat, Mike and Assran, Mido and Ballas, Nicolas and Synnaeve, Gabriel and Misra, Ishan and Jegou, Herve and Mairal, Julien and Labatut, Patrick and Joulin, Armand and Bojanowski, Piotr},
  journal={arXiv:2304.07193},
  year={2023}
}

@inproceedings{radford2021learning,
  title={Learning transferable visual models from natural language supervision},
  author={Radford, Alec and Kim, Jong Wook and Hallacy, Chris and Ramesh, Aditya and Goh, Gabriel and Agarwal, Sandhini and Sastry, Girish and Askell, Amanda and Mishkin, Pamela and Clark, Jack and others},
  booktitle={International conference on machine learning},
  pages={8748--8763},
  year={2021},
  organization={PMLR}
}

@inproceedings{tian2023multi,
  title={Multi-object manipulation via object-centric neural scattering functions},
  author={Tian, Stephen and Cai, Yancheng and Yu, Hong-Xing and Zakharov, Sergey and Liu, Katherine and Gaidon, Adrien and Li, Yunzhu and Wu, Jiajun},
  booktitle={Proceedings of the IEEE/CVF Conference on Computer Vision and Pattern Recognition},
  pages={9021--9031},
  year={2023}
}

@article{tuli2021convolutional,
  title={Are convolutional neural networks or transformers more like human vision?},
  author={Tuli, Shikhar and Dasgupta, Ishita and Grant, Erin and Griffiths, Thomas L},
  journal={arXiv preprint arXiv:2105.07197},
  year={2021}
}

@article{wichmann2023deep,
  title={Are deep neural networks adequate behavioral models of human visual perception?},
  author={Wichmann, Felix A and Geirhos, Robert},
  journal={Annual Review of Vision Science},
  volume={9},
  number={1},
  pages={501--524},
  year={2023},
  publisher={Annual Reviews}
}

@article{yin2023generalizable,
  title={Generalizable black-box adversarial attack with meta learning},
  author={Yin, Fei and Zhang, Yong and Wu, Baoyuan and Feng, Yan and Zhang, Jingyi and Fan, Yanbo and Yang, Yujiu},
  journal={IEEE transactions on pattern analysis and machine intelligence},
  volume={46},
  number={3},
  pages={1804--1818},
  year={2023},
  publisher={IEEE}
}

@article{zhang2025bridgenet,
  title={BridgeNet: Comprehensive and Effective Feature Interactions via Bridge Feature for Multi-Task Dense Predictions},
  author={Zhang, Jingdong and Fan, Jiayuan and Ye, Peng and Zhang, Bo and Ye, Hancheng and Li, Baopu and Cai, Yancheng and Chen, Tao},
  journal={IEEE Transactions on Pattern Analysis and Machine Intelligence},
  year={2025},
  publisher={IEEE}
}

