@String(PAMI = {IEEE Trans. Pattern Anal. Mach. Intell.})
@String(IJCV = {Int. J. Comput. Vis.})
@String(CVPR= {IEEE Conf. Comput. Vis. Pattern Recog.})
@String(ICCV= {Int. Conf. Comput. Vis.})
@String(ECCV= {Eur. Conf. Comput. Vis.})
@String(NIPS= {Adv. Neural Inform. Process. Syst.})
@String(ICPR = {Int. Conf. Pattern Recog.})
@String(BMVC= {Brit. Mach. Vis. Conf.})
@String(TOG= {ACM Trans. Graph.})
@String(TIP  = {IEEE Trans. Image Process.})
@String(TVCG  = {IEEE Trans. Vis. Comput. Graph.})
@String(TMM  = {IEEE Trans. Multimedia})
@String(ACMMM= {ACM Int. Conf. Multimedia})
@String(ICME = {Int. Conf. Multimedia and Expo})
@String(ICASSP=	{ICASSP})
@String(ICIP = {IEEE Int. Conf. Image Process.})
@String(ACCV  = {ACCV})
@String(ICLR = {Int. Conf. Learn. Represent.})
@String(IJCAI = {IJCAI})
@String(PR   = {Pattern Recognition})
@String(AAAI = {AAAI})
@String(CVPRW= {IEEE Conf. Comput. Vis. Pattern Recog. Worksh.})
@String(CSVT = {IEEE Trans. Circuit Syst. Video Technol.})

@String(SPL	= {IEEE Sign. Process. Letters})
@String(VR   = {Vis. Res.})
@String(JOV	 = {J. Vis.})
@String(TVC  = {The Vis. Comput.})
@String(JCST  = {J. Comput. Sci. Tech.})
@String(CGF  = {Comput. Graph. Forum})
@String(CVM = {Computational Visual Media})


@String(PAMI  = {IEEE TPAMI})
@String(IJCV  = {IJCV})
@String(CVPR  = {CVPR})
@String(ICCV  = {ICCV})
@String(ECCV  = {ECCV})
@String(NIPS  = {NeurIPS})
@String(ICPR  = {ICPR})
@String(BMVC  =	{BMVC})
@String(TOG   = {ACM TOG})
@String(TIP   = {IEEE TIP})
@String(TVCG  = {IEEE TVCG})
@String(TCSVT = {IEEE TCSVT})
@String(TMM   =	{IEEE TMM})
@String(ACMMM = {ACM MM})
@String(ICME  =	{ICME})
@String(ICASSP=	{ICASSP})
@String(ICIP  = {ICIP})
@String(ACCV  = {ACCV})
@String(ICLR  = {ICLR})
@String(IJCAI = {IJCAI})
@String(PR = {PR})
@String(AAAI = {AAAI})
@String(CVPRW= {CVPRW})
@String(CSVT = {IEEE TCSVT})


@article{ashraf2024castlecsf,
  title={castleCSFâ€”A contrast sensitivity function of color, area, spatiotemporal frequency, luminance and eccentricity},
  author={Ashraf, Maliha and Mantiuk, Rafa{\l} K and Chapiro, Alexandre and Wuerger, Sophie},
  journal={Journal of Vision},
  volume={24},
  number={4},
  pages={5--5},
  year={2024},
  publisher={The Association for Research in Vision and Ophthalmology}
}

@article{mantiuk2022stelacsf,
  title={stelaCSF: A unified model of contrast sensitivity as the function of spatio-temporal frequency, eccentricity, luminance and area},
  author={Mantiuk, Rafa{\l} K and Ashraf, Maliha and Chapiro, Alexandre},
  journal={ACM Transactions on Graphics (TOG)},
  volume={41},
  number={4},
  pages={1--16},
  year={2022},
  publisher={ACM New York, NY, USA}
}

@article{mantiuk2021fovvideovdp,
  title={Fovvideovdp: A visible difference predictor for wide field-of-view video},
  author={Mantiuk, Rafa{\l} K and Denes, Gyorgy and Chapiro, Alexandre and Kaplanyan, Anton and Rufo, Gizem and Bachy, Romain and Lian, Trisha and Patney, Anjul},
  journal={ACM Transactions on Graphics (TOG)},
  volume={40},
  number={4},
  pages={1--19},
  year={2021},
  publisher={ACM New York, NY, USA}
}

@article{mantiuk2024colorvideovdp,
  title={ColorVideoVDP: A visual difference predictor for image, video and display distortions},
  author={Mantiuk, Rafal K and Hanji, Param and Ashraf, Maliha and Asano, Yuta and Chapiro, Alexandre},
  journal={arXiv preprint arXiv:2401.11485},
  year={2024}
}

@book{barten1999contrast,
  title={Contrast sensitivity of the human eye and its effects on image quality},
  author={Barten, Peter GJ},
  year={1999},
  publisher={SPIE press}
}

@article{kelly1979motion,
  title={Motion and vision. I. Stabilized images of stationary gratings},
  author={Kelly, DH},
  journal={JOSA},
  volume={69},
  number={9},
  pages={1266--1274},
  year={1979},
  publisher={Optica Publishing Group}
}

@article{robson1966spatial,
  title={Spatial and temporal contrast-sensitivity functions of the visual system},
  author={Robson, John G},
  journal={Josa},
  volume={56},
  number={8},
  pages={1141--1142},
  year={1966},
  publisher={Optica Publishing Group}
}

@article{li2022contrast,
  title={Contrast sensitivity functions in autoencoders},
  author={Li, Qiang and Gomez-Villa, Alex and Bertalm{\'\i}o, Marcelo and Malo, Jes{\'u}s},
  journal={Journal of Vision},
  volume={22},
  number={6},
  pages={8--8},
  year={2022},
  publisher={The Association for Research in Vision and Ophthalmology}
}

@article{owsley2003contrast,
  title={Contrast sensitivity.},
  author={Owsley, Cynthia},
  journal={Ophthalmology Clinics of North America},
  volume={16},
  number={2},
  pages={171--177},
  year={2003}
}

@inproceedings{watson1993visual,
  title={Visual optimization of DCT quantization matrices for individual images},
  author={Watson, Andrew},
  booktitle={9th Computing in Aerospace Conference},
  pages={4512},
  year={1993}
}

@inproceedings{daly1992visible,
  title={Visible differences predictor: an algorithm for the assessment of image fidelity},
  author={Daly, Scott J},
  booktitle={Human Vision, Visual Processing, and Digital Display III},
  volume={1666},
  pages={2--15},
  year={1992},
  organization={SPIE}
}

@article{mantiuk2011hdr,
  title={HDR-VDP-2: A calibrated visual metric for visibility and quality predictions in all luminance conditions},
  author={Mantiuk, Rafa{\l} and Kim, Kil Joong and Rempel, Allan G and Heidrich, Wolfgang},
  journal={ACM Transactions on graphics (TOG)},
  volume={30},
  number={4},
  pages={1--14},
  year={2011},
  publisher={ACM New York, NY, USA}
}

@article{mantiuk2023hdr,
  title={HDR-VDP-3: A multi-metric for predicting image differences, quality and contrast distortions in high dynamic range and regular content},
  author={Mantiuk, Rafal K and Hammou, Dounia and Hanji, Param},
  journal={arXiv preprint arXiv:2304.13625},
  year={2023}
}

@book{hubel2004brain,
  title={Brain and visual perception: the story of a 25-year collaboration},
  author={Hubel, David H and Wiesel, Torsten N},
  year={2004},
  publisher={Oxford University Press}
}

@article{hartmann1979peripheral,
  title={The peripheral critical flicker frequency},
  author={Hartmann, E and Lachenmayr, B and Brettel, H},
  journal={Vision Research},
  volume={19},
  number={9},
  pages={1019--1023},
  year={1979},
  publisher={Elsevier}
}

@article{yancheng2024elaTCSF,
  title={elaTCSF: A Temporal Contrast Sensitivity Function for Flicker Detection and Modeling Variable Refresh Rate Flicker},
  author={Cai, Yancheng and Bozorgian, Ali and Ashraf, Maliha and Wanat, Robert and Mantiuk, Rafal},
  journal={SIGGRAPH Asia 2024 [in print]},
  year={2024}
}

@article{wu2024visionllm,
  title={VisionLLM v2: An End-to-End Generalist Multimodal Large Language Model for Hundreds of Vision-Language Tasks},
  author={Wu, Jiannan and Zhong, Muyan and Xing, Sen and Lai, Zeqiang and Liu, Zhaoyang and Wang, Wenhai and Chen, Zhe and Zhu, Xizhou and Lu, Lewei and Lu, Tong and others},
  journal={arXiv preprint arXiv:2406.08394},
  year={2024}
}

@article{yin2023generalizable,
  title={Generalizable black-box adversarial attack with meta learning},
  author={Yin, Fei and Zhang, Yong and Wu, Baoyuan and Feng, Yan and Zhang, Jingyi and Fan, Yanbo and Yang, Yujiu},
  journal={IEEE transactions on pattern analysis and machine intelligence},
  volume={46},
  number={3},
  pages={1804--1818},
  year={2023},
  publisher={IEEE}
}

@article{geirhos2018imagenet,
  title={ImageNet-trained CNNs are biased towards texture; increasing shape bias improves accuracy and robustness},
  author={Geirhos, Robert and Rubisch, Patricia and Michaelis, Claudio and Bethge, Matthias and Wichmann, Felix A and Brendel, Wieland},
  journal={arXiv preprint arXiv:1811.12231},
  year={2018}
}

@article{wichmann2023deep,
  title={Are deep neural networks adequate behavioral models of human visual perception?},
  author={Wichmann, Felix A and Geirhos, Robert},
  journal={Annual Review of Vision Science},
  volume={9},
  number={1},
  pages={501--524},
  year={2023},
  publisher={Annual Reviews}
}

@article{bowers2023deep,
  title={Deep problems with neural network models of human vision},
  author={Bowers, Jeffrey S and Malhotra, Gaurav and Dujmovi{\'c}, Marin and Montero, Milton Llera and Tsvetkov, Christian and Biscione, Valerio and Puebla, Guillermo and Adolfi, Federico and Hummel, John E and Heaton, Rachel F and others},
  journal={Behavioral and Brain Sciences},
  volume={46},
  pages={e385},
  year={2023},
  publisher={Cambridge University Press}
}

@article{dosovitskiy2020image,
  title={An image is worth 16x16 words: Transformers for image recognition at scale},
  author={Dosovitskiy, Alexey},
  journal={arXiv preprint arXiv:2010.11929},
  year={2020}
}

@inproceedings{he2016deep,
  title={Deep residual learning for image recognition},
  author={He, Kaiming and Zhang, Xiangyu and Ren, Shaoqing and Sun, Jian},
  booktitle={Proceedings of the IEEE conference on computer vision and pattern recognition},
  pages={770--778},
  year={2016}
}

@article{tuli2021convolutional,
  title={Are convolutional neural networks or transformers more like human vision?},
  author={Tuli, Shikhar and Dasgupta, Ishita and Grant, Erin and Griffiths, Thomas L},
  journal={arXiv preprint arXiv:2105.07197},
  year={2021}
}

@article{geirhos2021partial,
  title={Partial success in closing the gap between human and machine vision},
  author={Geirhos, Robert and Narayanappa, Kantharaju and Mitzkus, Benjamin and Thieringer, Tizian and Bethge, Matthias and Wichmann, Felix A and Brendel, Wieland},
  journal={Advances in Neural Information Processing Systems},
  volume={34},
  pages={23885--23899},
  year={2021}
}

@article{ghildyal2024foundation,
  title={Foundation Models Boost Low-Level Perceptual Similarity Metrics},
  author={Ghildyal, Abhijay and Barman, Nabajeet and Zadtootaghaj, Saman},
  journal={arXiv preprint arXiv:2409.07650},
  year={2024}
}

@inproceedings{croce2024adversarially,
  title={Adversarially Robust CLIP Models Induce Better (Robust) Perceptual Metrics},
  author={Croce, Francesco and Schlarmann, Christian and Singh, Naman Deep and Hein, Matthias},
  booktitle={ICML 2024 Workshop on Foundation Models in the Wild},
  year={2024}
}

@inproceedings{caron2021emerging,
  title={Emerging properties in self-supervised vision transformers},
  author={Caron, Mathilde and Touvron, Hugo and Misra, Ishan and J{\'e}gou, Herv{\'e} and Mairal, Julien and Bojanowski, Piotr and Joulin, Armand},
  booktitle={Proceedings of the IEEE/CVF international conference on computer vision},
  pages={9650--9660},
  year={2021}
}

@inproceedings{radford2021learning,
  title={Learning transferable visual models from natural language supervision},
  author={Radford, Alec and Kim, Jong Wook and Hallacy, Chris and Ramesh, Aditya and Goh, Gabriel and Agarwal, Sandhini and Sastry, Girish and Askell, Amanda and Mishkin, Pamela and Clark, Jack and others},
  booktitle={International conference on machine learning},
  pages={8748--8763},
  year={2021},
  organization={PMLR}
}

@article{akbarinia2023contrast,
  title={Contrast sensitivity function in deep networks},
  author={Akbarinia, Arash and Morgenstern, Yaniv and Gegenfurtner, Karl R},
  journal={Neural Networks},
  volume={164},
  pages={228--244},
  year={2023},
  publisher={Elsevier}
}

@misc{oquab2023dinov2,
  title={DINOv2: Learning Robust Visual Features without Supervision},
  author={Oquab, Maxime and Darcet, TimothÃ©e and Moutakanni, Theo and Vo, Huy V. and Szafraniec, Marc and Khalidov, Vasil and Fernandez, Pierre and Haziza, Daniel and Massa, Francisco and El-Nouby, Alaaeldin and Howes, Russell and Huang, Po-Yao and Xu, Hu and Sharma, Vasu and Li, Shang-Wen and Galuba, Wojciech and Rabbat, Mike and Assran, Mido and Ballas, Nicolas and Synnaeve, Gabriel and Misra, Ishan and Jegou, Herve and Mairal, Julien and Labatut, Patrick and Joulin, Armand and Bojanowski, Piotr},
  journal={arXiv:2304.07193},
  year={2023}
}

@misc{darcet2023vitneedreg,
  title={Vision Transformers Need Registers},
  author={Darcet, TimothÃ©e and Oquab, Maxime and Mairal, Julien and Bojanowski, Piotr},
  journal={arXiv:2309.16588},
  year={2023}
}

@software{ilharco_gabriel_2021_5143773,
  author       = {Ilharco, Gabriel and
                  Wortsman, Mitchell and
                  Wightman, Ross and
                  Gordon, Cade and
                  Carlini, Nicholas and
                  Taori, Rohan and
                  Dave, Achal and
                  Shankar, Vaishaal and
                  Namkoong, Hongseok and
                  Miller, John and
                  Hajishirzi, Hannaneh and
                  Farhadi, Ali and
                  Schmidt, Ludwig},
  title        = {OpenCLIP},
  month        = jul,
  year         = 2021,
  note         = {If you use this software, please cite it as below.},
  publisher    = {Zenodo},
  version      = {0.1},
  doi          = {10.5281/zenodo.5143773},
  url          = {https://doi.org/10.5281/zenodo.5143773}
}

@inproceedings{Radford2021LearningTV,
  title={Learning Transferable Visual Models From Natural Language Supervision},
  author={Alec Radford and Jong Wook Kim and Chris Hallacy and A. Ramesh and Gabriel Goh and Sandhini Agarwal and Girish Sastry and Amanda Askell and Pamela Mishkin and Jack Clark and Gretchen Krueger and Ilya Sutskever},
  booktitle={ICML},
  year={2021}
}

@inproceedings{cherti2023reproducible,
  title={Reproducible scaling laws for contrastive language-image learning},
  author={Cherti, Mehdi and Beaumont, Romain and Wightman, Ross and Wortsman, Mitchell and Ilharco, Gabriel and Gordon, Cade and Schuhmann, Christoph and Schmidt, Ludwig and Jitsev, Jenia},
  booktitle={Proceedings of the IEEE/CVF Conference on Computer Vision and Pattern Recognition},
  pages={2818--2829},
  year={2023}
}

@inproceedings{he2022masked,
  title={Masked autoencoders are scalable vision learners},
  author={He, Kaiming and Chen, Xinlei and Xie, Saining and Li, Yanghao and Doll{\'a}r, Piotr and Girshick, Ross},
  booktitle={Proceedings of the IEEE/CVF conference on computer vision and pattern recognition},
  pages={16000--16009},
  year={2022}
}

@inproceedings{zhang2018unreasonable,
  title={The unreasonable effectiveness of deep features as a perceptual metric},
  author={Zhang, Richard and Isola, Phillip and Efros, Alexei A and Shechtman, Eli and Wang, Oliver},
  booktitle={Proceedings of the IEEE conference on computer vision and pattern recognition},
  pages={586--595},
  year={2018}
}

@inproceedings{ghildyal2022stlpips,
  title={Shift-tolerant Perceptual Similarity Metric},
  author={Abhijay Ghildyal and Feng Liu},
  booktitle={European Conference on Computer Vision},
  year={2022}
}

@article{russakovsky2015imagenet,
  title={Imagenet large scale visual recognition challenge},
  author={Russakovsky, Olga and Deng, Jia and Su, Hao and Krause, Jonathan and Satheesh, Sanjeev and Ma, Sean and Huang, Zhiheng and Karpathy, Andrej and Khosla, Aditya and Bernstein, Michael and others},
  journal={International journal of computer vision},
  volume={115},
  pages={211--252},
  year={2015},
  publisher={Springer}
}

@inproceedings{deng2009imagenet,
  title={Imagenet: A large-scale hierarchical image database},
  author={Deng, Jia and Dong, Wei and Socher, Richard and Li, Li-Jia and Li, Kai and Fei-Fei, Li},
  booktitle={2009 IEEE conference on computer vision and pattern recognition},
  pages={248--255},
  year={2009},
  organization={Ieee}
}

@article{schuhmann2022laion,
  title={Laion-5b: An open large-scale dataset for training next generation image-text models},
  author={Schuhmann, Christoph and Beaumont, Romain and Vencu, Richard and Gordon, Cade and Wightman, Ross and Cherti, Mehdi and Coombes, Theo and Katta, Aarush and Mullis, Clayton and Wortsman, Mitchell and others},
  journal={Advances in Neural Information Processing Systems},
  volume={35},
  pages={25278--25294},
  year={2022}
}

@inproceedings{rombach2022high,
  title={High-resolution image synthesis with latent diffusion models},
  author={Rombach, Robin and Blattmann, Andreas and Lorenz, Dominik and Esser, Patrick and Ommer, Bj{\"o}rn},
  booktitle={Proceedings of the IEEE/CVF conference on computer vision and pattern recognition},
  pages={10684--10695},
  year={2022}
}

@article{mikhailiuk2021consolidated,
  title={Consolidated dataset and metrics for high-dynamic-range image quality},
  author={Mikhailiuk, Aliaksei and Perez-Ortiz, Maria and Yue, Dingcheng and Suen, Wilson and Mantiuk, Rafa{\l} K},
  journal={IEEE Transactions on Multimedia},
  volume={24},
  pages={2125--2138},
  year={2021},
  publisher={IEEE}
}

@article{foley1994human,
  title={Human luminance pattern-vision mechanisms: masking experiments require a new model},
  author={Foley, John M},
  journal={JOSA A},
  volume={11},
  number={6},
  pages={1710--1719},
  year={1994},
  publisher={Optica Publishing Group}
}

@article{watson1987efficiency,
  title={Efficiency of a model human image code},
  author={Watson, Andrew B},
  journal={JOSA A},
  volume={4},
  number={12},
  pages={2401--2417},
  year={1987},
  publisher={Optica Publishing Group}
}

@article{wilson1979four,
  title={A four mechanism model for threshold spatial vision},
  author={Wilson, Hugh R and Bergen, James R},
  journal={Vision research},
  volume={19},
  number={1},
  pages={19--32},
  year={1979},
  publisher={Elsevier}
}

@article{smith1985spatial,
  title={Spatial-frequency masking and Birdsallâ€™s theorem},
  author={Smith Jr, Robert A and Swift, Dan J},
  journal={Journal of the Optical Society of America A},
  volume={2},
  number={9},
  pages={1593--1599},
  year={1985},
  publisher={Optical Society of America}
}

@inproceedings{kirillov2023segment,
  title={Segment anything},
  author={Kirillov, Alexander and Mintun, Eric and Ravi, Nikhila and Mao, Hanzi and Rolland, Chloe and Gustafson, Laura and Xiao, Tete and Whitehead, Spencer and Berg, Alexander C and Lo, Wan-Yen and others},
  booktitle={Proceedings of the IEEE/CVF International Conference on Computer Vision},
  pages={4015--4026},
  year={2023}
}

@article{fu2023dreamsim,
  title={Dreamsim: Learning new dimensions of human visual similarity using synthetic data},
  author={Fu, Stephanie and Tamir, Netanel and Sundaram, Shobhita and Chai, Lucy and Zhang, Richard and Dekel, Tali and Isola, Phillip},
  journal={arXiv preprint arXiv:2306.09344},
  year={2023}
}

@article{stromeyer1972spatial,
  title={Spatial-frequency masking in vision: Critical bands and spread of masking},
  author={Stromeyer III, Charles F and Julesz, Bela},
  journal={Journal of the Optical Society of America},
  volume={62},
  number={10},
  pages={1221--1232},
  year={1972},
  publisher={Optical Society of America}
}

@article{thomas1985effect,
  title={Effect of static-noise and grating masks on detection and identification of grating targets},
  author={Thomas, James P},
  journal={JOSA A},
  volume={2},
  number={9},
  pages={1586--1592},
  year={1985},
  publisher={Optica Publishing Group}
}

@article{van1988effects,
  title={Effects of pictorial noise interfering with visual detection},
  author={Van Meeteren, A and Valeton, JM},
  journal={JOSA A},
  volume={5},
  number={3},
  pages={438--444},
  year={1988},
  publisher={Optica Publishing Group}
}

@article{pollehn1970effect,
  title={Effect of noise on the modulation transfer function of the visual channel},
  author={Pollehn, Herbert and Roehrig, Hans},
  journal={JOSA},
  volume={60},
  number={6},
  pages={842--848},
  year={1970},
  publisher={Optica Publishing Group}
}

@article{gegenfurtner1992contrast,
  title={Contrast detection in luminance and chromatic noise},
  author={Gegenfurtner, Karl R and Kiper, Daniel C},
  journal={JOSA A},
  volume={9},
  number={11},
  pages={1880--1888},
  year={1992},
  publisher={Optica Publishing Group}
}

@article{watson1997model,
  title={Model of visual contrast gain control and pattern masking},
  author={Watson, Andrew B and Solomon, Joshua A},
  journal={JOSA A},
  volume={14},
  number={9},
  pages={2379--2391},
  year={1997},
  publisher={Optica Publishing Group}
}

@article{ravi2024sam,
  title={Sam 2: Segment anything in images and videos},
  author={Ravi, Nikhila and Gabeur, Valentin and Hu, Yuan-Ting and Hu, Ronghang and Ryali, Chaitanya and Ma, Tengyu and Khedr, Haitham and R{\"a}dle, Roman and Rolland, Chloe and Gustafson, Laura and others},
  journal={arXiv preprint arXiv:2408.00714},
  year={2024}
}

@article{campbell1968application,
  title={Application of Fourier analysis to the visibility of gratings},
  author={Campbell, Fergus W and Robson, John G},
  journal={The Journal of physiology},
  volume={197},
  number={3},
  pages={551},
  year={1968},
  publisher={Wiley}
}

@article{blakemore1969existence,
  title={On the existence of neurones in the human visual system selectively sensitive to the orientation and size of retinal images},
  author={Blakemore, Colin and Campbell, Fergus W},
  journal={The Journal of physiology},
  volume={203},
  number={1},
  pages={237--260},
  year={1969},
  publisher={Wiley Online Library}
}

@article{campbell1970electrophysiological,
  title={Electrophysiological evidence for the existence of orientation and size detectors in the human visual system},
  author={Campbell, FW and Maffei, L},
  journal={The Journal of Physiology},
  volume={207},
  number={3},
  pages={635},
  year={1970},
  publisher={Wiley}
}

@article{kulikowski1973spatial,
  title={Spatial arrangement of line, edge and grating detectors revealed by subthreshold summation},
  author={Kulikowski, Janus J and King-Smith, P Ewen},
  journal={Vision Research},
  volume={13},
  number={8},
  pages={1455--1478},
  year={1973},
  publisher={Elsevier}
}

@article{georgeson1975contrast,
  title={Contrast constancy: deblurring in human vision by spatial frequency channels.},
  author={Georgeson, MA and Sullivan, GD},
  journal={The Journal of physiology},
  volume={252},
  number={3},
  pages={627--656},
  year={1975},
  publisher={Wiley Online Library}
}

@article{rovamo1995neural,
  title={Neural modulation transfer function of the human visual system at various eccentricities},
  author={Rovamo, Jyrki and Mustonen, Juvi and N{\"a}s{\"a}nen, Risto},
  journal={Vision Research},
  volume={35},
  number={6},
  pages={767--774},
  year={1995},
  publisher={Elsevier}
}

@article{kelly1983spatiotemporal,
  title={Spatiotemporal variation of chromatic and achromatic contrast thresholds},
  author={Kelly, DH},
  journal={JOSA},
  volume={73},
  number={6},
  pages={742--750},
  year={1983},
  publisher={Optica Publishing Group}
}

@article{metha1996temporal,
  title={Temporal mechanisms underlying flicker detection and identification for red--green and achromatic stimuli},
  author={Metha, Andrew B and Mullen, Kathy T},
  journal={JOSA A},
  volume={13},
  number={10},
  pages={1969--1980},
  year={1996},
  publisher={Optica Publishing Group}
}

@article{cai2023rethinking,
  title={Rethinking cross-domain pedestrian detection: a background-focused distribution alignment framework for instance-free one-stage detectors},
  author={Cai, Yancheng and Zhang, Bo and Li, Baopu and Chen, Tao and Yan, Hongliang and Zhang, Jingdong and Xu, Jiahao},
  journal={IEEE transactions on image processing},
  volume={32},
  pages={4935--4950},
  year={2023},
  publisher={IEEE}
}

@article{yin2022mcg,
  title={Generalizable Black-box Adversarial Attack with Meta Learning},
  author={Yin, Fei and Zhang, Yong and Wu, Baoyuan and Feng, Yan and Zhang, Jingyi and Fan, Yanbo and Yang, Yujiu},
  journal={IEEE transactions on pattern analysis and machine intelligence},
  year={2022},
  publisher={IEEE}
}

@book{palmer1999vision,
  title={Vision science: Photons to phenomenology},
  author={Palmer, Stephen E},
  year={1999},
  publisher={MIT press}
}

@article{porter1902contributions,
  title={Contributions to the study of flicker. Paper II},
  author={Porter, Thomas Conrad},
  journal={Proceedings of the Royal Society of London},
  volume={70},
  number={459-466},
  pages={313--329},
  year={1902},
  publisher={The Royal Society London}
}

@article{lecun2015deep,
  title={Deep learning},
  author={LeCun, Yann and Bengio, Yoshua and Hinton, Geoffrey},
  journal={nature},
  volume={521},
  number={7553},
  pages={436--444},
  year={2015},
  publisher={Nature Publishing Group UK London}
}

@article{vaswani2017attention,
  title={Attention is all you need},
  author={Vaswani, A},
  journal={Advances in Neural Information Processing Systems},
  year={2017}
}

@article{yamins2016using,
  title={Using goal-driven deep learning models to understand sensory cortex},
  author={Yamins, Daniel LK and DiCarlo, James J},
  journal={Nature neuroscience},
  volume={19},
  number={3},
  pages={356--365},
  year={2016},
  publisher={Nature Publishing Group}
}

@article{Goodfellow_Shlens_Szegedy_2014, title={Explaining and Harnessing Adversarial Examples}, rights={arXiv.org perpetual, non-exclusive license}, url={https://arxiv.org/abs/1412.6572}, DOI={10.48550/ARXIV.1412.6572}, publisher={arXiv}, author={Goodfellow, Ian J. and Shlens, Jonathon and Szegedy, Christian}, year={2014} }

@article{Braddick_Atkinson_2011, title={Development of human visual function}, volume={51}, rights={https://www.elsevier.com/tdm/userlicense/1.0/}, ISSN={00426989}, DOI={10.1016/j.visres.2011.02.018}, number={13}, journal={Vision Research}, author={Braddick, Oliver and Atkinson, Janette}, year={2011}, month=jul, pages={1588â€“1609}, language={en} }

@article{Legge_Foley_1980, title={Contrast masking in human vision}, volume={70}, ISSN={0030-3941},  note={Citation Key: Legge1980}, number={12}, journal={Journal of the Optical Society of America}, author={Legge, G E and Foley, J M}, year={1980}, month=dec, pages={1458â€“71} }

@article{Kulikowski_1976, title={Effective contrast constancy and linearity of contrast sensation}, volume={16}, ISSN={00426989}, DOI={10.1016/0042-6989(76)90161-9}, note={Citation Key: Kulikowski1976a}, number={12}, journal={Vision Research}, author={Kulikowski, J.J.}, year={1976}, month=jan, pages={1419â€“1431} }

@article{Peli_1995, title={Suprathreshold contrast perception across differences in mean luminance: effects of stimulus size, dichoptic presentation, and length of adaptation}, volume={12}, ISSN={1084-7529}, DOI={10.1364/JOSAA.12.000817}, note={Citation Key: Peli1995}, number={5}, journal={Journal of the Optical Society of America A}, author={Peli, Eli}, year={1995}, month=may, pages={817} }

@article{Lowe_2004, title={Distinctive Image Features from Scale-Invariant Keypoints}, volume={60}, ISSN={0920-5691}, DOI={10.1023/B:VISI.0000029664.99615.94}, number={2}, journal={International Journal of Computer Vision}, author={Lowe, David G.}, year={2004}, month=nov, pages={91â€“110}, language={en} }

@article{Rovamo_1993, title={Modelling the dependence of contrast sensitivity on grating area and spatial frequency}, volume={33}, ISSN={00426989}, DOI={10.1016/0042-6989(93)90235-O}, number={18}, journal={Vision Research}, author={Rovamo, Jyrki and Luntinen, Olavi and NÃ¤sÃ¤nen, Risto}, year={1993}, month=dec, pages={2773â€“2788} }

@book{Aguerrebere_2013, title={Study of the digital camera acquisition process and statistical modeling of the sensor raw data}, note={Citation Key: Aguerrebere2013}, author={Aguerrebere, Cecilia and Delon, Julie and Gousseau, Yann and MusÃ©, Pablo}, year={2013}, pages={hal-00733538} }

@inproceedings{tian2023multi,
  title={Multi-object manipulation via object-centric neural scattering functions},
  author={Tian, Stephen and Cai, Yancheng and Yu, Hong-Xing and Zakharov, Sergey and Liu, Katherine and Gaidon, Adrien and Li, Yunzhu and Wu, Jiajun},
  booktitle={Proceedings of the IEEE/CVF Conference on Computer Vision and Pattern Recognition},
  pages={9021--9031},
  year={2023}
}
@article{lu2023efficient,
  title={An efficient fine-grained vehicle recognition method based on part-level feature optimization},
  author={Lu, Lei and Cai, Yancheng and Huang, Hua and Wang, Ping},
  journal={Neurocomputing},
  volume={536},
  pages={40--49},
  year={2023},
  publisher={Elsevier}
}

@article{zhang2025bridgenet,
  title={BridgeNet: Comprehensive and Effective Feature Interactions via Bridge Feature for Multi-Task Dense Predictions},
  author={Zhang, Jingdong and Fan, Jiayuan and Ye, Peng and Zhang, Bo and Ye, Hancheng and Li, Baopu and Cai, Yancheng and Chen, Tao},
  journal={IEEE Transactions on Pattern Analysis and Machine Intelligence},
  year={2025},
  publisher={IEEE}
}

@article{lv2025drkd,
  title={DrKD: Decoupling response-based distillation for object detection},
  author={Lv, Yilong and Cai, Yancheng and He, Yujie and Li, Min},
  journal={Pattern Recognition},
  volume={161},
  pages={111275},
  year={2025},
  publisher={Elsevier}
}