@article{capa_isac,
  title={Holographic Intelligence Surface Assisted Integrated Sensing and Communication},
  author={Liu, Zhuoyang and Zhang, Yuchen and Zhang, Haiyang and Xu, Feng and Eldar, Yonina C},
  journal={arXiv preprint arXiv:2406.04762},
  year={2024}
}

@article{chen2023cramer,
  title={{Cram{\'e}r-Rao} bounds of near-field positioning based on electromagnetic propagation model},
  author={Chen, Ang and Chen, Li and Chen, Yunfei and You, Changsheng and Wei, Guo and Yu, F Richard},
  journal={IEEE Trans. Veh. Technol.},
  volume={72},
  number={11},
  pages={13808--13825},
  year={2023},
  month=nov,
  publisher={IEEE}
}

@article{chen2024near,
  title={Near-field positioning and attitude sensing based on electromagnetic propagation modeling},
  author={Chen, Ang and Chen, Li and Chen, Yunfei and Zhao, Nan and You, Changsheng},
  journal={IEEE J. Sel. Areas Commun.},
  volume={42},
  number={9},
  pages={2179--2195},
  year={2024},
  month=sep,
  publisher={IEEE}
}

@article{do2023parabolic,
  title={Parabolic wavefront model for line-of-sight {MIMO} channels},
  author={Do, Heedong and Lee, Namyoon and Lozano, Angel},
  journal={IEEE Trans. Wireless Commun.},
  volume={22},
  number={11},
  pages={7620--7634},
  year={2023},
  month=nov,
  publisher={IEEE}
}

@article{jiang2024cram,
  title={{Cram{\'e}r-Rao} bounds Optimization for Near-Field Sensing with Continuous-Aperture Arrays},
  author={Jiang, Hao and Wang, Zhaolin and Liu, Yuanwei and Nallanathan, Arumugam},
  journal={arXiv preprint arXiv:2412.15007},
  year={2024}
}

@ARTICLE{opt1,
			author={Sanguinetti, Luca and others},
			journal={{IEEE} Trans. Wireless Commun.}, 
			title={Wavenumber-Division Multiplexing in Line-of-Sight Holographic {MIMO} Communications}, 
			year={2023},
			month={Apr.},
			volume={22},
			number={4},
			pages={2186-2201},
			doi={10.1109/TWC.2022.3208961}}

@article{opt2,
				title={Pattern-division multiplexing for multi-user continuous-aperture {MIMO}},
				author={Zhang, Zijian and Dai, Linglong},
				journal={IEEE J. Sel. Areas Commun.},
				volume={41},
				number={8},
				pages={2350--2366},
				year={2023},
				month={Aug.},
				publisher={IEEE}
			}

@article{opt4,
  title={Optimal Beamforming for Multi-User Continuous Aperture Array ({CAPA}) Systems},
  author={Wang, Zhaolin and Ouyang, Chongjun and Liu, Yuanwei},
  journal={arXiv preprint arXiv:2411.14919},
  year={2024}
}

@article{opt5,
					title={Beamforming Optimization for Continuous Aperture Array ({CAPA})-based Communications},
					author={Wang, Zhaolin and Ouyang, Chongjun and Liu, Yuanwei},
					journal={arXiv preprint arXiv:2410.13677},
					year={2024}
				}

@article{ouyang2024impact,
  title={On the impact of reactive region on the near-field channel gain},
  author={Ouyang, Chongjun and Wang, Zhaolin and Zhao, Boqun and Zhang, Xingqi and Liu, Yuanwei},
  journal={IEEE Commun. Lett.},
  volume={28},
  number={10},
  pages={2417--2421},
  year={2024},
  month=oct,
  publisher={IEEE}
}

@article{ouyang2024primer,
  title={A Primer on Near-Field Communications for Next-Generation Multiple Access},
  author={Ouyang, Chongjun and Wang, Zhaolin and Chen, Yan and Mu, Xidong and Zhu, Peiying},
  journal={Proc. IEEE},
  volume={112},
  number={9},
  pages={1527--1565},
  year={2024},
  month=sep,
  publisher={IEEE}
}

@article{per5,
		title={Diversity and Multiplexing for Continuous Aperture Array ({CAPA})-Based Communications},
		author={Ouyang, Chongjun and Wang, Zhaolin and Zhang, Xingqi and Liu, Yuanwei},
		journal={arXiv preprint arXiv:2408.13948},
		year={2024}
	}

@article{per7,
  title={Performance of Linear Receive Beamforming for Continuous Aperture Arrays ({CAPAs})},
  author={Ouyang, Chongjun and Wang, Zhaolin and Zhang, Xingqi and Liu, Yuanwei},
  journal={arXiv preprint arXiv:2411.06620},
  year={2024}
}

@article{pizzo2022nyquist,
  title={Nyquist sampling and degrees of freedom of electromagnetic fields},
  author={Pizzo, Andrea and de Jesus Torres, Andrea and Sanguinetti, Luca and Marzetta, Thomas L},
  journal={IEEE Trans. Signal Process.},
  volume={70},
  pages={3935--3947},
  year={2022},
  publisher={IEEE}
}

@article{pizzo2022spatial,
  title={Spatial characterization of electromagnetic random channels},
  author={Pizzo, Andrea and Sanguinetti, Luca and Marzetta, Thomas L},
  journal={IEEE Open J. Commun. Soc.},
  volume={3},
  pages={847--866},
  year={2022},
  publisher={IEEE}
}

@article{wang2025analytical,
  title={Analytical framework for effective degrees of freedom in near-field {XL-MIMO}},
  author={Wang, Zhe and Zhang, Jiayi and Yi, Wenhui and Xiao, Huahua and Du, Hongyang and Niyato, Dusit and Ai, Bo and Ng, Derrick Wing Kwan},
  journal={IEEE Trans. Wireless Commun.},
  year={Early Access, 2025},
  publisher={IEEE}
}

@article{zhao2024continuous,
  title={Continuous aperture array ({CAPA})-based wireless communications: Capacity characterization},
  author={Zhao, Boqun and Ouyang, Chongjun and Zhang, Xingqi and Liu, Yuanwei},
  journal={arXiv preprint arXiv:2406.15056},
  year={2024}
}

