@STRING{IEEE_J_IT         = "{IEEE} Trans. Inf. Theory"}
@STRING{IEEE_J_COML       = "{IEEE} Commun. Lett."}
@STRING{IEEE_J_WCOML       = "{IEEE} Wireless Commun. Lett."}
@STRING{IEEE_J_JSAC       = "{IEEE} J. Sel. Areas Commun."}
@STRING{IEEE_J_COM        = "{IEEE} Trans. Commun."}
@STRING{IEEE_J_SP         = "{IEEE} Trans. Signal Process."}
@STRING{IEEE_J_COMT       = "{IEEE} Trans. Commun. Technol."}
@STRING{IEEE_J_WCOM       = "{IEEE} Trans. Wireless Commun."}
@STRING{IEEE_J_VT         = "{IEEE} Trans. Veh. Technol."}
@STRING{IEEE_J_VC         = "{IEEE} Trans. Veh. Commun."}
@STRING{IEEE_J_IFS         = "{IEEE} Trans. Inf. Forensics Security"}
@STRING{IEEE_J_SPL        = "{IEEE} Signal Process. Lett."}
@STRING{IEEE_M_COM        = "{IEEE} Commun. Mag."}
@STRING{IEEE_M_SP        = "{IEEE} Signal Process. Mag."}
@STRING{IEEE_M_VT        = "{IEEE} Veh. Technol. Mag."}
@STRING{IEEE_WM_COM        = "{IEEE} Wireless Commun."}
@STRING{EUR_J_WCOM        = "EURASIP J. Wireless Commun. Netw."}
@STRING{EUR_J_ASP        = "EURASIP J. Adv. Signal Process."}
@STRING{EUR_J_EL        = "{IEE} Elect. Lett."}
@STRING{IEEE_J_A        = "{IEEE} Access"}
@STRING{IEEE_J_CST         = "{IEEE} Commun. Surveys Tutorials"}
@STRING{IEEE_ICC        = "Proc. IEEE Int. Conf. Commun. (ICC)"}
@STRING{IEEE_GLOBECOM        = "Proc. IEEE Global Commun. Conf. (GLOBECOM)"}
@STRING{IEEE_ANTEN        ="{IEEE} Trans. Antennas Propag."}
@STRING{IEEE_ICCW         = "Prof. {IEEE} Int. Conf.on Commun. Workshop (ICCW)"}




%--
%EOF

@book{integral,
	author = {I. S. Gradshteyn and I. M. Ryzhik}, 
	title = {Table of Integrals, Series and Products},
	publisher = {Academic Press},
	year = 2007,
	edition = 7,
	address = {New York, NY, USA}
}

@book{math,
	title={NIST Handbook of Mathematical Functions},
	author={Olver, Frank W and Lozier, Daniel W and Boisvert, Ronald F and Clark, Charles W},
	publisher={Cambridge univ. press},
	year=2010,
	address = {Cambridge, U.K.}
}

@article{poon2005degrees,
  title={Degrees of freedom in multiple-antenna channels: A signal space approach},
  author={Poon, Ada SY and Brodersen, Robert W and Tse, David NC},
  journal={IEEE Trans. Inf. Theory},
  volume={51},
  number={2},
  pages={523--536},
  year={2005},
  month=feb,
  publisher={IEEE}
}

@article{zwick2002stochastic,
  title={A stochastic multipath channel model including path directions for indoor environments},
  author={Zwick, Thomas and Fischer, Christian and Wiesbeck, Werner},
  journal={IEEE J. Sel. Areas Commun.},
  volume={20},
  number={6},
  pages={1178--1192},
  year={2002},
  month=aug,
  publisher={IEEE}
}

@book{richards2005fundamentals,
  title={Fundamentals of Radar Signal Processing},
  author={Richards, Mark A},
  year={2014},
  publisher={New York, NY, USA: McGraw-Hill Educ.}
}

@article{liu2023near,
  title={Near-field communications: A tutorial review},
  author={Liu, Yuanwei and Wang, Zhaolin and Xu, Jiaqi and Ouyang, Chongjun and Mu, Xidong and Schober, Robert},
  journal={IEEE Open J. Commun. Soc.},
  volume={4},
  pages={1999--2049},
  year={2023},
  publisher={IEEE}
}


@article{ouyang2024primer,
  title={A Primer on Near-Field Communications for Next-Generation Multiple Access},
  author={Ouyang, Chongjun and Wang, Zhaolin and Chen, Yan and Mu, Xidong and Zhu, Peiying},
  journal={Proc. IEEE},
  volume={112},
  number={9},
  pages={1527--1565},
  year={2024},
  month=sep,
  publisher={IEEE}
}

@article{ouyang2024impact,
  title={On the impact of reactive region on the near-field channel gain},
  author={Ouyang, Chongjun and Wang, Zhaolin and Zhao, Boqun and Zhang, Xingqi and Liu, Yuanwei},
  journal={IEEE Commun. Lett.},
  volume={28},
  number={10},
  pages={2417--2421},
  year={2024},
  month=oct,
  publisher={IEEE}
}

@article{ouyang2023revealing,
  title={Revealing the impact of {SIC} in {NOMA-ISAC}},
  author={Ouyang, Chongjun and Liu, Yuanwei and Yang, Hongwen},
  journal={IEEE Wireless Commun. Lett.},
  volume={12},
  number={10},
  pages={1707--1711},
  year={2023},
  month=oct,
  publisher={IEEE}
}

@article{zhao2024continuous,
  title={Continuous aperture array ({CAPA})-based wireless communications: Capacity characterization},
  author={Zhao, Boqun and Ouyang, Chongjun and Zhang, Xingqi and Liu, Yuanwei},
  journal={arXiv preprint arXiv:2406.15056},
  year={2024}
}

@article{ouyang2023integrated,
  title={Integrated sensing and communications: A mutual information-based framework},
  author={Ouyang, Chongjun and Liu, Yuanwei and Yang, Hongwen and Al-Dhahir, Naofal},
  journal={IEEE Commun. Mag.},
  volume={61},
  number={5},
  pages={26--32},
  year={2023},
  month=may,
  publisher={IEEE}
}

@article{pizzo2022spatial,
  title={Spatial characterization of electromagnetic random channels},
  author={Pizzo, Andrea and Sanguinetti, Luca and Marzetta, Thomas L},
  journal={IEEE Open J. Commun. Soc.},
  volume={3},
  pages={847--866},
  year={2022},
  publisher={IEEE}
}

@ARTICLE{boqun_jstsp,
	title={Modeling and Analysis of Near-Field {ISAC}}, 
	author={Zhao, Boqun and Ouyang, Chongjun and Liu, Yuanwei and Zhang, Xingqi and Poor, H. Vincent},
	journal={IEEE J. Sel. Top. Signal Process.},
	year={2024},
	volume={18},
	number={4},
	pages={678-693}
}

@ARTICLE{gaussian_noise,
	author={Hassibi, B. and Hochwald, B.M.},
	journal={{IEEE} Trans. Inf. Theory}, 
	title={How much training is needed in multiple-antenna wireless links?}, 
	year={2003},
	month={Apr.},
	volume={49},
	number={4},
	pages={951-963},
	doi={10.1109/TIT.2003.809594}}

@book{zhang2017matrix,
	title={Matrix Analysis and Applications},
	author={Zhang, Xian-Da},
	year={2017},
	publisher={New York, NY, USA: Cambridge Univ. Press}
}

@book{mimo,
  title={Foundations of {MIMO} Communication},
  author={Heath Jr, Robert W and Lozano, Angel},
  year={2018},
  publisher={Cambridge, U.K.: Cambridge Univ. Press}
}

@article{liu2020joint,
  title={Joint radar and communication design: Applications, state-of-the-art, and the road ahead},
  author={Liu, Fan and Masouros, Christos and Petropulu, Athina P and Griffiths, Hugh and Hanzo, Lajos},
  journal={IEEE Trans. Commun.},
  volume={68},
  number={6},
  pages={3834--3862},
  year={2020},
  month=jun,
  publisher={IEEE}
}

@article{zhang2010cooperative,
  title={Cooperative interference management with {MISO} beamforming},
  author={Zhang, Rui and Cui, Shuguang},
  journal={IEEE Trans. Signal Process.},
  volume={58},
  number={10},
  pages={5450--5458},
  year={2010},
  month=Oct,
  publisher={IEEE}
}

@article{liu2024capa,
  title={{CAPA}: Continuous-aperture arrays for revolutionizing {6G} wireless communications},
  author={Liu, Yuanwei and Ouyang, Chongjun and Wang, Zhaolin and Xu, Jiaqi and Mu, Xidong and Ding, Zhiguo},
  journal={arXiv preprint arXiv:2412.00894},
  year={2024}
}

@book{chi2017convex,
  title={Convex Optimization for Signal Processing and Communications: From Fundamentals to Applications},
  author={Chi, Chong-Yung and Li, Wei-Chiang and Lin, Chia-Hsiang},
  year={2017},
  publisher={Boca Raton, FL, USA: CRC Press}
}

	@article{migliore2018horse,
		title={Horse (electromagnetics) is more important than horseman (information) for wireless transmission},
		author={Migliore, Marco Donald},
		journal={IEEE Trans. Antennas Propag.},
		volume={67},
		number={4},
		pages={2046--2055},
		year={2019},
		month=apr,
		publisher={IEEE}
	}
	
	@article{migliore2008electromagnetics,
		title={On electromagnetics and information theory},
		author={Migliore, Marco Donald},
		journal={IEEE Trans. Antennas Propag.},
		volume={56},
		number={10},
		pages={3188--3200},
		year={2008},
		month=oct,
		publisher={IEEE}
	}

@ARTICLE{capa_single_0,
		author={Jensen, Michael A. and Wallace, Jon W.},
		journal={{IEEE} Trans. Antennas Propag.}, 
		title={Capacity of the Continuous-Space Electromagnetic Channel}, 
		year={2008},
		volume={56},
		number={2},
		pages={524-531},
		month={Feb.},
		doi={10.1109/TAP.2007.915416}}

@ARTICLE{Apurba_1,
	author={Adhikary, Apurba and others},
	journal={IEEE Internet Things J.}, 
	title={Holographic {MIMO} With Integrated Sensing and Communication for Energy-Efficient Cell-Free {6G} Networks}, 
	year={Early Access, 2024},
	volume={},
	number={},
	pages={1-1},
	doi={10.1109/JIOT.2024.3411695}}

@ARTICLE{opt1,
			author={Sanguinetti, Luca and others},
			journal={{IEEE} Trans. Wireless Commun.}, 
			title={Wavenumber-Division Multiplexing in Line-of-Sight Holographic {MIMO} Communications}, 
			year={2023},
			month={Apr.},
			volume={22},
			number={4},
			pages={2186-2201},
			doi={10.1109/TWC.2022.3208961}}

@article{opt2,
				title={Pattern-division multiplexing for multi-user continuous-aperture {MIMO}},
				author={Zhang, Zijian and Dai, Linglong},
				journal={IEEE J. Sel. Areas Commun.},
				volume={41},
				number={8},
				pages={2350--2366},
				year={2023},
				month={Aug.},
				publisher={IEEE}
			}

@ARTICLE{opt3,
			author={Qian, Mengyu and You, Li and Xia, Xiang-Gen and Gao, Xiqi},
			journal={{IEEE} Trans. Wireless Commun.}, 
			title={On the Spectral Efficiency of Multi-User Holographic {MIMO} Uplink Transmission}, 
			year={2024},
			month={Oct.},
			volume={23},
			number={10},
			pages={15421-15434},
			doi={10.1109/TWC.2024.3429495}}

@article{opt4,
  title={Optimal Beamforming for Multi-User Continuous Aperture Array ({CAPA}) Systems},
  author={Wang, Zhaolin and Ouyang, Chongjun and Liu, Yuanwei},
  journal={arXiv preprint arXiv:2411.14919},
  year={2024}
}
	@article{opt5,
					title={Beamforming Optimization for Continuous Aperture Array ({CAPA})-based Communications},
					author={Wang, Zhaolin and Ouyang, Chongjun and Liu, Yuanwei},
					journal={arXiv preprint arXiv:2410.13677},
					year={2024}
				}

@article{opt6,
				title={Multi-User Continuous-Aperture Array Communications: How to Learn Current Distribution?},
				author={Guo, Jia and Liu, Yuanwei and Nallanathan, Arumugam},
				journal={arXiv preprint arXiv:2408.11230},
				year={2024}
			}

@article{opt7,
  title={Secure Beamforming for Continuous Aperture Array (CAPA) Systems},
  author={Sun, Mingjun and others},
  journal={arXiv preprint arXiv:2501.04924},
  year={2025}
}


@ARTICLE{per2,
			author={Xie, Ziyi and Liu, Yuanwei and Xu, Jiaqi and Wu, Xuanli and Nallanathan, Arumugam},
			journal={{IEEE} Wireless Commun. Lett.}, 
			title={Performance Analysis for Near-Field {MIMO}: Discrete and Continuous Aperture Antennas}, 
			year={2023},
			month={Dec.},
			volume={12},
			number={12},
			pages={2258-2262},
			doi={10.1109/LWC.2023.3317492}}

@ARTICLE{per3,
				author={Wan, Zhongzhichao and Zhu, Jieao and Dai, Linglong},
				journal={IEEE Commun. Lett.}, 
				title={Can Continuous Aperture {MIMO} Obtain More Mutual Information Than Discrete {MIMO}?}, 
				year={2023},
				month={Dec.},
				volume={27},
				number={12},
				pages={3185-3189},
				doi={10.1109/LCOMM.2023.3329134}}

@article{per4,
		title={Continuous aperture array ({CAPA})-based wireless communications: Capacity characterization},
		author={Zhao, Boqun and Ouyang, Chongjun and Zhang, Xingqi and Liu, Yuanwei},
		journal={arXiv preprint arXiv:2406.15056},
		year={2024}
	}

@article{per5,
		title={Diversity and Multiplexing for Continuous Aperture Array ({CAPA})-Based Communications},
		author={Ouyang, Chongjun and Wang, Zhaolin and Zhang, Xingqi and Liu, Yuanwei},
		journal={arXiv preprint arXiv:2408.13948},
		year={2024}
	}

@ARTICLE{per6,
			author={Sun, Zeyu and Jing, Yindi and Yu, Xinwei},
			journal={{IEEE} Trans. Veh. Technol.}, 
			title={{SINR} Analysis and Interference Mitigation for Continuous-Aperture Holographic {MIMO} Uplink}, 
			year={2024, Early Access},
			volume={},
			number={},
			pages={1-6},
			doi={10.1109/TVT.2024.3455249}}

@article{per7,
  title={Performance of Linear Receive Beamforming for Continuous Aperture Arrays ({CAPAs})},
  author={Ouyang, Chongjun and Wang, Zhaolin and Zhang, Xingqi and Liu, Yuanwei},
  journal={arXiv preprint arXiv:2411.06620},
  year={2024}
}

@article{per8,
  title={Physical Layer Security for Continuous-Aperture Array (CAPA) Systems},
  author={Zhao, Boqun and others},
  journal={arXiv preprint arXiv:2412.13748},
  year={2024}
}

@ARTICLE{boqun_holographic,
  author={Zhao, Boqun and Ouyang, Chongjun and Zhang, Xingqi and Liu, Yuanwei},
  journal={{IEEE} Trans. Commun.}, 
  title={Performance Analysis of Holographic {MIMO} Based Integrated Sensing and Communications}, 
  year={2025, Early Access},
  volume={},
  number={},
  pages={1-17},
  doi={10.1109/TCOMM.2025.3529209}}

@article{capa_isac,
  title={Holographic Intelligence Surface Assisted Integrated Sensing and Communication},
  author={Liu, Zhuoyang and Zhang, Yuchen and Zhang, Haiyang and Xu, Feng and Eldar, Yonina C},
  journal={arXiv preprint arXiv:2406.04762},
  year={2024}
}

@ARTICLE{Zhang2021_JSTSP,
  author={Zhang, J Andrew and others},
  journal={IEEE J. Sel. Topics Signal Process.}, 
  title={An Overview of Signal Processing Techniques for Joint Communication and Radar Sensing}, 
  year={2021},
  month={Nov.},
  volume={15},
  number={6},
  pages={1295-1315},
  doi={10.1109/JSTSP.2021.3113120}}

@ARTICLE{LiuAn,
  author={Liu, An and others},
  journal={IEEE Commun. Surveys Tuts.}, 
  title={A Survey on Fundamental Limits of Integrated Sensing and Communication}, 
  year={2022},
  month={Feb.},
  volume={24},
  number={2},
  pages={994-1034},
  doi={10.1109/COMST.2022.3149272}}

@ARTICLE{ISACoverview_3,
  author={Wei, Zhiqing and others},
  journal={IEEE Internet Things J.}, 
  title={Integrated Sensing and Communication Signals Toward {5G-A} and {6G}: A Survey}, 
  year={2023},
month={Jul.},
  volume={10},
  number={13},
  pages={11068-11092},
  doi={10.1109/JIOT.2023.3235618}}

	@ARTICLE{holographic,
		author={Huang, Chongwen and others},
		journal={{IEEE} Wireless Commun.}, 
		title={Holographic {MIMO} Surfaces for {6G} Wireless Networks: Opportunities, Challenges, and Trends}, 
		year={2020},
		month={Oct.},
		volume={27},
		number={5},
		pages={118-125},
		doi={10.1109/MWC.001.1900534}}
	
	@ARTICLE{holographic2,
		author={Demir, Ozlem Tugfe and others},
		journal={{IEEE} Wireless Commun. Lett.}, 
		title={Channel Modeling and Channel Estimation for Holographic Massive {MIMO} With Planar Arrays}, 
		year={2022},
		month={May},
		volume={11},
		number={5},
		pages={997-1001},
		doi={10.1109/LWC.2022.3152600}}

@ARTICLE{intelligent_surface,
			author={Hu, Sha and Rusek, Fredrik and Edfors, Ove},
			journal={{IEEE} Trans. Signal Process.}, 
			title={Beyond Massive {MIMO}: The Potential of Data Transmission With Large Intelligent Surfaces}, 
			year={2018},
			month={May},
			volume={66},
			number={10},
			pages={2746-2758},
			doi={10.1109/TSP.2018.2816577}}
@ARTICLE{meta,
			author={Shlezinger, Nir and others},
			journal={{IEEE} Wireless Commun.}, 
			title={Dynamic Metasurface Antennas for 6{G} Extreme Massive {MIMO} Communications}, 
			year={2021},
			month={Apr.},
			volume={28},
			number={2},
			pages={106-113},
			doi={10.1109/MWC.001.2000267}}

@ARTICLE{holoISAC,
  author={Zhang, Haobo and others},
  journal={{IEEE} Commun. Mag.}, 
  title={Holographic Integrated Sensing and Communications: Principles, Technology, and Implementation}, 
  year={2023},
month={May},
  volume={61},
  number={5},
  pages={83-89},
  doi={10.1109/MCOM.003.2200399}}

@ARTICLE{holoISAC_2,
  author={Zhang, Haobo and others},
  journal={{IEEE} J. Sel. Areas Commun.}, 
  title={Holographic Integrated Sensing and Communication}, 
  year={2022},
month={Jul.},
  volume={40},
  number={7},
  pages={2114-2130},
  doi={10.1109/JSAC.2022.3155548}}

@INPROCEEDINGS{holoISAC_3,
  author={Hu, Jingzhi and Chen, Zhe and Luo, Jun},
  booktitle={Proc. IEEE Int. Conf. Commun. (ICC)}, 
  title={Multi-Band Reconfigurable Holographic Surface Based {ISAC} Systems: Design and Optimization}, 
  year={2023},
  volume={},
  number={},
  pages={2927-2932},
  doi={10.1109/ICC45041.2023.10279416}}
  
@article{saad2019vision,
  title={A vision of {6G} wireless systems: Applications, trends, technologies, and open research problems},
  author={Saad, Walid and Bennis, Mehdi and Chen, Mingzhe},
  journal={IEEE Netw.},
  volume={34},
  number={3},
  pages={134--142},
  year={2020},
  month=may,
  publisher={IEEE}
}

@article{liu2022integrated,
  title={Integrated sensing and communications: Toward dual-functional wireless networks for {6G} and beyond},
  author={Liu, Fan and Cui, Yuanhao and Masouros, Christos and Xu, Jie and Han, Tony Xiao and Eldar, Yonina C and Buzzi, Stefano},
  journal={IEEE J. Sel. Areas Commun.},
  volume={40},
  number={6},
  pages={1728--1767},
  year={2022},
  month=jun,
  publisher={IEEE}
}

@book{recommendation2023framework,
  title={Framework and Overall Objectives of the Future Development of IMT for 2030 and Beyond},
  year={ITU-Rec. M.2160, Int. Telecommun. Union, Geneva, Switzerland, 2023.}
}

@article{liao2024power,
  title={Power Allocation for Massive {MIMO-ISAC} Systems},
  author={Liao, Bin and Ngo, Hien Quoc and Matthaiou, Michail and Smith, Peter J},
  journal={IEEE Trans. Wireless Commun.},
  volume={23},
  number={10},
  pages={14232--14248},
  year={2024},
  month=oct,
  publisher={IEEE}
}

@article{zhang2023holographic,
  title={Holographic integrated sensing and communications: Principles, technology, and implementation},
  author={Zhang, Haobo and Zhang, Hongliang and Di, Boya and Song, Lingyang},
  journal={IEEE Commun. Mag.},
  volume={61},
  number={5},
  pages={83--89},
  month=may,
  year={2023},
  publisher={IEEE}
}

@article{bjornson2024enabling,
  title={Enabling {6G} performance in the upper mid-band through gigantic {MIMO}},
  author={Bj{\"o}rnson, Emil and Kara, Ferdi and Kolomvakis, Nikolaos and Kosasih, Alva and Ramezani, Parisa and Salman, MB},
  journal={arXiv preprint arXiv:2407.05630},
  year={2024}
}
@article{cong2024near,
  title={Near-field integrated sensing and communication: Opportunities and challenges},
  author={Cong, Jiayi and You, Changsheng and Li, Jiapeng and Chen, Li and Zheng, Beixiong and Liu, Yuanwei and Wu, Wen and Gong, Yi and Jin, Shi and Zhang, Rui},
  journal={IEEE Wireless Commun.},
  volume={31},
  number={6},
  pages={162--169},
  month=dec,
  year={2024},
  publisher={IEEE}
}

@article{chepuri2023integrated,
  title={Integrated sensing and communications with reconfigurable intelligent surfaces: From signal modeling to processing},
  author={Chepuri, Sundeep Prabhakar and Shlezinger, Nir and Liu, Fan and Alexandropoulos, George C and Buzzi, Stefano and Eldar, Yonina C},
  journal={IEEE Signal Process. Mag.},
  volume={40},
  number={6},
  pages={41--62},
  year={2023},
  month=sep,
  publisher={IEEE}
}

@article{lyu2025movable,
  title={Movable Antenna Enabled Integrated Sensing and Communication},
  author={Lyu, Wanting and Yang, Songjie and Xiu, Yue and Zhang, Zhongpei and Assi, Chadi and Yuen, Chau},
  journal={IEEE Trans. Wireless Commun.},
  year={Early Access, 2025},
  publisher={IEEE}
}

@article{zhou2024fluid,
  title={Fluid antenna-assisted {ISAC} systems},
  author={Zhou, Liaoshi and Yao, Junteng and Jin, Ming and Wu, Tuo and Wong, Kai-Kit},
  journal={IEEE Wireless Commun. Lett.},
  volume={13},
  number={12},
  pages={3533--3537},
  year={2024},
  month=dec,
  publisher={IEEE}
}

@article{wang2025analytical,
  title={Analytical framework for effective degrees of freedom in near-field {XL-MIMO}},
  author={Wang, Zhe and Zhang, Jiayi and Yi, Wenhui and Xiao, Huahua and Du, Hongyang and Niyato, Dusit and Ai, Bo and Ng, Derrick Wing Kwan},
  journal={IEEE Trans. Wireless Commun.},
  year={Early Access, 2025},
  publisher={IEEE}
}

@article{pizzo2022nyquist,
  title={Nyquist sampling and degrees of freedom of electromagnetic fields},
  author={Pizzo, Andrea and de Jesus Torres, Andrea and Sanguinetti, Luca and Marzetta, Thomas L},
  journal={IEEE Trans. Signal Process.},
  volume={70},
  pages={3935--3947},
  year={2022},
  publisher={IEEE}
}

@article{do2023parabolic,
  title={Parabolic wavefront model for line-of-sight {MIMO} channels},
  author={Do, Heedong and Lee, Namyoon and Lozano, Angel},
  journal={IEEE Trans. Wireless Commun.},
  volume={22},
  number={11},
  pages={7620--7634},
  year={2023},
  month=nov,
  publisher={IEEE}
}

@article{chen2023cramer,
  title={{Cram{\'e}r-Rao} bounds of near-field positioning based on electromagnetic propagation model},
  author={Chen, Ang and Chen, Li and Chen, Yunfei and You, Changsheng and Wei, Guo and Yu, F Richard},
  journal={IEEE Trans. Veh. Technol.},
  volume={72},
  number={11},
  pages={13808--13825},
  year={2023},
  month=nov,
  publisher={IEEE}
}

@article{chen2024near,
  title={Near-field positioning and attitude sensing based on electromagnetic propagation modeling},
  author={Chen, Ang and Chen, Li and Chen, Yunfei and Zhao, Nan and You, Changsheng},
  journal={IEEE J. Sel. Areas Commun.},
  volume={42},
  number={9},
  pages={2179--2195},
  year={2024},
  month=sep,
  publisher={IEEE}
}

@article{jiang2024cram,
  title={{Cram{\'e}r-Rao} bounds Optimization for Near-Field Sensing with Continuous-Aperture Arrays},
  author={Jiang, Hao and Wang, Zhaolin and Liu, Yuanwei and Nallanathan, Arumugam},
  journal={arXiv preprint arXiv:2412.15007},
  year={2024}
}
