@String(PAMI = {IEEE Trans. Pattern Anal. Mach. Intell.})
@String(IJCV = {Int. J. Comput. Vis.})
@String(CVPR= {IEEE Conf. Comput. Vis. Pattern Recog.})
@String(ICCV= {Int. Conf. Comput. Vis.})
@String(ECCV= {Eur. Conf. Comput. Vis.})
@String(NIPS= {Adv. Neural Inform. Process. Syst.})
@String(ICPR = {Int. Conf. Pattern Recog.})
@String(BMVC= {Brit. Mach. Vis. Conf.})
@String(TOG= {ACM Trans. Graph.})
@String(TIP  = {IEEE Trans. Image Process.})
@String(TVCG  = {IEEE Trans. Vis. Comput. Graph.})
@String(TMM  = {IEEE Trans. Multimedia})
@String(ACMMM= {ACM Int. Conf. Multimedia})
@String(ICME = {Int. Conf. Multimedia and Expo})
@String(ICASSP=	{ICASSP})
@String(ICIP = {IEEE Int. Conf. Image Process.})
@String(ACCV  = {ACCV})
@String(ICLR = {Int. Conf. Learn. Represent.})
@String(IJCAI = {IJCAI})
@String(PR   = {Pattern Recognition})
@String(AAAI = {AAAI})
@String(CVPRW= {IEEE Conf. Comput. Vis. Pattern Recog. Worksh.})
@String(CSVT = {IEEE Trans. Circuit Syst. Video Technol.})

@String(SPL	= {IEEE Sign. Process. Letters})
@String(VR   = {Vis. Res.})
@String(JOV	 = {J. Vis.})
@String(TVC  = {The Vis. Comput.})
@String(JCST  = {J. Comput. Sci. Tech.})
@String(CGF  = {Comput. Graph. Forum})
@String(CVM = {Computational Visual Media})


@String(PAMI  = {IEEE TPAMI})
@String(IJCV  = {IJCV})
@String(CVPR  = {CVPR})
@String(ICCV  = {ICCV})
@String(ECCV  = {ECCV})
@String(NIPS  = {NeurIPS})
@String(ICPR  = {ICPR})
@String(BMVC  =	{BMVC})
@String(TOG   = {ACM TOG})
@String(TIP   = {IEEE TIP})
@String(TVCG  = {IEEE TVCG})
@String(TCSVT = {IEEE TCSVT})
@String(TMM   =	{IEEE TMM})
@String(ACMMM = {ACM MM})
@String(ICME  =	{ICME})
@String(ICASSP=	{ICASSP})
@String(ICIP  = {ICIP})
@String(ACCV  = {ACCV})
@String(ICLR  = {ICLR})
@String(IJCAI = {IJCAI})
@String(PR = {PR})
@String(AAAI = {AAAI})
@String(CVPRW= {CVPRW})
@String(CSVT = {IEEE TCSVT})

@article{tao2024survey,
  title={A survey on self-evolution of large language models},
  author={Tao, Zhengwei and Lin, Ting-En and Chen, Xiancai and Li, Hangyu and Wu, Yuchuan and Li, Yongbin and Jin, Zhi and Huang, Fei and Tao, Dacheng and Zhou, Jingren},
  journal={arXiv preprint arXiv:2404.14387},
  year={2024}
}

@article{ahmed2020k,
  title={The k-means algorithm: A comprehensive survey and performance evaluation},
  author={Ahmed, Mohiuddin and Seraj, Raihan and Islam, Syed Mohammed Shamsul},
  journal={Electronics},
  volume={9},
  number={8},
  pages={1295},
  year={2020},
  publisher={MDPI}
}

@inproceedings{deng2009imagenet,
  title={Imagenet: A large-scale hierarchical image database},
  author={Deng, Jia and Dong, Wei and Socher, Richard and Li, Li-Jia and Li, Kai and Fei-Fei, Li},
  booktitle={CVPR},
  pages={248--255},
  year={2009},
  organization={Ieee}
}

@article{dubey2024llama,
  title={The llama 3 herd of models},
  author={Dubey, Abhimanyu and Jauhri, Abhinav and Pandey, Abhinav and Kadian, Abhishek and Al-Dahle, Ahmad and Letman, Aiesha and Mathur, Akhil and Schelten, Alan and Yang, Amy and Fan, Angela and others},
  journal={arXiv preprint arXiv:2407.21783},
  year={2024}
}

@article{zhang2022opt,
  title={Opt: Open pre-trained transformer language models},
  author={Zhang, Susan and Roller, Stephen and Goyal, Naman and Artetxe, Mikel and Chen, Moya and Chen, Shuohui and Dewan, Christopher and Diab, Mona and Li, Xian and Lin, Xi Victoria and others},
  journal={arXiv preprint arXiv:2205.01068},
  year={2022}
}

@article{miao2023selfcheck,
  title={Selfcheck: Using llms to zero-shot check their own step-by-step reasoning},
  author={Miao, Ning and Teh, Yee Whye and Rainforth, Tom},
  journal={arXiv preprint arXiv:2308.00436},
  year={2023}
}

@article{podell2023sdxl,
      title={SDXL: Improving Latent Diffusion Models for High-Resolution Image Synthesis}, 
      author={Dustin Podell and Zion English and Kyle Lacey and Andreas Blattmann and Tim Dockhorn and Jonas MÃ¼ller and Joe Penna and Robin Rombach},
      journal={arXiv preprint arXiv:2307.01952},  
      year={2023}
}

@article{schuhmann2022laion,
  title={Laion-5b: An open large-scale dataset for training next generation image-text models},
  author={Schuhmann, Christoph and Beaumont, Romain and Vencu, Richard and Gordon, Cade and Wightman, Ross and Cherti, Mehdi and Coombes, Theo and Katta, Aarush and Mullis, Clayton and Wortsman, Mitchell and others},
  journal={NIPS},
  volume={35},
  pages={25278--25294},
  year={2022}
}

@inproceedings{radford2021learning,
  title={Learning transferable visual models from natural language supervision},
  author={Radford, Alec and Kim, Jong Wook and Hallacy, Chris and Ramesh, Aditya and Goh, Gabriel and Agarwal, Sandhini and Sastry, Girish and Askell, Amanda and Mishkin, Pamela and Clark, Jack and others},
  booktitle={ICML},
  pages={8748--8763},
  year={2021},
  organization={PMLR}
}

@inproceedings{han2024small,
  title={Small language model can self-correct},
  author={Han, Haixia and Liang, Jiaqing and Shi, Jie and He, Qianyu and Xiao, Yanghua},
  booktitle={AAAI},
  volume={38},
  number={16},
  pages={18162--18170},
  year={2024}
}

@article{ho2020denoising,
  title={Denoising diffusion probabilistic models},
  author={Ho, Jonathan and Jain, Ajay and Abbeel, Pieter},
  journal={NIPS},
  volume={33},
  pages={6840--6851},
  year={2020}
}

@inproceedings{karras2020analyzing,
  title={Analyzing and improving the image quality of stylegan},
  author={Karras, Tero and Laine, Samuli and Aittala, Miika and Hellsten, Janne and Lehtinen, Jaakko and Aila, Timo},
  booktitle={CVPR},
  pages={8110--8119},
  year={2020}
}

@article{rafailov2024direct,
  title={Direct preference optimization: Your language model is secretly a reward model},
  author={Rafailov, Rafael and Sharma, Archit and Mitchell, Eric and Manning, Christopher D and Ermon, Stefano and Finn, Chelsea},
  journal={NIPS},
  volume={36},
  year={2024}
}

@article{schmidhuber2003godel,
  title={G{\"o}del machines: self-referential universal problem solvers making provably optimal self-improvements},
  author={Schmidhuber, J{\"u}rgen},
  journal={arXiv preprint cs/0309048},
  year={2003}
}

@article{yampolskiy2015seed,
  title={From seed AI to technological singularity via recursively self-improving software},
  author={Yampolskiy, Roman V},
  journal={arXiv preprint arXiv:1502.06512},
  year={2015}
}

@article{nivel2013bounded,
  title={Bounded recursive self-improvement},
  author={Nivel, Eric and Th{\'o}risson, Kristinn R and Steunebrink, Bas R and Dindo, Haris and Pezzulo, Giovanni and Rodriguez, Manuel and Hern{\'a}ndez, Carlos and Ognibene, Dimitri and Schmidhuber, J{\"u}rgen and Sanz, Ricardo and others},
  journal={arXiv preprint arXiv:1312.6764},
  year={2013}
}

@inproceedings{steunebrink2016growing,
  title={Growing recursive self-improvers},
  author={Steunebrink, Bas R and Th{\'o}risson, Kristinn R and Schmidhuber, J{\"u}rgen},
  booktitle={ICAGI},
  pages={129--139},
  year={2016},
  organization={Springer}
}

@article{silver2016mastering,
  title={Mastering the game of Go with deep neural networks and tree search},
  author={Silver, David and Huang, Aja and Maddison, Chris J and Guez, Arthur and Sifre, Laurent and Van Den Driessche, George and Schrittwieser, Julian and Antonoglou, Ioannis and Panneershelvam, Veda and Lanctot, Marc and others},
  journal={Nature},
  volume={529},
  number={7587},
  pages={484--489},
  year={2016},
  publisher={Nature Publishing Group}
}

@article{zelikman2022star,
  title={Star: Bootstrapping reasoning with reasoning},
  author={Zelikman, Eric and Wu, Yuhuai and Mu, Jesse and Goodman, Noah},
  journal={NIPS},
  volume={35},
  pages={15476--15488},
  year={2022}
}

@article{yuan2024self,
  title={Self-rewarding language models},
  author={Yuan, Weizhe and Pang, Richard Yuanzhe and Cho, Kyunghyun and Sukhbaatar, Sainbayar and Xu, Jing and Weston, Jason},
  journal={arXiv preprint arXiv:2401.10020},
  year={2024}
}

@article{gou2023critic,
  title={Critic: Large language models can self-correct with tool-interactive critiquing},
  author={Gou, Zhibin and Shao, Zhihong and Gong, Yeyun and Shen, Yelong and Yang, Yujiu and Duan, Nan and Chen, Weizhu},
  journal={arXiv preprint arXiv:2305.11738},
  year={2023}
}

@article{chen2024self,
  title={Self-play fine-tuning converts weak language models to strong language models},
  author={Chen, Zixiang and Deng, Yihe and Yuan, Huizhuo and Ji, Kaixuan and Gu, Quanquan},
  journal={arXiv preprint arXiv:2401.01335},
  year={2024}
}

@article{ramesh2022hierarchical,
  title={Hierarchical text-conditional image generation with clip latents},
  author={Ramesh, Aditya and Dhariwal, Prafulla and Nichol, Alex and Chu, Casey and Chen, Mark},
  journal={arXiv preprint arXiv:2204.06125},
  volume={1},
  number={2},
  pages={3},
  year={2022}
}

@inproceedings{rombach2022high,
  title={High-resolution image synthesis with latent diffusion models},
  author={Rombach, Robin and Blattmann, Andreas and Lorenz, Dominik and Esser, Patrick and Ommer, Bj{\"o}rn},
  booktitle={CVPR},
  pages={10684--10695},
  year={2022}
}

@article{shumailov2024ai,
  title={AI models collapse when trained on recursively generated data},
  author={Shumailov, Ilia and Shumaylov, Zakhar and Zhao, Yiren and Papernot, Nicolas and Anderson, Ross and Gal, Yarin},
  journal={Nature},
  volume={631},
  number={8022},
  pages={755--759},
  year={2024},
  publisher={Nature Publishing Group UK London}
}

@article{dohmatob2024strong,
  title={Strong Model Collapse},
  author={Dohmatob, Elvis and Feng, Yunzhen and Kempe, Julia},
  journal={arXiv preprint arXiv:2410.04840},
  year={2024}
}

@article{alemohammad2023self,
  title={Self-consuming generative models go mad},
  author={Alemohammad, Sina and Casco-Rodriguez, Josue and Luzi, Lorenzo and Humayun, Ahmed Imtiaz and Babaei, Hossein and LeJeune, Daniel and Siahkoohi, Ali and Baraniuk, Richard G},
  journal={arXiv preprint arXiv:2307.01850},
  year={2023}
}

@article{madaan2024self,
  title={Self-refine: Iterative refinement with self-feedback},
  author={Madaan, Aman and Tandon, Niket and Gupta, Prakhar and Hallinan, Skyler and Gao, Luyu and Wiegreffe, Sarah and Alon, Uri and Dziri, Nouha and Prabhumoye, Shrimai and Yang, Yiming and others},
  journal={NIPS},
  volume={36},
  year={2024}
}

@article{chen2023teaching,
  title={Teaching large language models to self-debug},
  author={Chen, Xinyun and Lin, Maxwell and Sch{\"a}rli, Nathanael and Zhou, Denny},
  journal={arXiv preprint arXiv:2304.05128},
  year={2023}
}

@inproceedings{welleckgenerating,
  title={Generating Sequences by Learning to Self-Correct},
  author={Welleck, Sean and Lu, Ximing and West, Peter and Brahman, Faeze and Shen, Tianxiao and Khashabi, Daniel and Choi, Yejin},
  booktitle={ICLR}
}

@article{dai2023emu,
  title={Emu: Enhancing image generation models using photogenic needles in a haystack},
  author={Dai, Xiaoliang and Hou, Ji and Ma, Chih-Yao and Tsai, Sam and Wang, Jialiang and Wang, Rui and Zhang, Peizhao and Vandenhende, Simon and Wang, Xiaofang and Dubey, Abhimanyu and others},
  journal={arXiv preprint arXiv:2309.15807},
  year={2023}
}

@inproceedings{wallace2024diffusion,
  title={Diffusion model alignment using direct preference optimization},
  author={Wallace, Bram and Dang, Meihua and Rafailov, Rafael and Zhou, Linqi and Lou, Aaron and Purushwalkam, Senthil and Ermon, Stefano and Xiong, Caiming and Joty, Shafiq and Naik, Nikhil},
  booktitle={CVPR},
  pages={8228--8238},
  year={2024}
}

@article{black2023training,
  title={Training diffusion models with reinforcement learning},
  author={Black, Kevin and Janner, Michael and Du, Yilun and Kostrikov, Ilya and Levine, Sergey},
  journal={arXiv preprint arXiv:2305.13301},
  year={2023}
}

@article{fan2024reinforcement,
  title={Reinforcement learning for fine-tuning text-to-image diffusion models},
  author={Fan, Ying and Watkins, Olivia and Du, Yuqing and Liu, Hao and Ryu, Moonkyung and Boutilier, Craig and Abbeel, Pieter and Ghavamzadeh, Mohammad and Lee, Kangwook and Lee, Kimin},
  journal={NIPS},
  volume={36},
  year={2024}
}

@inproceedings{esser2024scaling,
  title={Scaling rectified flow transformers for high-resolution image synthesis},
  author={Esser, Patrick and Kulal, Sumith and Blattmann, Andreas and Entezari, Rahim and M{\"u}ller, Jonas and Saini, Harry and Levi, Yam and Lorenz, Dominik and Sauer, Axel and Boesel, Frederic and others},
  booktitle={ICML},
  year={2024}
}

@inproceedings{yang2024using,
  title={Using human feedback to fine-tune diffusion models without any reward model},
  author={Yang, Kai and Tao, Jian and Lyu, Jiafei and Ge, Chunjiang and Chen, Jiaxin and Shen, Weihan and Zhu, Xiaolong and Li, Xiu},
  booktitle={CVPR},
  pages={8941--8951},
  year={2024}
}

@article{kirstain2023pick,
  title={Pick-a-pic: An open dataset of user preferences for text-to-image generation},
  author={Kirstain, Yuval and Polyak, Adam and Singer, Uriel and Matiana, Shahbuland and Penna, Joe and Levy, Omer},
  journal={NIPS},
  volume={36},
  pages={36652--36663},
  year={2023}
}

@article{wu2023human,
  title={Human preference score v2: A solid benchmark for evaluating human preferences of text-to-image synthesis},
  author={Wu, Xiaoshi and Hao, Yiming and Sun, Keqiang and Chen, Yixiong and Zhu, Feng and Zhao, Rui and Li, Hongsheng},
  journal={arXiv preprint arXiv:2306.09341},
  year={2023}
}

@article{xu2024imagereward,
  title={Imagereward: Learning and evaluating human preferences for text-to-image generation},
  author={Xu, Jiazheng and Liu, Xiao and Wu, Yuchen and Tong, Yuxuan and Li, Qinkai and Ding, Ming and Tang, Jie and Dong, Yuxiao},
  journal={NIPS},
  volume={36},
  year={2024}
}

@inproceedings{wu2023humanhps,
  title={Human preference score: Better aligning text-to-image models with human preference},
  author={Wu, Xiaoshi and Sun, Keqiang and Zhu, Feng and Zhao, Rui and Li, Hongsheng},
  booktitle={ICCV},
  pages={2096--2105},
  year={2023}
}

@article{betker2023improving,
  title={Improving image generation with better captions},
  author={Betker, James and Goh, Gabriel and Jing, Li and Brooks, Tim and Wang, Jianfeng and Li, Linjie and Ouyang, Long and Zhuang, Juntang and Lee, Joyce and Guo, Yufei and others},
  journal={Computer Science.},
  volume={2},
  number={3},
  pages={8},
  year={2023}
}

@article{hu2021lora,
  title={Lora: Low-rank adaptation of large language models},
  author={Hu, Edward J and Shen, Yelong and Wallis, Phillip and Allen-Zhu, Zeyuan and Li, Yuanzhi and Wang, Shean and Wang, Lu and Chen, Weizhu},
  journal={arXiv preprint arXiv:2106.09685},
  year={2021}
}

@article{yu2022scaling,
  title={Scaling autoregressive models for content-rich text-to-image generation},
  author={Yu, Jiahui and Xu, Yuanzhong and Koh, Jing Yu and Luong, Thang and Baid, Gunjan and Wang, Zirui and Vasudevan, Vijay and Ku, Alexander and Yang, Yinfei and Ayan, Burcu Karagol and others},
  journal={arXiv preprint arXiv:2206.10789},
  volume={2},
  number={3},
  pages={5},
  year={2022}
}
