@article{alemohammad2023self,
  title={Self-consuming generative models go mad},
  author={Alemohammad, Sina and Casco-Rodriguez, Josue and Luzi, Lorenzo and Humayun, Ahmed Imtiaz and Babaei, Hossein and LeJeune, Daniel and Siahkoohi, Ali and Baraniuk, Richard G},
  journal={arXiv preprint arXiv:2307.01850},
  year={2023}
}

@article{betker2023improving,
  title={Improving image generation with better captions},
  author={Betker, James and Goh, Gabriel and Jing, Li and Brooks, Tim and Wang, Jianfeng and Li, Linjie and Ouyang, Long and Zhuang, Juntang and Lee, Joyce and Guo, Yufei and others},
  journal={Computer Science.},
  volume={2},
  number={3},
  pages={8},
  year={2023}
}

@article{black2023training,
  title={Training diffusion models with reinforcement learning},
  author={Black, Kevin and Janner, Michael and Du, Yilun and Kostrikov, Ilya and Levine, Sergey},
  journal={arXiv preprint arXiv:2305.13301},
  year={2023}
}

@article{chen2023teaching,
  title={Teaching large language models to self-debug},
  author={Chen, Xinyun and Lin, Maxwell and Sch{\"a}rli, Nathanael and Zhou, Denny},
  journal={arXiv preprint arXiv:2304.05128},
  year={2023}
}

@article{dai2023emu,
  title={Emu: Enhancing image generation models using photogenic needles in a haystack},
  author={Dai, Xiaoliang and Hou, Ji and Ma, Chih-Yao and Tsai, Sam and Wang, Jialiang and Wang, Rui and Zhang, Peizhao and Vandenhende, Simon and Wang, Xiaofang and Dubey, Abhimanyu and others},
  journal={arXiv preprint arXiv:2309.15807},
  year={2023}
}

@article{dohmatob2024strong,
  title={Strong Model Collapse},
  author={Dohmatob, Elvis and Feng, Yunzhen and Kempe, Julia},
  journal={arXiv preprint arXiv:2410.04840},
  year={2024}
}

@inproceedings{esser2024scaling,
  title={Scaling rectified flow transformers for high-resolution image synthesis},
  author={Esser, Patrick and Kulal, Sumith and Blattmann, Andreas and Entezari, Rahim and M{\"u}ller, Jonas and Saini, Harry and Levi, Yam and Lorenz, Dominik and Sauer, Axel and Boesel, Frederic and others},
  booktitle={ICML},
  year={2024}
}

@article{fan2024reinforcement,
  title={Reinforcement learning for fine-tuning text-to-image diffusion models},
  author={Fan, Ying and Watkins, Olivia and Du, Yuqing and Liu, Hao and Ryu, Moonkyung and Boutilier, Craig and Abbeel, Pieter and Ghavamzadeh, Mohammad and Lee, Kangwook and Lee, Kimin},
  journal={NIPS},
  volume={36},
  year={2024}
}

@inproceedings{han2024small,
  title={Small language model can self-correct},
  author={Han, Haixia and Liang, Jiaqing and Shi, Jie and He, Qianyu and Xiao, Yanghua},
  booktitle={AAAI},
  volume={38},
  number={16},
  pages={18162--18170},
  year={2024}
}

@article{ho2020denoising,
  title={Denoising diffusion probabilistic models},
  author={Ho, Jonathan and Jain, Ajay and Abbeel, Pieter},
  journal={NIPS},
  volume={33},
  pages={6840--6851},
  year={2020}
}

@inproceedings{karras2020analyzing,
  title={Analyzing and improving the image quality of stylegan},
  author={Karras, Tero and Laine, Samuli and Aittala, Miika and Hellsten, Janne and Lehtinen, Jaakko and Aila, Timo},
  booktitle={CVPR},
  pages={8110--8119},
  year={2020}
}

@article{kirstain2023pick,
  title={Pick-a-pic: An open dataset of user preferences for text-to-image generation},
  author={Kirstain, Yuval and Polyak, Adam and Singer, Uriel and Matiana, Shahbuland and Penna, Joe and Levy, Omer},
  journal={NIPS},
  volume={36},
  pages={36652--36663},
  year={2023}
}

@article{madaan2024self,
  title={Self-refine: Iterative refinement with self-feedback},
  author={Madaan, Aman and Tandon, Niket and Gupta, Prakhar and Hallinan, Skyler and Gao, Luyu and Wiegreffe, Sarah and Alon, Uri and Dziri, Nouha and Prabhumoye, Shrimai and Yang, Yiming and others},
  journal={NIPS},
  volume={36},
  year={2024}
}

@article{miao2023selfcheck,
  title={Selfcheck: Using llms to zero-shot check their own step-by-step reasoning},
  author={Miao, Ning and Teh, Yee Whye and Rainforth, Tom},
  journal={arXiv preprint arXiv:2308.00436},
  year={2023}
}

@article{podell2023sdxl,
      title={SDXL: Improving Latent Diffusion Models for High-Resolution Image Synthesis}, 
      author={Dustin Podell and Zion English and Kyle Lacey and Andreas Blattmann and Tim Dockhorn and Jonas MÃ¼ller and Joe Penna and Robin Rombach},
      journal={arXiv preprint arXiv:2307.01952},  
      year={2023}
}

@article{rafailov2024direct,
  title={Direct preference optimization: Your language model is secretly a reward model},
  author={Rafailov, Rafael and Sharma, Archit and Mitchell, Eric and Manning, Christopher D and Ermon, Stefano and Finn, Chelsea},
  journal={NIPS},
  volume={36},
  year={2024}
}

@article{schmidhuber2003godel,
  title={G{\"o}del machines: self-referential universal problem solvers making provably optimal self-improvements},
  author={Schmidhuber, J{\"u}rgen},
  journal={arXiv preprint cs/0309048},
  year={2003}
}

@article{shumailov2024ai,
  title={AI models collapse when trained on recursively generated data},
  author={Shumailov, Ilia and Shumaylov, Zakhar and Zhao, Yiren and Papernot, Nicolas and Anderson, Ross and Gal, Yarin},
  journal={Nature},
  volume={631},
  number={8022},
  pages={755--759},
  year={2024},
  publisher={Nature Publishing Group UK London}
}

@inproceedings{wallace2024diffusion,
  title={Diffusion model alignment using direct preference optimization},
  author={Wallace, Bram and Dang, Meihua and Rafailov, Rafael and Zhou, Linqi and Lou, Aaron and Purushwalkam, Senthil and Ermon, Stefano and Xiong, Caiming and Joty, Shafiq and Naik, Nikhil},
  booktitle={CVPR},
  pages={8228--8238},
  year={2024}
}

@inproceedings{welleckgenerating,
  title={Generating Sequences by Learning to Self-Correct},
  author={Welleck, Sean and Lu, Ximing and West, Peter and Brahman, Faeze and Shen, Tianxiao and Khashabi, Daniel and Choi, Yejin},
  booktitle={ICLR}
}

@article{wu2023human,
  title={Human preference score v2: A solid benchmark for evaluating human preferences of text-to-image synthesis},
  author={Wu, Xiaoshi and Hao, Yiming and Sun, Keqiang and Chen, Yixiong and Zhu, Feng and Zhao, Rui and Li, Hongsheng},
  journal={arXiv preprint arXiv:2306.09341},
  year={2023}
}

@inproceedings{wu2023humanhps,
  title={Human preference score: Better aligning text-to-image models with human preference},
  author={Wu, Xiaoshi and Sun, Keqiang and Zhu, Feng and Zhao, Rui and Li, Hongsheng},
  booktitle={ICCV},
  pages={2096--2105},
  year={2023}
}

@article{xu2024imagereward,
  title={Imagereward: Learning and evaluating human preferences for text-to-image generation},
  author={Xu, Jiazheng and Liu, Xiao and Wu, Yuchen and Tong, Yuxuan and Li, Qinkai and Ding, Ming and Tang, Jie and Dong, Yuxiao},
  journal={NIPS},
  volume={36},
  year={2024}
}

@inproceedings{yang2024using,
  title={Using human feedback to fine-tune diffusion models without any reward model},
  author={Yang, Kai and Tao, Jian and Lyu, Jiafei and Ge, Chunjiang and Chen, Jiaxin and Shen, Weihan and Zhu, Xiaolong and Li, Xiu},
  booktitle={CVPR},
  pages={8941--8951},
  year={2024}
}

@article{yuan2024self,
  title={Self-rewarding language models},
  author={Yuan, Weizhe and Pang, Richard Yuanzhe and Cho, Kyunghyun and Sukhbaatar, Sainbayar and Xu, Jing and Weston, Jason},
  journal={arXiv preprint arXiv:2401.10020},
  year={2024}
}

@article{zhang2022opt,
  title={Opt: Open pre-trained transformer language models},
  author={Zhang, Susan and Roller, Stephen and Goyal, Naman and Artetxe, Mikel and Chen, Moya and Chen, Shuohui and Dewan, Christopher and Diab, Mona and Li, Xian and Lin, Xi Victoria and others},
  journal={arXiv preprint arXiv:2205.01068},
  year={2022}
}

