@ARTICLE{9520375,
  author={Sun, Xiaoqiang and Yu, F. Richard and Zhang, Peng and Sun, Zhiwei and Xie, Weixin and Peng, Xiang},
  journal={IEEE Network}, 
  title={A Survey on Zero-Knowledge Proof in Blockchain}, 
  year={2021},
  volume={35},
  number={4},
  pages={198-205},
  doi={10.1109/MNET.011.2000473}}

@online{CelerNetwork2023Pantheon,
  author = {{Celer Network}},
  title = {The Pantheon of Zero Knowledge Proof Development Frameworks (Updated!)},
  year = 2023,
  url = {https://blog.celer.network/2023/08/04/the-pantheon-of-zero-knowledge-proof-development-frameworks/},
}

@online{Delendum2023ZKSystemBenchmarking,
  author = {Bobbin Threadbare and Dominik Schmid and Tim Carstens and Brian Retford and Daniel Lubarov and Andrei Nagornyi and Ventali Tan},
  title = {ZK System Benchmarking},
  year = 2023,
  url = {https://delendum.xyz/writings/2023-01-11-zk-system-benchmarking.html},
}

@inproceedings{hastings2019sok,
  title={Sok: General purpose compilers for secure multi-party computation},
  author={Hastings, Marcella and Hemenway, Brett and Noble, Daniel and Zdancewic, Steve},
  booktitle={2019 IEEE symposium on security and privacy (SP)},
  pages={1220--1237},
  year={2019},
  organization={IEEE}
}

@article{partala2020non,
  title={Non-interactive zero-knowledge for blockchain: A survey},
  author={Partala, Juha and Nguyen, Tri Hong and Pirttikangas, Susanna},
  journal={IEEE Access},
  volume={8},
  pages={227945--227961},
  year={2020},
  publisher={IEEE}
}

@inproceedings{viand2021sok,
  title={SoK: Fully homomorphic encryption compilers},
  author={Viand, Alexander and Jattke, Patrick and Hithnawi, Anwar},
  booktitle={2021 IEEE Symposium on Security and Privacy (SP)},
  pages={1092--1108},
  year={2021},
  organization={IEEE}
}

