@software{arkworks,
  author = {arkworks contributors},
  title = {\texttt{arkworks} zkSNARK ecosystem},
  url = {https://arkworks.rs},
  year = {2022},
}

 @software{emptool,
 author={Xiao Wang},
  title={EMP-Toolkit},
 url={https://github.com/emp-toolkit}
 }

  @software{empzk,
 author={Xiao Wang},
  title={EMP-zk},
 url={https://github.com/emp-toolkit/emp-zk}
 }

  @software{icicle,
 author={Ingonyama},
  title={ICICLE: GPU Library for ZK Acceleration},
 url={https://github.com/ingonyama-zk/icicle}
 }

 @inproceedings{weng2021wolverine,
  title={Wolverine: fast, scalable, and communication-efficient zero-knowledge proofs for boolean and arithmetic circuits},
  author={Weng, Chenkai and Yang, Kang and Katz, Jonathan and Wang, Xiao},
  booktitle={2021 IEEE Symposium on Security and Privacy (SP)},
  pages={1074--1091},
  year={2021},
  organization={IEEE}
}

@article{yang2021quicksilver,
  title={QuickSilver: Efficient and Affordable Zero-Knowledge Proofs for Circuits and Polynomials over Any Field.},
  author={Yang, Kang and Sarkar, Pratik and Weng, Chenkai and Wang, Xiao},
  journal={IACR Cryptol. ePrint Arch.},
  volume={2021},
  pages={76},
  year={2021}
}

@inproceedings{weng2021mystique,
  title={Mystique: Efficient Conversions for $\{$Zero-Knowledge$\}$ Proofs with Applications to Machine Learning},
  author={Weng, Chenkai and Yang, Kang and Xie, Xiang and Katz, Jonathan and Wang, Xiao},
  booktitle={30th USENIX Security Symposium (USENIX Security 21)},
  pages={501--518},
  year={2021}
}

@article{pedersenhash,
  title={4-bit Window Pedersen Hash On The Baby Jubjub Elliptic Curve.},
  author={Baylina1, Jordi and Belle`s, Marta},
  url={https://iden3-docs.readthedocs.io/en/latest/_downloads/4b929e0f96aef77b75bb5cfc0f832151/Pedersen-Hash.pdf}
}

@inproceedings{poseidonhash,
author = {Lorenzo Grassi and Dmitry Khovratovich and Christian Rechberger and Arnab Roy and Markus Schofnegger},
title = {Poseidon: A New Hash Function for {Zero-Knowledge} Proof Systems},
booktitle = {30th USENIX Security Symposium (USENIX Security 21)},
year = {2021},
isbn = {978-1-939133-24-3},
pages = {519--535},
url = {https://www.usenix.org/conference/usenixsecurity21/presentation/grassi},
publisher = {USENIX Association},
month = aug,
}

@InProceedings{groth16,
author="Groth, Jens",
editor="Fischlin, Marc
and Coron, Jean-S{\'e}bastien",
title="On the Size of Pairing-Based Non-interactive Arguments",
booktitle="Advances in Cryptology -- EUROCRYPT 2016",
year="2016",
publisher="Springer Berlin Heidelberg",
address="Berlin, Heidelberg",
pages="305--326",
abstract="Non-interactive arguments enable a prover to convince a verifier that a statement is true. Recently there has been a lot of progress both in theory and practice on constructing highly efficient non-interactive arguments with small size and low verification complexity, so-called succinct non-interactive arguments (SNARGs) and succinct non-interactive arguments of knowledge (SNARKs).",
isbn="978-3-662-49896-5"
}

@misc{plonk,
      author = {Ariel Gabizon and Zachary J.  Williamson and Oana Ciobotaru},
      title = {PLONK: Permutations over Lagrange-bases for Oecumenical Noninteractive arguments of Knowledge},
      howpublished = {Cryptology ePrint Archive, Paper 2019/953},
      year = {2019},
      note = {\url{https://eprint.iacr.org/2019/953}},
      url = {https://eprint.iacr.org/2019/953}
}

@software{gnark-v0.8.0,
  author       = {Gautam Botrel and
                  Thomas Piellard and
                  Youssef El Housni and
                  Ivo Kubjas and
                  Arya Tabaie},
  title        = {ConsenSys/gnark: v0.8.0},
  month        = feb,
  year         = 2023,
  publisher    = {Zenodo},
  version      = {v0.8.0},
  doi          = {10.5281/zenodo.5819104},
  url          = {https://doi.org/10.5281/zenodo.5819104}
}

@misc{mimchash,
      author = {Martin Albrecht and Lorenzo Grassi and Christian Rechberger and Arnab Roy and Tyge Tiessen},
      title = {MiMC: Efficient Encryption and Cryptographic Hashing with Minimal Multiplicative Complexity},
      howpublished = {Cryptology ePrint Archive, Paper 2016/492},
      year = {2016},
      note = {\url{https://eprint.iacr.org/2016/492}},
      url = {https://eprint.iacr.org/2016/492}
}

@misc{uscs,
      author = {George Danezis and Cedric Fournet and Jens Groth and Markulf Kohlweiss},
      title = {Square Span Programs with Applications to Succinct NIZK Arguments},
      howpublished = {Cryptology ePrint Archive, Paper 2014/718},
      year = {2014},
      note = {\url{https://eprint.iacr.org/2014/718}},
      url = {https://eprint.iacr.org/2014/718}
}

 @misc{libsnark,
  title={{libsnark}},
 HOWPUBLISHED ={\url{https://github.com/scipr-lab/libsnark}}
 }

@inproceedings{kosba2018xjsnark,
  title={xJsnark: A framework for efficient verifiable computation},
  author={Kosba, Ahmed and Papamanthou, Charalampos and Shi, Elaine},
  booktitle={2018 IEEE Symposium on Security and Privacy (SP)},
  pages={944--961},
  year={2018},
  organization={IEEE}
}

@software{gnark-v0.9.0,
  author       = {Gautam Botrel and
                  Thomas Piellard and
                  Youssef El Housni and
                  Ivo Kubjas and
                  Arya Tabaie},
  title        = {ConsenSys/gnark: v0.9.0},
  month        = feb,
  year         = 2023,
  publisher    = {Zenodo},
  version      = {v0.9.0},
  doi          = {10.5281/zenodo.5819104},
  url          = {https://doi.org/10.5281/zenodo.5819104}
}

@inproceedings{kilian1992note,
  title={A note on efficient zero-knowledge proofs and arguments},
  author={Kilian, Joe},
  booktitle={Proceedings of the twenty-fourth annual ACM symposium on Theory of computing},
  pages={723--732},
  year={1992}
}

@inproceedings{wahby2017full,
  title={Full accounting for verifiable outsourcing},
  author={Wahby, Riad S and Ji, Ye and Blumberg, Andrew J and Shelat, Abhi and Thaler, Justin and Walfish, Michael and Wies, Thomas},
  booktitle={Proceedings of the 2017 ACM SIGSAC Conference on Computer and Communications Security},
  pages={2071--2086},
  year={2017}
}

@inproceedings{wahby2018doubly,
  title={Doubly-efficient zkSNARKs without trusted setup},
  author={Wahby, Riad S and Tzialla, Ioanna and Shelat, Abhi and Thaler, Justin and Walfish, Michael},
  booktitle={2018 IEEE Symposium on Security and Privacy (SP)},
  pages={926--943},
  year={2018},
  organization={IEEE}
}

 @misc{hyraxZK,
  title={{hyraxZK}},
 HOWPUBLISHED ={\url{https://github.com/hyraxZK/hyraxZK}}
 }

@misc{swanky,
    author = {{Galois, Inc.}},
    title = {{swanky}: A suite of rust libraries for secure computation},
    howpublished = {\url{https://github.com/GaloisInc/swanky}},
    year = 2019,
}

 @misc{dietmc,
  title={{Diet Mac'n'Cheese}},
 HOWPUBLISHED ={\url{https://github.com/GaloisInc/swanky/tree/dev/diet-mac-and-cheese}}
 }


 @misc{picozk,
  title={{PicoZK}},
 HOWPUBLISHED ={\url{https://github.com/uvm-plaid/picozk}}
 }

@inproceedings{baum2021mac,
  title={Mac'n'Cheese: Zero-Knowledge Proofs for Boolean and Arithmetic Circuits with Nested Disjunctions},
  author={Baum, Carsten and Malozemoff, Alex J and Rosen, Marc B and Scholl, Peter},
  booktitle={Advances in Cryptology--CRYPTO 2021: 41st Annual International Cryptology Conference, CRYPTO 2021, Virtual Event, August 16--20, 2021, Proceedings, Part IV 41},
  pages={92--122},
  year={2021},
  organization={Springer}
}


@inproceedings{setty2020spartan,
  title={Spartan: Efficient and general-purpose zkSNARKs without trusted setup},
  author={Setty, Srinath},
  booktitle={Annual International Cryptology Conference},
  pages={704--737},
  year={2020},
  organization={Springer}
}

 @misc{Spartan,
  title={{Spartan}},
 HOWPUBLISHED ={\url{https://github.com/microsoft/Spartan}}
 }

 @misc{ristretto,
  title={{The Ristretto Group}},
 HOWPUBLISHED ={\url{https://ristretto.group}}
 }


@inproceedings{bernstein2006curve25519,
  title={Curve25519: new Diffie-Hellman speed records},
  author={Bernstein, Daniel J},
  booktitle={Public Key Cryptography-PKC 2006: 9th International Conference on Theory and Practice in Public-Key Cryptography, New York, NY, USA, April 24-26, 2006. Proceedings 9},
  pages={207--228},
  year={2006},
  organization={Springer}
}

@inproceedings{eberhardt2018zokrates,
  title={Zokrates-scalable privacy-preserving off-chain computations},
  author={Eberhardt, Jacob and Tai, Stefan},
  booktitle={2018 IEEE International Conference on Internet of Things (iThings) and IEEE Green Computing and Communications (GreenCom) and IEEE Cyber, Physical and Social Computing (CPSCom) and IEEE Smart Data (SmartData)},
  pages={1084--1091},
  year={2018},
  organization={IEEE}
}

@article{benarroch2020community,
  title={â€˜Community proposal: Zkinterface, a standard tool for zero-knowledge interoperability},
  author={Benarroch, Daniel and Gurkan, Kobi and Kahat, Ron and Nicolas, Aur{\'e}lien and Tromer, Eran},
  journal={QEDIT, Tel Aviv-Yafo, Israel, Tech. Rep},
  year={2020}
}

@inproceedings{kosba2020mirage,
  title={$\{$MIRAGE$\}$: Succinct Arguments for Randomized Algorithms with Applications to Universal $\{$zk-SNARKs$\}$},
  author={Kosba, Ahmed and Papadopoulos, Dimitrios and Papamanthou, Charalampos and Song, Dawn},
  booktitle={29th USENIX Security Symposium (USENIX Security 20)},
  pages={2129--2146},
  year={2020}
}

 @misc{Mirage,
  title={{Mirage}},
 HOWPUBLISHED ={\url{https://github.com/akosba/mirage/tree/master}}
 }

@inproceedings{campanelli2019legosnark,
  title={Legosnark: Modular design and composition of succinct zero-knowledge proofs},
  author={Campanelli, Matteo and Fiore, Dario and Querol, Ana{\"\i}s},
  booktitle={Proceedings of the 2019 ACM SIGSAC Conference on Computer and Communications Security},
  pages={2075--2092},
  year={2019}
}

@inproceedings{lipmaa2016prover,
  title={Prover-efficient commit-and-prove zero-knowledge SNARKs},
  author={Lipmaa, Helger},
  booktitle={Progress in Cryptology--AFRICACRYPT 2016: 8th International Conference on Cryptology in Africa, Fes, Morocco, April 13-15, 2016, Proceedings 8},
  pages={185--206},
  year={2016},
  organization={Springer}
}

 @misc{legosnark,
  title={{LegoSNARK}},
 HOWPUBLISHED ={\url{https://github.com/imdea-software/legosnark/}}
 }

 @misc{PySNARK,
  title={{PySNARK}},
 HOWPUBLISHED ={\url{https://github.com/meilof/pysnark}}
 }

@misc{baylina2020iden3,
  title={iden3/snarkjs},
  author={Baylina, Jordi},
  year={2020},
  publisher={Snarkjs}
}

@article{munoz2022circom,
  title={CIRCOM: A Robust and Scalable Language for Building Complex Zero-Knowledge Circuits},
  author={Mu{\~n}oz-Tapia, Jose L and Belles, Marta and Isabel, Miguel and Rubio, Albert and Baylina, Jordi},
  year={2022},
  publisher={TechRxiv}
}




 @misc{RapidSNARK,
  title={{RapidSNARK}},
 HOWPUBLISHED ={\url{https://github.com/iden3/rapidsnark}}
 }

@inproceedings{zhang2020transparent,
  title={Transparent polynomial delegation and its applications to zero knowledge proof},
  author={Zhang, Jiaheng and Xie, Tiancheng and Zhang, Yupeng and Song, Dawn},
  booktitle={2020 IEEE Symposium on Security and Privacy (SP)},
  pages={859--876},
  year={2020},
  organization={IEEE}
}

@article{goldwasser2015delegating,
  title={Delegating computation: interactive proofs for muggles},
  author={Goldwasser, Shafi and Kalai, Yael Tauman and Rothblum, Guy N},
  journal={Journal of the ACM (JACM)},
  volume={62},
  number={4},
  pages={1--64},
  year={2015},
  publisher={ACM New York, NY, USA}
}

@misc{virgoplus,
      author = {Jiaheng Zhang and Tianyi Liu and Weijie Wang and Yinuo Zhang and Dawn Song and Xiang Xie and Yupeng Zhang},
      title = {Doubly Efficient Interactive Proofs for General Arithmetic Circuits with Linear Prover Time},
      howpublished = {Cryptology ePrint Archive, Paper 2020/1247},
      year = {2020},
      note = {\url{https://eprint.iacr.org/2020/1247}},
      url = {https://eprint.iacr.org/2020/1247}
}

@inproceedings{baum2022moz,
  title={Moz Z 2 k arella: efficient vector-OLE and zero-knowledge proofs over Z 2 k},
  author={Baum, Carsten and Braun, Lennart and Munch-Hansen, Alexander and Scholl, Peter},
  booktitle={Annual International Cryptology Conference},
  pages={329--358},
  year={2022},
  organization={Springer}
}

@inproceedings{freivalds1977probabilistic,
  title={Probabilistic Machines Can Use Less Running Time.},
  author={Freivalds, Rusins},
  booktitle={IFIP congress},
  volume={839},
  pages={842},
  year={1977}
}

@inproceedings{ishai2007zero,
  title={Zero-knowledge from secure multiparty computation},
  author={Ishai, Yuval and Kushilevitz, Eyal and Ostrovsky, Rafail and Sahai, Amit},
  booktitle={Proceedings of the thirty-ninth annual ACM symposium on Theory of computing},
  pages={21--30},
  year={2007}
}

@inproceedings{ames2017ligero,
  title={Ligero: Lightweight sublinear arguments without a trusted setup},
  author={Ames, Scott and Hazay, Carmit and Ishai, Yuval and Venkitasubramaniam, Muthuramakrishnan},
  booktitle={Proceedings of the 2017 acm sigsac conference on computer and communications security},
  pages={2087--2104},
  year={2017}
}

@misc{bristol,
  author = {Stefan Tillich and Nigel Smart},
  title = {(Bristol Format) Circuits of Basic Functions Suitable For MPC and FHE},
  year = 2023,
  url = {https://homes.esat.kuleuven.be/~nsmart/MPC/old-circuits.html}
}


@misc{limbo,
      author = {Cyprien Delpech de Saint Guilhem and Emmanuela Orsini and Titouan Tanguy},
      title = {Limbo: Efficient Zero-knowledge MPCitH-based Arguments},
      howpublished = {Cryptology ePrint Archive, Paper 2021/215},
      year = {2021},
      doi = {10.1145/3460120.3484595},
      note = {\url{https://eprint.iacr.org/2021/215}},
      url = {https://eprint.iacr.org/2021/215}
}

@article{hopwood2016zcash,
  title={Zcash protocol specification},
  author={Hopwood, Daira and Bowe, Sean and Hornby, Taylor and Wilcox, Nathan and others},
  journal={GitHub: San Francisco, CA, USA},
  volume={4},
  number={220},
  pages={32},
  year={2016}
}

@article{boo2021litezkp,
  title={LiteZKP: Lightening zero-knowledge proof-based blockchains for IoT and edge platforms},
  author={Boo, EunSeong and Kim, Joongheon and Ko, JeongGil},
  journal={IEEE Systems Journal},
  volume={16},
  number={1},
  pages={112--123},
  year={2021},
  publisher={IEEE}
}

@misc{chainOverviewZeroKnowledge,
	author = {Chainlink},
	title = {{O}verview {O}f {Z}ero-{K}nowledge {B}lockchain {P}rojects | {C}hainlink --- chain.link},
	howpublished = {\url{https://chain.link/education-hub/zero-knowledge-proof-projects}},
	year = {},
}

@misc{binanceWhatZeroknowledge,
	author = {Binance},
	title = {{W}hat {I}s {Z}ero-knowledge {P}roof and {H}ow {D}oes {I}t {I}mpact {B}lockchain? | {B}inance {A}cademy --- academy.binance.com},
	howpublished = {\url{https://academy.binance.com/en/articles/what-is-zero-knowledge-proof-and-how-does-it-impact-blockchain}},
	year = {},
}

@inproceedings{vcapko2022state,
  title={State of the Art of Zero-Knowledge Proofs in Blockchain},
  author={{\v{C}}apko, Darko and Vukmirovi{\'c}, Sr{\dj}an and Nedi{\'c}, Nemanja},
  booktitle={2022 30th Telecommunications Forum (TELFOR)},
  pages={1--4},
  year={2022},
  organization={IEEE}
}

@article{tomaz2020preserving,
  title={Preserving privacy in mobile health systems using non-interactive zero-knowledge proof and blockchain},
  author={Tomaz, Antonio Emerson Barros and Do Nascimento, Jose Claudio and Hafid, Abdelhakim Senhaji and De Souza, Jose Neuman},
  journal={IEEE access},
  volume={8},
  pages={204441--204458},
  year={2020},
  publisher={IEEE}
}

@inproceedings{sharma2020blockchain,
  title={Blockchain-based interoperable healthcare using zero-knowledge proofs and proxy re-encryption},
  author={Sharma, Bhavye and Halder, Raju and Singh, Jawar},
  booktitle={2020 International Conference on COMmunication Systems \& NETworkS (COMSNETS)},
  pages={1--6},
  year={2020},
  organization={IEEE}
}

@article{gaba2022zero,
  title={Zero knowledge proofs based authenticated key agreement protocol for sustainable healthcare},
  author={Gaba, Gurjot Singh and Hedabou, Mustapha and Kumar, Pardeep and Braeken, An and Liyanage, Madhusanka and Alazab, Mamoun},
  journal={Sustainable Cities and Society},
  volume={80},
  pages={103766},
  year={2022},
  publisher={Elsevier}
}

@inproceedings{rabin2012strictly,
  title={Strictly-black-box zero-knowledge and efficient validation of financial transactions},
  author={Rabin, Michael O and Mansour, Yishay and Muthukrishnan, S and Yung, Moti},
  booktitle={International Colloquium on Automata, Languages, and Programming},
  pages={738--749},
  year={2012},
  organization={Springer}
}

@misc{thorpe2009zero,
  title={Zero-knowledge proofs in large trades},
  author={Thorpe, Christopher and Parkes, David C},
  year={2009},
  month=jul # "~9",
  publisher={Google Patents},
  note={US Patent App. 12/261,249}
}

@article{lin2021efficient,
  title={An efficient privacy-preserving credit score system based on noninteractive zero-knowledge proof},
  author={Lin, Chao and Luo, Min and Huang, Xinyi and Choo, Kim-Kwang Raymond and He, Debiao},
  journal={IEEE systems journal},
  volume={16},
  number={1},
  pages={1592--1601},
  year={2021},
  publisher={IEEE}
}

@article{bamberger2022verification,
  title={Verification dilemmas in law and the promise of zero-knowledge proofs},
  author={Bamberger, Kenneth A and Canetti, Ran and Goldwasser, Shafi and Wexler, Rebecca and Zimmerman, Evan J},
  journal={Berkeley Tech. LJ},
  volume={37},
  pages={1},
  year={2022},
  publisher={HeinOnline}
}

@article{landau1988zero,
  title={Zero knowledge and the Department of Defense},
  author={Landau, Susan},
  journal={Notices of the American Mathematical Society},
  volume={35},
  number={1},
  pages={5--12},
  year={1988}
}

@incollection{goldwasser2019knowledge,
  title={The knowledge complexity of interactive proof-systems},
  author={Goldwasser, Shafi and Micali, Silvio and Rackoff, Chales},
  booktitle={Providing sound foundations for cryptography: On the work of shafi goldwasser and silvio micali},
  pages={203--225},
  year={2019}
}

@inproceedings{ben2014succinct,
  title={Succinct $\{$Non-Interactive$\}$ zero knowledge for a von neumann architecture},
  author={Ben-Sasson, Eli and Chiesa, Alessandro and Tromer, Eran and Virza, Madars},
  booktitle={23rd USENIX Security Symposium (USENIX Security 14)},
  pages={781--796},
  year={2014}
}

@article{ben2018scalable,
  title={Scalable, transparent, and post-quantum secure computational integrity},
  author={Ben-Sasson, Eli and Bentov, Iddo and Horesh, Yinon and Riabzev, Michael},
  journal={Cryptology ePrint Archive},
  year={2018}
}

@article{agarwal1975number,
  title={Number theoretic transforms to implement fast digital convolution},
  author={Agarwal, Ramesh C and Burrus, C Sidney},
  journal={Proceedings of the IEEE},
  volume={63},
  number={4},
  pages={550--560},
  year={1975},
  publisher={IEEE}
}

@article{hirner2023proteus,
  title={PROTEUS: A Tool to generate pipelined Number Theoretic Transform Architectures for FHE and ZKP applications},
  author={Hirner, Florian and Mert, Ahmet Can and Roy, Sujoy Sinha},
  journal={Cryptology ePrint Archive},
  year={2023}
}

@inproceedings{zhang2021pipezk,
  title={Pipezk: Accelerating zero-knowledge proof with a pipelined architecture},
  author={Zhang, Ye and Wang, Shuo and Zhang, Xian and Dong, Jiangbin and Mao, Xingzhong and Long, Fan and Wang, Cong and Zhou, Dong and Gao, Mingyu and Sun, Guangyu},
  booktitle={2021 ACM/IEEE 48th Annual International Symposium on Computer Architecture (ISCA)},
  pages={416--428},
  year={2021},
  organization={IEEE}
}

@inproceedings{doche2009double,
  title={Double-base number system for multi-scalar multiplications},
  author={Doche, Christophe and Kohel, David R and Sica, Francesco},
  booktitle={Annual International Conference on the Theory and Applications of Cryptographic Techniques},
  pages={502--517},
  year={2009},
  organization={Springer}
}

@inproceedings{zhang2020zero,
  title={Zero knowledge proofs for decision tree predictions and accuracy},
  author={Zhang, Jiaheng and Fang, Zhiyong and Zhang, Yupeng and Song, Dawn},
  booktitle={Proceedings of the 2020 ACM SIGSAC Conference on Computer and Communications Security},
  pages={2039--2053},
  year={2020}
}

@inproceedings{grubbs2022zero,
  title={$\{$Zero-Knowledge$\}$ Middleboxes},
  author={Grubbs, Paul and Arun, Arasu and Zhang, Ye and Bonneau, Joseph and Walfish, Michael},
  booktitle={31st USENIX Security Symposium (USENIX Security 22)},
  pages={4255--4272},
  year={2022}
}

@inproceedings{sheybani2023zkrownn,
  title={ZKROWNN: Zero Knowledge Right of Ownership for Neural Networks},
  author={Sheybani, Nojan and Ghodsi, Zahra and Kapila, Ritvik and Koushanfar, Farinaz},
  booktitle={2023 60th ACM/IEEE Design Automation Conference (DAC)},
  pages={1--6},
  year={2023},
  organization={IEEE}
}

@online{CelerNetwork2023Pantheon,
  author = {{Celer Network}},
  title = {The Pantheon of Zero Knowledge Proof Development Frameworks (Updated!)},
  year = 2023,
  url = {https://blog.celer.network/2023/08/04/the-pantheon-of-zero-knowledge-proof-development-frameworks/},
}

@online{Delendum2023ZKSystemBenchmarking,
  author = {Bobbin Threadbare and Dominik Schmid and Tim Carstens and Brian Retford and Daniel Lubarov and Andrei Nagornyi and Ventali Tan},
  title = {ZK System Benchmarking},
  year = 2023,
  url = {https://delendum.xyz/writings/2023-01-11-zk-system-benchmarking.html},
}

@ARTICLE{9520375,
  author={Sun, Xiaoqiang and Yu, F. Richard and Zhang, Peng and Sun, Zhiwei and Xie, Weixin and Peng, Xiang},
  journal={IEEE Network}, 
  title={A Survey on Zero-Knowledge Proof in Blockchain}, 
  year={2021},
  volume={35},
  number={4},
  pages={198-205},
  doi={10.1109/MNET.011.2000473}}

@inproceedings{hastings2019sok,
  title={Sok: General purpose compilers for secure multi-party computation},
  author={Hastings, Marcella and Hemenway, Brett and Noble, Daniel and Zdancewic, Steve},
  booktitle={2019 IEEE symposium on security and privacy (SP)},
  pages={1220--1237},
  year={2019},
  organization={IEEE}
}

@inproceedings{viand2021sok,
  title={SoK: Fully homomorphic encryption compilers},
  author={Viand, Alexander and Jattke, Patrick and Hithnawi, Anwar},
  booktitle={2021 IEEE Symposium on Security and Privacy (SP)},
  pages={1092--1108},
  year={2021},
  organization={IEEE}
}

@article{vsimunic2021verifiable,
  title={Verifiable computing applications in blockchain},
  author={{\v{S}}imuni{\'c}, Silvio and Bernaca, Dalen and Lenac, Kristijan},
  journal={IEEE Access},
  volume={9},
  pages={156729--156745},
  year={2021},
  publisher={IEEE}
}

@inproceedings{liu2021zkcnn,
  title={ZkCNN: Zero knowledge proofs for convolutional neural network predictions and accuracy},
  author={Liu, Tianyi and Xie, Xiang and Zhang, Yupeng},
  booktitle={Proceedings of the 2021 ACM SIGSAC Conference on Computer and Communications Security},
  pages={2968--2985},
  year={2021}
}

@article{lee2020vcnn,
  title={vcnn: Verifiable convolutional neural network based on zk-snarks},
  author={Lee, Seunghwa and Ko, Hankyung and Kim, Jihye and Oh, Hyunok},
  journal={Cryptology ePrint Archive},
  year={2020}
}

@article{feng2021zen,
  title={Zen: An optimizing compiler for verifiable, zero-knowledge neural network inferences},
  author={Feng, Boyuan and Qin, Lianke and Zhang, Zhenfei and Ding, Yufei and Chu, Shumo},
  journal={Cryptology ePrint Archive},
  year={2021}
}

@online{ZkonduitInc2023EZKL,
  author = {{Zkonduit Inc.}},
  title = {What is EZKL?},
  year = 2023,
  url = {https://docs.ezkl.xyz},
}

@misc{Monero2023,
  author = {Monero},
  title = {Home | Monero - secure, private, untraceable},
  howpublished = {\url{https://www.getmonero.org}},
  year = 2023,
}


@misc{0xPolygonZero2023Plonky2,
  author = {0xPolygonZero},
  title = {plonky2},
  year = 2023,
  url = {https://github.com/0xPolygonZero/plonky2/tree/main},
}

@misc{PolygonLabs2023PolygonZkEVM,
  author = {{Polygon Labs UI (Cayman) Ltd.}},
  title = {Polygon zkEVM | Scaling for the Ethereum Virtual Machine},
  year = 2023,
  howpublished = {\url{https://polygon.technology/polygon-zkevm}},
}


@inproceedings{kothapalli2022nova,
  title={Nova: Recursive zero-knowledge arguments from folding schemes},
  author={Kothapalli, Abhiram and Setty, Srinath and Tzialla, Ioanna},
  booktitle={Annual International Cryptology Conference},
  pages={359--388},
  year={2022},
  organization={Springer}
}

@inproceedings{ghodsi2023zprobe,
  title={zPROBE: Zero peek robustness checks for federated learning},
  author={Ghodsi, Zahra and Javaheripi, Mojan and Sheybani, Nojan and Zhang, Xinqiao and Huang, Ke and Koushanfar, Farinaz},
  booktitle={Proceedings of the IEEE/CVF International Conference on Computer Vision},
  pages={4860--4870},
  year={2023}
}

@article{so2020byzantine,
  title={Byzantine-resilient secure federated learning},
  author={So, Jinhyun and G{\"u}ler, Ba{\c{s}}ak and Avestimehr, A Salman},
  journal={IEEE Journal on Selected Areas in Communications},
  volume={39},
  number={7},
  pages={2168--2181},
  year={2020},
  publisher={IEEE}
}

@inproceedings{roy2022eiffel,
  title={Eiffel: Ensuring integrity for federated learning},
  author={Roy Chowdhury, Amrita and Guo, Chuan and Jha, Somesh and van der Maaten, Laurens},
  booktitle={Proceedings of the 2022 ACM SIGSAC Conference on Computer and Communications Security},
  pages={2535--2549},
  year={2022}
}

@inproceedings{lycklama2023rofl,
  title={Rofl: Robustness of secure federated learning},
  author={Lycklama, Hidde and Burkhalter, Lukas and Viand, Alexander and K{\"u}chler, Nicolas and Hithnawi, Anwar},
  booktitle={2023 IEEE Symposium on Security and Privacy (SP)},
  pages={453--476},
  year={2023},
  organization={IEEE}
}

@inproceedings{bonawitz2017practical,
  title={Practical secure aggregation for privacy-preserving machine learning},
  author={Bonawitz, Keith and Ivanov, Vladimir and Kreuter, Ben and Marcedone, Antonio and McMahan, H Brendan and Patel, Sarvar and Ramage, Daniel and Segal, Aaron and Seth, Karn},
  booktitle={proceedings of the 2017 ACM SIGSAC Conference on Computer and Communications Security},
  pages={1175--1191},
  year={2017}
}

@inproceedings{fang2020local,
  title={Local model poisoning attacks to $\{$Byzantine-Robust$\}$ federated learning},
  author={Fang, Minghong and Cao, Xiaoyu and Jia, Jinyuan and Gong, Neil},
  booktitle={29th USENIX security symposium (USENIX Security 20)},
  pages={1605--1622},
  year={2020}
}

@article{ganesh2023rinocchio,
  title={Rinocchio: SNARKs for ring arithmetic},
  author={Ganesh, Chaya and Nitulescu, Anca and Soria-Vazquez, Eduardo},
  journal={Journal of Cryptology},
  volume={36},
  number={4},
  pages={41},
  year={2023},
  publisher={Springer}
}

@article{viand2023verifiable,
  title={Verifiable fully homomorphic encryption},
  author={Viand, Alexander and Knabenhans, Christian and Hithnawi, Anwar},
  journal={arXiv preprint arXiv:2301.07041},
  year={2023}
}

@misc{Chainlink2023ZeroKnowledgeProof,
  title = {Zero-Knowledge Proof: Applications and Use Cases},
  year = 2023,
  howpublished = {\url{https://chain.link/education-hub/zero-knowledge-proof-use-cases}},
}

@misc{ConsenSys2023Gnark,
  author = {{ConsenSys, Inc.}},
  title = {gnark},
  year = 2023,
  howpublished = {\url{https://docs.gnark.consensys.net/overview#gnark-is-fast}},
}

@article{parno2016pinocchio,
  title={Pinocchio: Nearly practical verifiable computation},
  author={Parno, Bryan and Howell, Jon and Gentry, Craig and Raykova, Mariana},
  journal={Communications of the ACM},
  volume={59},
  number={2},
  pages={103--112},
  year={2016},
  publisher={ACM New York, NY, USA}
}

@misc{Noir2023Documentation,
  title = {Introducing Noir},
  year = 2023,
  howpublished = {\url{https://noir-lang.org}},
}

@misc{AztecProtocol2023Barretenberg,
  author = {AztecProtocol},
  title = {barretenberg},
  year = 2023,
  url = {https://github.com/AztecProtocol/barretenberg},
}

@misc{aurora,
      author = {Eli Ben-Sasson and Alessandro Chiesa and Michael Riabzev and Nicholas Spooner and Madars Virza and Nicholas P.  Ward},
      title = {Aurora: Transparent Succinct Arguments for R1CS},
      howpublished = {Cryptology ePrint Archive, Paper 2018/828},
      year = {2018},
      note = {\url{https://eprint.iacr.org/2018/828}},
      url = {https://eprint.iacr.org/2018/828}
}

@misc{fractal,
      author = {Alessandro Chiesa and Dev Ojha and Nicholas Spooner},
      title = {Fractal: Post-Quantum and Transparent Recursive Proofs from Holography},
      howpublished = {Cryptology ePrint Archive, Paper 2019/1076},
      year = {2019},
      note = {\url{https://eprint.iacr.org/2019/1076}},
      url = {https://eprint.iacr.org/2019/1076}
}

@misc{SciprLab2023Libiop,
  author = {SciprLab},
  title = {libiop},
  year = 2023,
  url = {https://github.com/scipr-lab/libiop/tree/master},
}


@online{Weng2023VOLEBasedInteractive,
  author = {Chenkai Weng and Alex Coventry and Siam Hussain and Dahlia Malkhi and Alexandru Topliceanu and Xiao Wang and Fan Zhang},
  title = {VOLE-Based Interactive Commitments},
  year = 2023,
  month = jan,
  day = 24,
  url = {https://blog.chain.link/vole-based-interactive-commitments/},
  urldate = {2023-12-04},
  publisher = {Chainlink Foundation}
}

@misc{KULeuvenCOSIC2023Limbo,
  author = {KULeuven-COSIC},
  title = {Limbo},
  year = 2023,
  url = {https://github.com/KULeuven-COSIC/Limbo},
}

@article{mouris2021zilch,
  title={Zilch: A framework for deploying transparent zero-knowledge proofs},
  author={Mouris, Dimitris and Tsoutsos, Nektarios Georgios},
  journal={IEEE Transactions on Information Forensics and Security},
  volume={16},
  pages={3269--3284},
  year={2021},
  publisher={IEEE}
}

@misc{TrustworthyComputing2023Zilch,
  author = {TrustworthyComputing},
  title = {Zilch},
  year = 2023,
  url = {https://github.com/TrustworthyComputing/Zilch/tree/master}
}

@misc{RISCZero2023DeveloperDocs,
  author = {{RISC Zero, Inc.}},
  title = {Introduction | RISC Zero Developer Docs},
  year = 2023,
  url = {https://dev.risczero.com/api}
}

@misc{Halo22023Book,
  title = {The halo2 Book},
  year = 2023,
  url = {https://zcash.github.io/halo2/},
  license = {Apache License, Version 2.0 or MIT License}
}

@misc{PolygonMiden2023MidenVM,
  author = {0xPolygonMiden},
  title = {miden-vm},
  year = 2023,
  url = {https://github.com/0xPolygonMiden/miden-vm}
}

@inproceedings{sidorenco2021formal,
  title={Formal security analysis of MPC-in-the-head zero-knowledge protocols},
  author={Sidorenco, Nikolaj and Oechsner, Sabine and Spitters, Bas},
  booktitle={2021 IEEE 34th Computer Security Foundations Symposium (CSF)},
  pages={1--14},
  year={2021},
  organization={IEEE}
}

@article{habock2022summary,
  title={A summary on the FRI low degree test},
  author={Hab{\"o}ck, Ulrich},
  journal={Cryptology ePrint Archive},
  year={2022}
}

@article{ashur2018marvellous,
  title={MARVELlous: a STARK-friendly family of cryptographic primitives},
  author={Ashur, Tomer and Dhooghe, Siemen},
  journal={Cryptology ePrint Archive},
  year={2018}
}

@inproceedings{kate2010constant,
  title={Constant-size commitments to polynomials and their applications},
  author={Kate, Aniket and Zaverucha, Gregory M and Goldberg, Ian},
  booktitle={Advances in Cryptology-ASIACRYPT 2010: 16th International Conference on the Theory and Application of Cryptology and Information Security, Singapore, December 5-9, 2010. Proceedings 16},
  pages={177--194},
  year={2010},
  organization={Springer}
}

@inproceedings{ben2018fast,
  title={Fast reed-solomon interactive oracle proofs of proximity},
  author={Ben-Sasson, Eli and Bentov, Iddo and Horesh, Yinon and Riabzev, Michael},
  booktitle={45th international colloquium on automata, languages, and programming (icalp 2018)},
  year={2018},
  organization={Schloss Dagstuhl-Leibniz-Zentrum fuer Informatik}
}

@inproceedings{bitansky2013recursive,
  title={Recursive composition and bootstrapping for SNARKs and proof-carrying data},
  author={Bitansky, Nir and Canetti, Ran and Chiesa, Alessandro and Tromer, Eran},
  booktitle={Proceedings of the forty-fifth annual ACM symposium on Theory of computing},
  pages={111--120},
  year={2013}
}

@inproceedings{gennaro2013quadratic,
  title={Quadratic span programs and succinct NIZKs without PCPs},
  author={Gennaro, Rosario and Gentry, Craig and Parno, Bryan and Raykova, Mariana},
  booktitle={Advances in Cryptology--EUROCRYPT 2013: 32nd Annual International Conference on the Theory and Applications of Cryptographic Techniques, Athens, Greece, May 26-30, 2013. Proceedings 32},
  pages={626--645},
  year={2013},
  organization={Springer}
}

@article{belles2022circom,
  title={Circom: A Circuit Description Language for Building Zero-knowledge Applications},
  author={Bell{\'e}s-Mu{\~n}oz, Marta and Isabel, Miguel and Mu{\~n}oz-Tapia, Jose Luis and Rubio, Albert and Baylina, Jordi},
  journal={IEEE Transactions on Dependable and Secure Computing},
  year={2022},
  publisher={IEEE}
}

@article{goldreich1994definitions,
  title={Definitions and properties of zero-knowledge proof systems},
  author={Goldreich, Oded and Oren, Yair},
  journal={Journal of Cryptology},
  volume={7},
  number={1},
  pages={1--32},
  year={1994},
  publisher={Springer}
}

@article{wu2014survey,
  title={A survey of noninteractive zero knowledge proof system and its applications},
  author={Wu, Huixin and Wang, Feng and others},
  journal={The Scientific World Journal},
  volume={2014},
  year={2014},
  publisher={Hindawi}
}

@online{LambdaClass2023ArithmetizationSchemes,
  title = {Arithmetization schemes for ZK-SNARKs},
  year = 2023,
  month = jan,
  day = 14,
  url = {https://blog.lambdaclass.com/arithmetization-schemes-for-zk-snarks/}
}

@online{ButerinQuadraticArithmeticPrograms,
  author = {Vitalik Buterin},
  title = {Quadratic Arithmetic Programs: From Zero to Hero},
  year = 2023,
  url = {https://medium.com/@VitalikButerin/quadratic-arithmetic-programs-from-zero-to-hero-f6d558cea649}
}

@misc{SunblazeUCB2023Virgo,
  author = {sunblaze-ucb},
  title = {Virgo},
  year = 2023,
  url = {https://github.com/sunblaze-ucb/Virgo/tree/master}
}

@inproceedings{cammarota2022intel,
  title={Intel HERACLES: Homomorphic encryption revolutionary accelerator with correctness for learning-oriented end-to-end solutions},
  author={Cammarota, Rosario},
  booktitle={Proceedings of the 2022 on Cloud Computing Security Workshop},
  pages={3--3},
  year={2022}
}

@misc{PolygonMiden2023VMOverview,
  title = {Polygon Miden VM Overview},
  year = 2023,
  url = {https://0xpolygonmiden.github.io/miden-vm/intro/overview.html}
}

@article{bowe2019recursive,
  title={Recursive proof composition without a trusted setup},
  author={Bowe, Sean and Grigg, Jack and Hopwood, Daira},
  journal={Cryptology ePrint Archive},
  year={2019}
}

@misc{DuskPlonk2023Rust,
  title = {dusk-plonk - Rust},
  year = 2023,
  url = {https://docs.rs/dusk-plonk/latest/dusk_plonk/}
}


@inproceedings{ozdemir2022circ,
  title={CirC: Compiler infrastructure for proof systems, software verification, and more},
  author={Ozdemir, Alex and Brown, Fraser and Wahby, Riad S},
  booktitle={2022 IEEE Symposium on Security and Privacy (SP)},
  pages={2248--2266},
  year={2022},
  organization={IEEE}
}

@inproceedings{benarroch2019zkinterface,
  title={zkInterface, a standard tool for zero-knowledge interoperability},
  author={Benarroch, Daniel and Gurkan, Kobi and Kahat, Ron and Nicolas, Aur{\'e}lien and Tromer, Eran},
  booktitle={2nd ZKProof Workshop. https://docs. zkproof. org/pages/standards/acceptedworkshop2/proposal--zk-interop-zkinterface. pdf},
  year={2019}
}

@inproceedings{ma2023gzkp,
  title={GZKP: A GPU Accelerated Zero-Knowledge Proof System},
  author={Ma, Weiliang and Xiong, Qian and Shi, Xuanhua and Ma, Xiaosong and Jin, Hai and Kuang, Haozhao and Gao, Mingyu and Zhang, Ye and Shen, Haichen and Hu, Weifang},
  booktitle={Proceedings of the 28th ACM International Conference on Architectural Support for Programming Languages and Operating Systems, Volume 2},
  pages={340--353},
  year={2023}
}

@article{lu2022cuzk,
  title={Cuzk: Accelerating zero-knowledge proof with a faster parallel multi-scalar multiplication algorithm on gpus},
  author={Lu, Tao and Wei, Chengkun and Yu, Ruijing and Chen, Chaochao and Fang, Wenjing and Wang, Lei and Wang, Zeke and Chen, Wenzhi},
  journal={Cryptology ePrint Archive},
  year={2022}
}

@article{liu2023pianist,
  title={Pianist: Scalable zkRollups via Fully Distributed Zero-Knowledge Proofs},
  author={Liu, Tianyi and Xie, Tiancheng and Zhang, Jiaheng and Song, Dawn and Zhang, Yupeng},
  journal={Cryptology ePrint Archive},
  year={2023}
}

@misc{NoirLang2023AwesomeNoirBenchmarks,
  author = {Noir-Lang},
  title = {Benchmarks in awesome-noir},
  year = 2023,
  url = {https://github.com/noir-lang/awesome-noir#benchmarks}
}

@misc{Halo2Club2023,
  title = {halo2.club},
  year = 2023,
  url = {https://halo2.club}
}

@inproceedings{babai1993transparent,
  title={Transparent (holographic) proofs},
  author={Babai, L{\'a}szl{\'o}},
  booktitle={Annual Symposium on Theoretical Aspects of Computer Science},
  pages={525--534},
  year={1993},
  organization={Springer}
}

@misc{RustImageCrate2023,
  title = {image},
  year = 2023,
  url = {https://crates.io/crates/image}
}

@misc{cryptoeprint:2018/280,
      author = {Jens Groth and Markulf Kohlweiss and Mary Maller and Sarah Meiklejohn and Ian Miers},
      title = {Updatable and Universal Common Reference Strings with Applications to zk-SNARKs},
      howpublished = {Cryptology ePrint Archive, Paper 2018/280},
      year = {2018},
      note = {\url{https://eprint.iacr.org/2018/280}},
      url = {https://eprint.iacr.org/2018/280}
}

@misc{cryptoeprint:2019/099,
      author = {Mary Maller and Sean Bowe and Markulf Kohlweiss and Sarah Meiklejohn},
      title = {Sonic: Zero-Knowledge SNARKs from Linear-Size Universal and Updateable Structured Reference Strings},
      howpublished = {Cryptology ePrint Archive, Paper 2019/099},
      year = {2019},
      note = {\url{https://eprint.iacr.org/2019/099}},
      url = {https://eprint.iacr.org/2019/099}
}

@inproceedings{chiesa2020marlin,
  title={Marlin: Preprocessing zkSNARKs with universal and updatable SRS},
  author={Chiesa, Alessandro and Hu, Yuncong and Maller, Mary and Mishra, Pratyush and Vesely, Noah and Ward, Nicholas},
  booktitle={Advances in Cryptology--EUROCRYPT 2020: 39th Annual International Conference on the Theory and Applications of Cryptographic Techniques, Zagreb, Croatia, May 10--14, 2020, Proceedings, Part I 39},
  pages={738--768},
  year={2020},
  organization={Springer}
}

@inproceedings{zhang2020deco,
  title={Deco: Liberating web data using decentralized oracles for tls},
  author={Zhang, Fan and Maram, Deepak and Malvai, Harjasleen and Goldfeder, Steven and Juels, Ari},
  booktitle={Proceedings of the 2020 ACM SIGSAC Conference on Computer and Communications Security},
  pages={1919--1938},
  year={2020}
}

@article{breidenbach2021chainlink,
  title={Chainlink 2.0: Next steps in the evolution of decentralized oracle networks},
  author={Breidenbach, Lorenz and Cachin, Christian and Chan, Benedict and Coventry, Alex and Ellis, Steve and Juels, Ari and Koushanfar, Farinaz and Miller, Andrew and Magauran, Brendan and Moroz, Daniel and others},
  year={2021}
}

@article{juels2024props,
  title={Props for Machine-Learning Security},
  author={Juels, Ari and Koushanfar, Farinaz},
  journal={arXiv preprint arXiv:2410.20522},
  year={2024}
}

@misc{NIST_PQC_Round2_Signatures,
  author = {{National Institute of Standards and Technology (NIST)}},
  title = {Round 2 Additional Signatures},
  howpublished = {\url{https://csrc.nist.gov/projects/pqc-dig-sig/round-2-additional-signatures}},
  year = {2020}
}

@misc{PQC_MIRATH_Website,
  author = {{PQC-MIRATH Consortium}},
  title = {PQC-MIRATH},
  howpublished = {\url{https://pqc-mirath.org/}},
  year = {2023} 
}

@inproceedings{benadjila2024mq,
  title={MQ on my mind: Post-quantum signatures from the non-structured multivariate quadratic problem},
  author={Benadjila, Ryad and Feneuil, Thibauld and Rivain, Matthieu},
  booktitle={2024 IEEE 9th European Symposium on Security and Privacy (EuroS\&P)},
  pages={468--485},
  year={2024},
  organization={IEEE}
}

@article{bettaieb2024perk,
  title={PERK: compact signature scheme based on a new variant of the permuted kernel problem},
  author={Bettaieb, Slim and Bidoux, Lo{\"\i}c and Dyseryn, Victor and Esser, Andre and Gaborit, Philippe and Kulkarni, Mukul and Palumbi, Marco},
  journal={Designs, Codes and Cryptography},
  pages={1--27},
  year={2024},
  publisher={Springer}
}

@article{aragon2023ryde,
  title={RYDE specifications},
  author={Aragon, Nicolas and Bardet, Magali and Bidoux, Lo{\"\i}c and Chi-Dom{\'\i}nguez, Jes{\'u}s-Javier and Dyseryn, Victor and Feneuil, Thibauld and Gaborit, Philippe and Joux, Antoine and Rivain, Matthieu and Tillich, Jean-Pierre and others},
  year={2023}
}

@misc{SDITH_Website,
  author = {{SDITH}},
  title = {SDITH},
  howpublished = {\url{https://sdith.org/index.html}},
  year = {2023}
}

@inproceedings{baum2023publicly,
  title={Publicly verifiable zero-knowledge and post-quantum signatures from vole-in-the-head},
  author={Baum, Carsten and Braun, Lennart and de Saint Guilhem, Cyprien Delpech and Kloo{\ss}, Michael and Orsini, Emmanuela and Roy, Lawrence and Scholl, Peter},
  booktitle={Annual International Cryptology Conference},
  pages={581--615},
  year={2023},
  organization={Springer}
}

 @misc{sieve,
  title={{SIEVE Intermediate Representation}},
 HOWPUBLISHED ={\url{https://github.com/sieve-zk/ir}}
 }

@inproceedings{groth2017snarky,
  title={Snarky signatures: Minimal signatures of knowledge from simulation-extractable SNARKs},
  author={Groth, Jens and Maller, Mary},
  booktitle={Annual International Cryptology Conference},
  pages={581--612},
  year={2017},
  organization={Springer}
}

@inproceedings{samardzic2024accelerating,
  title={Accelerating zero-knowledge proofs through hardware-algorithm co-design},
  author={Samardzic, Nikola and Langowski, Simon and Devadas, Srinivas and Sanchez, Daniel},
  booktitle={2024 57th IEEE/ACM International Symposium on Microarchitecture (MICRO)},
  pages={366--379},
  year={2024},
  organization={IEEE}
}

@inproceedings{daftardar2024szkp,
  title={SZKP: A scalable accelerator architecture for zero-knowledge proofs},
  author={Daftardar, Alhad and Reagen, Brandon and Garg, Siddharth},
  booktitle={Proceedings of the 2024 International Conference on Parallel Architectures and Compilation Techniques},
  pages={271--283},
  year={2024}
}

@article{ahmed2024amaze,
  title={Amaze: Accelerated mimc hardware architecture for zero-knowledge applications on the edge},
  author={Ahmed, Anees and Sheybani, Nojan and Moreno, Davi and Njungle, Nges Brian and Gong, Tengkai and Kinsy, Michel and Koushanfar, Farinaz},
  journal={arXiv preprint arXiv:2411.06350},
  year={2024}
}

@article{sheybani2025gotta,
  title={Gotta Hash'Em All! Speeding Up Hash Functions for Zero-Knowledge Proof Applications},
  author={Sheybani, Nojan and Gong, Tengkai and Ahmed, Anees and Njungle, Nges Brian and Kinsy, Michel and Koushanfar, Farinaz},
  journal={arXiv preprint arXiv:2501.18780},
  year={2025}
}

@article{partala2020non,
  title={Non-interactive zero-knowledge for blockchain: A survey},
  author={Partala, Juha and Nguyen, Tri Hong and Pirttikangas, Susanna},
  journal={IEEE Access},
  volume={8},
  pages={227945--227961},
  year={2020},
  publisher={IEEE}
}