@article{beran1978efficient,
  title={An efficient and robust adaptive estimator of location},
  author={Beran, Rudolf},
  journal={The Annals of Statistics},
  pages={292--313},
  year={1978},
  publisher={JSTOR}
}

@article{cai2015framework,
  title={A framework for estimation of convex functions},
  author={Cai, T Tony and Low, Mark G},
  journal={Statistica Sinica},
  pages={423--456},
  year={2015},
  publisher={JSTOR}
}

@inproceedings{catoni2012challenging,
  title={Challenging the empirical mean and empirical variance: a deviation study},
  author={Catoni, Olivier},
  booktitle={Annales de l'IHP Probabilit{\'e}s et statistiques},
  volume={48},
  number={4},
  pages={1148--1185},
  year={2012}
}

@inproceedings{chan2014efficient,
  title={Efficient density estimation via piecewise polynomial approximation},
  author={Chan, Siu-On and Diakonikolas, Ilias and Servedio, Rocco A and Sun, Xiaorui},
  booktitle={Proceedings of the forty-sixth annual ACM symposium on Theory of computing},
  pages={604--613},
  year={2014}
}

@inproceedings{compton2024near,
  title={Near-Optimal Mean Estimation with Unknown, Heteroskedastic Variances},
  author={Compton, Spencer and Valiant, Gregory},
  booktitle={Proceedings of the 56th Annual ACM Symposium on Theory of Computing},
  pages={194--200},
  year={2024}
}

@article{dalalyan2006penalized,
  title={Penalized Maximum Likelihood and Semiparametric Second-Order Efficiency},
  author={Dalalyan, AS and Golubev, GK and Tsybakov, AB},
  journal={The Annals of Statistics},
  pages={169--201},
  year={2006},
  publisher={JSTOR}
}

@book{devroye2001combinatorial,
  title={Combinatorial methods in density estimation},
  author={Devroye, Luc and Lugosi, G{\'a}bor},
  year={2001},
  publisher={Springer Science \& Business Media}
}

@inproceedings{diakonikolas2014testing,
  title={Testing identity of structured distributions},
  author={Diakonikolas, Ilias and Kane, Daniel M and Nikishkin, Vladimir},
  booktitle={Proceedings of the twenty-sixth annual ACM-SIAM symposium on Discrete algorithms},
  pages={1841--1854},
  year={2014},
  organization={SIAM}
}

@inproceedings{diakonikolas2015optimal,
  title={Optimal algorithms and lower bounds for testing closeness of structured distributions},
  author={Diakonikolas, Ilias and Kane, Daniel M and Nikishkin, Vladimir},
  booktitle={2015 IEEE 56th Annual Symposium on Foundations of Computer Science},
  pages={1183--1202},
  year={2015},
  organization={IEEE}
}

@inproceedings{diakonikolas2017near,
  title={Near-Optimal Closeness Testing of Discrete Histogram Distributions},
  author={Diakonikolas, Ilias and Kane, Daniel M and Nikishkin, Vladimir},
  booktitle={44th International Colloquium on Automata, Languages, and Programming (ICALP 2017)},
  year={2017},
  organization={Schloss-Dagstuhl-Leibniz Zentrum f{\"u}r Informatik}
}

@inproceedings{diakonikolas2019testing,
  title={Testing identity of multidimensional histograms},
  author={Diakonikolas, Ilias and Kane, Daniel M and Peebles, John},
  booktitle={Conference on Learning Theory},
  pages={1107--1131},
  year={2019},
  organization={PMLR}
}

@article{diakonikolas2023testing,
  title={Testing Closeness of Multivariate Distributions via Ramsey Theory},
  author={Diakonikolas, Ilias and Kane, Daniel M and Liu, Sihan},
  journal={arXiv preprint arXiv:2311.13154},
  year={2023}
}

@article{duchi2024right,
  title={The right complexity measure in locally private estimation: It is not the fisher information},
  author={Duchi, John C and Ruan, Feng},
  journal={The Annals of Statistics},
  volume={52},
  number={1},
  pages={1--51},
  year={2024},
  publisher={Institute of Mathematical Statistics}
}

@article{foster2021statistical,
  title={The statistical complexity of interactive decision making},
  author={Foster, Dylan J and Kakade, Sham M and Qian, Jian and Rakhlin, Alexander},
  journal={arXiv preprint arXiv:2112.13487},
  year={2021}
}

@article{gupta2022finite,
  title={Finite-sample maximum likelihood estimation of location},
  author={Gupta, Shivam and Lee, Jasper and Price, Eric and Valiant, Paul},
  journal={Advances in Neural Information Processing Systems},
  volume={35},
  pages={30139--30149},
  year={2022}
}

@inproceedings{gupta2023finite,
  title={Finite-sample symmetric mean estimation with fisher information rate},
  author={Gupta, Shivam and Lee, Jasper CH and Price, Eric},
  booktitle={The Thirty Sixth Annual Conference on Learning Theory},
  pages={4777--4830},
  year={2023},
  organization={PMLR}
}

@inproceedings{gupta2024beyond,
  title={Beyond Catoni: Sharper Rates for Heavy-Tailed and Robust Mean Estimation},
  author={Gupta, Shivam and Hopkins, Samuel and Price, Eric},
  booktitle={The Thirty Seventh Annual Conference on Learning Theory},
  pages={2232--2269},
  year={2024},
  organization={PMLR}
}

@article{gupta2024minimax,
  title={Minimax-Optimal Location Estimation},
  author={Gupta, Shivam and Lee, Jasper and Price, Eric and Valiant, Paul},
  journal={Advances in Neural Information Processing Systems},
  volume={36},
  year={2024}
}

@article{han2016approximation,
  title={Approximation and estimation of s-concave densities via R{\'e}nyi divergences},
  author={Han, Qiyang and Wellner, Jon A},
  journal={The Annals of Statistics},
  pages={1332--1359},
  year={2016},
  publisher={JSTOR}
}

@inproceedings{kao2024choosing,
  title={Choosing the p in Lp Loss: Adaptive Rates for Symmetric Mean Estimation},
  author={Kao, Yu-Chun and Xu, Min and Zhang, Cun-Hui},
  booktitle={The Thirty Seventh Annual Conference on Learning Theory},
  pages={2795--2839},
  year={2024},
  organization={PMLR}
}

@article{kim2016global,
  title={Global rates of convergence in log-concave density estimation},
  author={Kim, Arlene KH and Samworth, Richard J},
  journal={The Annals of Statistics},
  pages={2756--2779},
  year={2016},
  publisher={JSTOR}
}

@article{kur2019optimality,
  title={Optimality of maximum likelihood for log-concave density estimation and bounded convex regression},
  author={Kur, Gil and Dagan, Yuval and Rakhlin, Alexander},
  journal={arXiv preprint arXiv:1903.05315},
  year={2019}
}

@article{laha2019location,
  title={Location estimation for symmetric log-concave densities},
  author={Laha, Nilanjana},
  journal={arXiv preprint arXiv:1911.06225},
  year={2019}
}

@article{lecam1973convergence,
  title={Convergence of estimates under dimensionality restrictions},
  author={LeCam, Lucien},
  journal={The Annals of Statistics},
  pages={38--53},
  year={1973},
  publisher={JSTOR}
}

@inproceedings{lee2022optimal,
  title={Optimal sub-gaussian mean estimation in very high dimensions},
  author={Lee, Jasper CH and Valiant, Paul},
  booktitle={13th Innovations in Theoretical Computer Science Conference (ITCS 2022)},
  year={2022},
  organization={Schloss-Dagstuhl-Leibniz Zentrum f{\"u}r Informatik}
}

@inproceedings{lee2022optimal2,
  title={Optimal Sub-Gaussian Mean Estimation in $\mathbb{R}$},
  author={Lee, Jasper CH and Valiant, Paul},
  booktitle={2021 IEEE 62nd Annual Symposium on Foundations of Computer Science (FOCS)},
  pages={672--683},
  year={2022},
  organization={IEEE}
}

@article{sacks1975asymptotically,
  title={An asymptotically efficient sequence of estimators of a location parameter},
  author={Sacks, Jerome},
  journal={The Annals of Statistics},
  pages={285--298},
  year={1975},
  publisher={JSTOR}
}

@inproceedings{stein1956efficient,
  title={Efficient nonparametric testing and estimation},
  author={Stein, Charles and others},
  booktitle={Proceedings of the third Berkeley symposium on mathematical statistics and probability},
  volume={1},
  pages={187--195},
  year={1956}
}

@article{stone1975adaptive,
  title={Adaptive maximum likelihood estimators of a location parameter},
  author={Stone, Charles J},
  journal={The annals of Statistics},
  pages={267--284},
  year={1975},
  publisher={JSTOR}
}

@article{van1970efficiency,
  title={Efficiency-robust estimation of location},
  author={Van Eeden, Constance},
  journal={The Annals of Mathematical Statistics},
  volume={41},
  number={1},
  pages={172--181},
  year={1970},
  publisher={JSTOR}
}

@book{van2000asymptotic,
  title={Asymptotic statistics},
  author={Van der Vaart, Aad W},
  volume={3},
  year={2000},
  publisher={Cambridge university press}
}

