@article{pensia2023communication,
  title={Communication-constrained hypothesis testing: Optimality, robustness, and reverse data processing inequalities},
  author={Pensia, Ankit and Jog, Varun and Loh, Po-Ling},
  journal={IEEE Transactions on Information Theory},
  year={2023},
  publisher={IEEE}
}

@article{gerber2023density,
  title={Density estimation using the perceptron},
  author={Gerber, Patrik R{\'o}bert and Jiang, Tianze and Polyanskiy, Yury and Sun, Rui},
  journal={arXiv preprint arXiv:2312.17701},
  year={2023}
}

@article{laha2019location,
  title={Location estimation for symmetric log-concave densities},
  author={Laha, Nilanjana},
  journal={arXiv preprint arXiv:1911.06225},
  year={2019}
}




@article{axelrod2019polynomial,
  title={A polynomial time algorithm for log-concave maximum likelihood via locally exponential families},
  author={Axelrod, Brian and Diakonikolas, Ilias and Stewart, Alistair and Sidiropoulos, Anastasios and Valiant, Gregory},
  journal={Advances in Neural Information Processing Systems},
  volume={32},
  year={2019}
}

@article{gupta2024minimax,
  title={Minimax-Optimal Location Estimation},
  author={Gupta, Shivam and Lee, Jasper and Price, Eric and Valiant, Paul},
  journal={Advances in Neural Information Processing Systems},
  volume={36},
  year={2024}
}

@article{donoho1987geometrizing,
  title={Geometrizing rates of convergence},
  author={Donoho, David L and Liu, Richard C},
  journal={Annals of},
  year={1987}
}

@article{donoho1991geometrizing2,
  title={Geometrizing rates of convergence, II},
  author={Donoho, David L and Liu, Richard C},
  journal={The Annals of Statistics},
  pages={633--667},
  year={1991},
  publisher={JSTOR}
}

@article{donoho1991geometrizing3,
  title={Geometrizing rates of convergence, III},
  author={Donoho, David L and Liu, Richard C},
  journal={The Annals of Statistics},
  pages={668--701},
  year={1991},
  publisher={JSTOR}
}



@article{bhatt2021information,
  title={Information-distilling quantizers},
  author={Bhatt, Alankrita and Nazer, Bobak and Ordentlich, Or and Polyanskiy, Yury},
  journal={IEEE Transactions on Information Theory},
  volume={67},
  number={4},
  pages={2472--2487},
  year={2021},
  publisher={IEEE}
}


@inproceedings{chan2014efficient,
  title={Efficient density estimation via piecewise polynomial approximation},
  author={Chan, Siu-On and Diakonikolas, Ilias and Servedio, Rocco A and Sun, Xiaorui},
  booktitle={Proceedings of the forty-sixth annual ACM symposium on Theory of computing},
  pages={604--613},
  year={2014}
}

@inproceedings{acharya2017sample,
  title={Sample-optimal density estimation in nearly-linear time},
  author={Acharya, Jayadev and Diakonikolas, Ilias and Li, Jerry and Schmidt, Ludwig},
  booktitle={Proceedings of the Twenty-Eighth Annual ACM-SIAM Symposium on Discrete Algorithms},
  pages={1278--1289},
  year={2017},
  organization={SIAM}
}

@inproceedings{diakonikolas2016new,
  title={A new approach for testing properties of discrete distributions},
  author={Diakonikolas, Ilias and Kane, Daniel M},
  booktitle={2016 IEEE 57th Annual Symposium on Foundations of Computer Science (FOCS)},
  pages={685--694},
  year={2016},
  organization={IEEE}
}

@article{doss2023optimal,
  title={Optimal estimation of high-dimensional Gaussian location mixtures},
  author={Doss, Natalie and Wu, Yihong and Yang, Pengkun and Zhou, Harrison H},
  journal={The Annals of Statistics},
  volume={51},
  number={1},
  pages={62--95},
  year={2023},
  publisher={Institute of Mathematical Statistics}
}

@inproceedings{compton2024near,
  title={Near-Optimal Mean Estimation with Unknown, Heteroskedastic Variances},
  author={Compton, Spencer and Valiant, Gregory},
  booktitle={Proceedings of the 56th Annual ACM Symposium on Theory of Computing},
  pages={194--200},
  year={2024}
}

@inproceedings{kao2024choosing,
  title={Choosing the p in Lp Loss: Adaptive Rates for Symmetric Mean Estimation},
  author={Kao, Yu-Chun and Xu, Min and Zhang, Cun-Hui},
  booktitle={The Thirty Seventh Annual Conference on Learning Theory},
  pages={2795--2839},
  year={2024},
  organization={PMLR}
}

@article{baraud2017new,
  title={A new method for estimation and model selection: $\rho$-estimation},
  author={Baraud, Yannick and Birg{\'e}, Lucien and Sart, Mathieu},
  journal={Inventiones mathematicae},
  volume={207},
  number={2},
  pages={425--517},
  year={2017},
  publisher={Springer}
}

@article{baraud2018rho,
  title={Rho-estimators revisited: General theory and applications},
  author={Baraud, Yannick and Birg{\'e}, Lucien},
  year={2018}
}

@article{littlestone1986relating,
  title={Relating data compression and learnability},
  author={Littlestone, Nick and Warmuth, Manfred},
  year={1986},
  publisher={Citeseer}
}

@article{moran2016sample,
  title={Sample compression schemes for VC classes},
  author={Moran, Shay and Yehudayoff, Amir},
  journal={Journal of the ACM (JACM)},
  volume={63},
  number={3},
  pages={1--10},
  year={2016},
  publisher={ACM New York, NY, USA}
}

@inproceedings{devroye2023mean,
  title={On mean estimation for heteroscedastic random variables},
  author={Devroye, Luc and Lattanzi, Silvio and Lugosi, G{\'a}bor and Zhivotovskiy, Nikita},
  booktitle={Annales de l'Institut Henri Poincare (B) Probabilites et statistiques},
  volume={59},
  number={1},
  pages={1--20},
  year={2023},
  organization={Institut Henri Poincar{\'e}}
}

@article{polyanskiy2019dualizing,
  title={Dualizing {Le} {Cam's} method for functional estimation, with applications to estimating the unseens},
  author={Polyanskiy, Yury and Wu, Yihong},
  journal={arXiv preprint arXiv:1902.05616},
  year={2019}
}

@article{dasgupta2007general,
  title={A general agnostic active learning algorithm},
  author={Dasgupta, Sanjoy and Hsu, Daniel J and Monteleoni, Claire},
  journal={Advances in neural information processing systems},
  volume={20},
  year={2007}
}
@incollection{bousquet2003introduction,
  title={Introduction to statistical learning theory},
  author={Bousquet, Olivier and Boucheron, St{\'e}phane and Lugosi, G{\'a}bor},
  booktitle={Summer school on machine learning},
  pages={169--207},
  year={2003},
  publisher={Springer}
}

@incollection{vapnik2015uniform,
  title={On the uniform convergence of relative frequencies of events to their probabilities},
  author={Vapnik, Vladimir N and Chervonenkis, A Ya},
  booktitle={Measures of complexity: festschrift for alexey chervonenkis},
  pages={11--30},
  year={2015},
  publisher={Springer}
}
@article{stone1975adaptive,
  title={Adaptive maximum likelihood estimators of a location parameter},
  author={Stone, Charles J},
  journal={The annals of Statistics},
  pages={267--284},
  year={1975},
  publisher={JSTOR}
}
@article{juditsky2009nonparametric,
  title={Nonparametric estimation by convex programming},
  author={Juditsky, Anatoli B and Nemirovski, Arkadi S},
  year={2009}
}

@article{gupta2022finite,
  title={Finite-sample maximum likelihood estimation of location},
  author={Gupta, Shivam and Lee, Jasper and Price, Eric and Valiant, Paul},
  journal={Advances in Neural Information Processing Systems},
  volume={35},
  pages={30139--30149},
  year={2022}
}

@inproceedings{gupta2023finite,
  title={Finite-sample symmetric mean estimation with fisher information rate},
  author={Gupta, Shivam and Lee, Jasper CH and Price, Eric},
  booktitle={The Thirty Sixth Annual Conference on Learning Theory},
  pages={4777--4830},
  year={2023},
  organization={PMLR}
}

@article{lecam1973convergence,
  title={Convergence of estimates under dimensionality restrictions},
  author={LeCam, Lucien},
  journal={The Annals of Statistics},
  pages={38--53},
  year={1973},
  publisher={JSTOR}
}

@book{van2000asymptotic,
  title={Asymptotic statistics},
  author={Van der Vaart, Aad W},
  volume={3},
  year={2000},
  publisher={Cambridge university press}
}

@inproceedings{stein1956efficient,
  title={Efficient nonparametric testing and estimation},
  author={Stein, Charles and others},
  booktitle={Proceedings of the third Berkeley symposium on mathematical statistics and probability},
  volume={1},
  pages={187--195},
  year={1956}
}

@article{beran1978efficient,
  title={An efficient and robust adaptive estimator of location},
  author={Beran, Rudolf},
  journal={The Annals of Statistics},
  pages={292--313},
  year={1978},
  publisher={JSTOR}
}

@article{van1970efficiency,
  title={Efficiency-robust estimation of location},
  author={Van Eeden, Constance},
  journal={The Annals of Mathematical Statistics},
  volume={41},
  number={1},
  pages={172--181},
  year={1970},
  publisher={JSTOR}
}

@article{dalalyan2006penalized,
  title={Penalized Maximum Likelihood and Semiparametric Second-Order Efficiency},
  author={Dalalyan, AS and Golubev, GK and Tsybakov, AB},
  journal={The Annals of Statistics},
  pages={169--201},
  year={2006},
  publisher={JSTOR}
}
@article{sacks1975asymptotically,
  title={An asymptotically efficient sequence of estimators of a location parameter},
  author={Sacks, Jerome},
  journal={The Annals of Statistics},
  pages={285--298},
  year={1975},
  publisher={JSTOR}
}
@article{cai2015framework,
  title={A framework for estimation of convex functions},
  author={Cai, T Tony and Low, Mark G},
  journal={Statistica Sinica},
  pages={423--456},
  year={2015},
  publisher={JSTOR}
}

@article{foster2021statistical,
  title={The statistical complexity of interactive decision making},
  author={Foster, Dylan J and Kakade, Sham M and Qian, Jian and Rakhlin, Alexander},
  journal={arXiv preprint arXiv:2112.13487},
  year={2021}
}
@article{duchi2024right,
  title={The right complexity measure in locally private estimation: It is not the fisher information},
  author={Duchi, John C and Ruan, Feng},
  journal={The Annals of Statistics},
  volume={52},
  number={1},
  pages={1--51},
  year={2024},
  publisher={Institute of Mathematical Statistics}
}
@inproceedings{chierichetti2014learning,
  title={Learning entangled single-sample Gaussians},
  author={Chierichetti, Flavio and Dasgupta, Anirban and Kumar, Ravi and Lattanzi, Silvio},
  booktitle={Proceedings of the twenty-fifth annual ACM-SIAM symposium on Discrete algorithms},
  pages={511--522},
  year={2014},
  organization={SIAM}
}
@article{pensia2022estimating,
  title={Estimating location parameters in sample-heterogeneous distributions},
  author={Pensia, Ankit and Jog, Varun and Loh, Po-Ling},
  journal={Information and Inference: A Journal of the IMA},
  volume={11},
  number={3},
  pages={959--1036},
  year={2022},
  publisher={Oxford University Press}
}
@inproceedings{liang2020learning,
  title={Learning entangled single-sample Gaussians in the subset-of-signals model},
  author={Liang, Yingyu and Yuan, Hui},
  booktitle={Conference on Learning Theory},
  pages={2712--2737},
  year={2020},
  organization={PMLR}
}
@inproceedings{yuan2020learning,
  title={Learning entangled single-sample distributions via iterative trimming},
  author={Yuan, Hui and Liang, Yingyu},
  booktitle={International Conference on Artificial Intelligence and Statistics},
  pages={2666--2676},
  year={2020},
  organization={PMLR}
}
@book{devroye2001combinatorial,
  title={Combinatorial methods in density estimation},
  author={Devroye, Luc and Lugosi, G{\'a}bor},
  year={2001},
  publisher={Springer Science \& Business Media}
}
@inproceedings{diakonikolas2014testing,
  title={Testing identity of structured distributions},
  author={Diakonikolas, Ilias and Kane, Daniel M and Nikishkin, Vladimir},
  booktitle={Proceedings of the twenty-sixth annual ACM-SIAM symposium on Discrete algorithms},
  pages={1841--1854},
  year={2014},
  organization={SIAM}
}
@inproceedings{diakonikolas2015optimal,
  title={Optimal algorithms and lower bounds for testing closeness of structured distributions},
  author={Diakonikolas, Ilias and Kane, Daniel M and Nikishkin, Vladimir},
  booktitle={2015 IEEE 56th Annual Symposium on Foundations of Computer Science},
  pages={1183--1202},
  year={2015},
  organization={IEEE}
}
@inproceedings{diakonikolas2017near,
  title={Near-Optimal Closeness Testing of Discrete Histogram Distributions},
  author={Diakonikolas, Ilias and Kane, Daniel M and Nikishkin, Vladimir},
  booktitle={44th International Colloquium on Automata, Languages, and Programming (ICALP 2017)},
  year={2017},
  organization={Schloss-Dagstuhl-Leibniz Zentrum f{\"u}r Informatik}
}
@inproceedings{diakonikolas2019testing,
  title={Testing identity of multidimensional histograms},
  author={Diakonikolas, Ilias and Kane, Daniel M and Peebles, John},
  booktitle={Conference on Learning Theory},
  pages={1107--1131},
  year={2019},
  organization={PMLR}
}
@article{diakonikolas2023testing,
  title={Testing Closeness of Multivariate Distributions via Ramsey Theory},
  author={Diakonikolas, Ilias and Kane, Daniel M and Liu, Sihan},
  journal={arXiv preprint arXiv:2311.13154},
  year={2023}
}

@article{kim2016global,
  title={Global rates of convergence in log-concave density estimation},
  author={Kim, Arlene KH and Samworth, Richard J},
  journal={The Annals of Statistics},
  pages={2756--2779},
  year={2016},
  publisher={JSTOR}
}
@article{han2016approximation,
  title={Approximation and estimation of s-concave densities via R{\'e}nyi divergences},
  author={Han, Qiyang and Wellner, Jon A},
  journal={The Annals of Statistics},
  pages={1332--1359},
  year={2016},
  publisher={JSTOR}
}
@article{kur2019optimality,
  title={Optimality of maximum likelihood for log-concave density estimation and bounded convex regression},
  author={Kur, Gil and Dagan, Yuval and Rakhlin, Alexander},
  journal={arXiv preprint arXiv:1903.05315},
  year={2019}
}

@inproceedings{catoni2012challenging,
  title={Challenging the empirical mean and empirical variance: a deviation study},
  author={Catoni, Olivier},
  booktitle={Annales de l'IHP Probabilit{\'e}s et statistiques},
  volume={48},
  number={4},
  pages={1148--1185},
  year={2012}
}

@inproceedings{lee2022optimal,
  title={Optimal sub-gaussian mean estimation in very high dimensions},
  author={Lee, Jasper CH and Valiant, Paul},
  booktitle={13th Innovations in Theoretical Computer Science Conference (ITCS 2022)},
  year={2022},
  organization={Schloss-Dagstuhl-Leibniz Zentrum f{\"u}r Informatik}
}
@inproceedings{lee2022optimal2,
  title={Optimal Sub-Gaussian Mean Estimation in $\mathbb{R}$},
  author={Lee, Jasper CH and Valiant, Paul},
  booktitle={2021 IEEE 62nd Annual Symposium on Foundations of Computer Science (FOCS)},
  pages={672--683},
  year={2022},
  organization={IEEE}
}
@inproceedings{gupta2024beyond,
  title={Beyond Catoni: Sharper Rates for Heavy-Tailed and Robust Mean Estimation},
  author={Gupta, Shivam and Hopkins, Samuel and Price, Eric},
  booktitle={The Thirty Seventh Annual Conference on Learning Theory},
  pages={2232--2269},
  year={2024},
  organization={PMLR}
}

@misc{duchinotes,
  author = {John Duchi},
  title = {{Statistics and Information Theory}},
  howpublished = "\url{https://web.stanford.edu/class/stats311/lecture-notes.pdf}",
  year = {2024}, 
  note = "[Online; accessed 10-January-2025]"
}

@article{diakonikolas2025entangled,
  title={Entangled Mean Estimation in High-Dimensions},
  author={Diakonikolas, Ilias and Kane, Daniel M and Liu, Sihan and Pittas, Thanasis},
  journal={arXiv preprint arXiv:2501.05425},
  year={2025}
}

@article{wu2021randomly,
  title={Randomly initialized EM algorithm for two-component Gaussian mixture achieves near optimality in ${O}(\sqrt{n})$ iterations},
  author={Wu, Yihong and Zhou, Harrison H},
  journal={Mathematical Statistics and Learning},
  volume={4},
  number={3},
  year={2021}
}

@book{le2000asymptotics,
  title={Asymptotics in statistics: some basic concepts},
  author={Le Cam, Lucien Marie and Yang, Grace Lo},
  year={2000},
  publisher={Springer Science \& Business Media}
}