@article{bolya2022token,
  title={Token merging: Your vit but faster},
  author={Bolya, Daniel and Fu, Cheng-Yang and Dai, Xiaoliang and Zhang, Peizhao and Feichtenhofer, Christoph and Hoffman, Judy},
  journal={arXiv preprint arXiv:2210.09461},
  year={2022}
}

@inproceedings{cha2024honeybee,
  title={Honeybee: Locality-enhanced projector for multimodal llm},
  author={Cha, Junbum and Kang, Wooyoung and Mun, Jonghwan and Roh, Byungseok},
  booktitle={Proceedings of the IEEE/CVF Conference on Computer Vision and Pattern Recognition},
  pages={13817--13827},
  year={2024}
}

@article{chen2024expanding,
  title={Expanding performance boundaries of open-source multimodal models with model, data, and test-time scaling},
  author={Chen, Zhe and Wang, Weiyun and Cao, Yue and Liu, Yangzhou and Gao, Zhangwei and Cui, Erfei and Zhu, Jinguo and Ye, Shenglong and Tian, Hao and Liu, Zhaoyang and others},
  journal={arXiv preprint arXiv:2412.05271},
  year={2024}
}

@article{chen2024far,
  title={How far are we to gpt-4v? closing the gap to commercial multimodal models with open-source suites},
  author={Chen, Zhe and Wang, Weiyun and Tian, Hao and Ye, Shenglong and Gao, Zhangwei and Cui, Erfei and Tong, Wenwen and Hu, Kongzhi and Luo, Jiapeng and Ma, Zheng and others},
  journal={Science China Information Sciences},
  volume={67},
  number={12},
  pages={220101},
  year={2024},
  publisher={Springer}
}

@inproceedings{chen2024internvl,
  title={Internvl: Scaling up vision foundation models and aligning for generic visual-linguistic tasks},
  author={Chen, Zhe and Wu, Jiannan and Wang, Wenhai and Su, Weijie and Chen, Guo and Xing, Sen and Zhong, Muyan and Zhang, Qinglong and Zhu, Xizhou and Lu, Lewei and others},
  booktitle={Proceedings of the IEEE/CVF Conference on Computer Vision and Pattern Recognition},
  pages={24185--24198},
  year={2024}
}

@article{chu2024mobilevlm,
  title={Mobilevlm v2: Faster and stronger baseline for vision language model},
  author={Chu, Xiangxiang and Qiao, Limeng and Zhang, Xinyu and Xu, Shuang and Wei, Fei and Yang, Yang and Sun, Xiaofei and Hu, Yiming and Lin, Xinyang and Zhang, Bo and others},
  journal={arXiv preprint arXiv:2402.03766},
  year={2024}
}

@article{dong2024internlm,
  title={Internlm-xcomposer2-4khd: A pioneering large vision-language model handling resolutions from 336 pixels to 4k hd},
  author={Dong, Xiaoyi and Zhang, Pan and Zang, Yuhang and Cao, Yuhang and Wang, Bin and Ouyang, Linke and Zhang, Songyang and Duan, Haodong and Zhang, Wenwei and Li, Yining and others},
  journal={arXiv preprint arXiv:2404.06512},
  year={2024}
}

@article{glm2024chatglm,
  title={Chatglm: A family of large language models from glm-130b to glm-4 all tools},
  author={GLM, Team and Zeng, Aohan and Xu, Bin and Wang, Bowen and Zhang, Chenhui and Yin, Da and Zhang, Dan and Rojas, Diego and Feng, Guanyu and Zhao, Hanlin and others},
  journal={arXiv preprint arXiv:2406.12793},
  year={2024}
}

@article{hong2024cogvlm2,
  title={Cogvlm2: Visual language models for image and video understanding},
  author={Hong, Wenyi and Wang, Weihan and Ding, Ming and Yu, Wenmeng and Lv, Qingsong and Wang, Yan and Cheng, Yean and Huang, Shiyu and Ji, Junhui and Xue, Zhao and others},
  journal={arXiv preprint arXiv:2408.16500},
  year={2024}
}

@article{hu2024minicpm,
  title={Minicpm: Unveiling the potential of small language models with scalable training strategies},
  author={Hu, Shengding and Tu, Yuge and Han, Xu and He, Chaoqun and Cui, Ganqu and Long, Xiang and Zheng, Zhi and Fang, Yewei and Huang, Yuxiang and Zhao, Weilin and others},
  journal={arXiv preprint arXiv:2404.06395},
  year={2024}
}

@inproceedings{li2023blip,
  title={Blip-2: Bootstrapping language-image pre-training with frozen image encoders and large language models},
  author={Li, Junnan and Li, Dongxu and Savarese, Silvio and Hoi, Steven},
  booktitle={International conference on machine learning},
  pages={19730--19742},
  year={2023},
  organization={PMLR}
}

@article{li2024baichuan,
  title={Baichuan-omni technical report},
  author={Li, Yadong and Sun, Haoze and Lin, Mingan and Li, Tianpeng and Dong, Guosheng and Zhang, Tao and Ding, Bowen and Song, Wei and Cheng, Zhenglin and Huo, Yuqi and others},
  journal={arXiv preprint arXiv:2410.08565},
  year={2024}
}

@inproceedings{li2024llama,
  title={Llama-vid: An image is worth 2 tokens in large language models},
  author={Li, Yanwei and Wang, Chengyao and Jia, Jiaya},
  booktitle={European Conference on Computer Vision},
  pages={323--340},
  year={2024}
}

@article{li2025eagle,
  title={Eagle 2: Building Post-Training Data Strategies from Scratch for Frontier Vision-Language Models},
  author={Li, Zhiqi and Chen, Guo and Liu, Shilong and Wang, Shihao and VS, Vibashan and Ji, Yishen and Lan, Shiyi and Zhang, Hao and Zhao, Yilin and Radhakrishnan, Subhashree and others},
  journal={arXiv preprint arXiv:2501.14818},
  year={2025}
}

@misc{liu2024llava,
  title={Llava-next: Improved reasoning, ocr, and world knowledge},
  author={Liu, Haotian and Li, Chunyuan and Li, Yuheng and Li, Bo and Zhang, Yuanhan and Shen, Sheng and Lee, Yong Jae},
  year={2024}
}

@misc{liu2024llavanext,
    title={LLaVA-NeXT: Improved reasoning, OCR, and world knowledge},
    url={https://llava-vl.github.io/blog/2024-01-30-llava-next/},
    author={Liu, Haotian and Li, Chunyuan and Li, Yuheng and Li, Bo and Zhang, Yuanhan and Shen, Sheng and Lee, Yong Jae},
    year={2024}
}

@article{liu2024visual,
  title={Visual instruction tuning},
  author={Liu, Haotian and Li, Chunyuan and Wu, Qingyang and Lee, Yong Jae},
  journal={Advances in neural information processing systems},
  volume={36},
  year={2024}
}

@inproceedings{lu2024mathvista,
  author    = {Lu, Pan and Bansal, Hritik and Xia, Tony and Liu, Jiacheng and Li, Chunyuan and Hajishirzi, Hannaneh and Cheng, Hao and Chang, Kai-Wei and Galley, Michel and Gao, Jianfeng},
  title     = {MathVista: Evaluating Mathematical Reasoning of Foundation Models in Visual Contexts},
  booktitle={International Conference on Learning Representations (ICLR)},
  year      = {2024}
}

@inproceedings{masry2022chartqa,
  title={Chartqa: A benchmark for question answering about charts with visual and logical reasoning},
  author={Masry, Ahmed and Long, Do Xuan and Tan, Jia Qing and Joty, Shafiq and Hoque, Enamul},
  booktitle={Findings of the Association for Computational Linguistics},
  year={2022},
  pages = "2263--2279"
}

@inproceedings{mathew2021docvqa,  
  title={Docvqa: A dataset for vqa on document images},
  author={Mathew, Minesh and Karatzas, Dimosthenis and Jawahar, CV},
  booktitle={Proceedings of the IEEE/CVF winter conference on applications of computer vision},
  pages={2200--2209},
  year={2021}
}

@inproceedings{mathew2022infographicvqa,
  title={Infographicvqa},
  author={Mathew, Minesh and Bagal, Viraj and Tito, Rub{\`e}n and Karatzas, Dimosthenis and Valveny, Ernest and Jawahar, CV},
  booktitle={Proceedings of the IEEE/CVF Winter Conference on Applications of Computer Vision},
  pages={1697--1706},
  year={2022}
}

@article{shang2024llava,
  title={Llava-prumerge: Adaptive token reduction for efficient large multimodal models},
  author={Shang, Yuzhang and Cai, Mu and Xu, Bingxin and Lee, Yong Jae and Yan, Yan},
  journal={arXiv preprint arXiv:2403.15388},
  year={2024}
}

@article{wang2024qwen2vl,
  author = {Peng Wang and Shuai Bai and Sinan Tan and Shijie Wang and Zhihao Fan and Jinze Bai and Keqin Chen and Xuejing Liu and Jialin Wang and Wenbin Ge and others},
  title = {Qwen2-vl: Enhancing vision-language model's perception of the world at any resolution},
  journal = {arXiv preprint arXiv:2409.12191},
  year = {2024}
}

@article{yang2024visionzip,
  title={VisionZip: Longer is Better but Not Necessary in Vision Language Models},
  author={Yang, Senqiao and Chen, Yukang and Tian, Zhuotao and Wang, Chengyao and Li, Jingyao and Yu, Bei and Jia, Jiaya},
  journal={arXiv preprint arXiv:2412.04467},
  year={2024}
}

@article{yu2024texthawk2,
  title={Texthawk2: A large vision-language model excels in bilingual ocr and grounding with 16x fewer tokens},
  author={Yu, Ya-Qi and Liao, Minghui and Zhang, Jiwen and Wu, Jihao},
  journal={arXiv preprint arXiv:2410.05261},
  year={2024}
}

@article{zhang2024sparsevlm,
  title={Sparsevlm: Visual token sparsification for efficient vision-language model inference},
  author={Zhang, Yuan and Fan, Chun-Kai and Ma, Junpeng and Zheng, Wenzhao and Huang, Tao and Cheng, Kuan and Gudovskiy, Denis and Okuno, Tomoyuki and Nakata, Yohei and Keutzer, Kurt and others},
  journal={arXiv preprint arXiv:2410.04417},
  year={2024}
}

@article{zhu2023minigpt,
  title={Minigpt-4: Enhancing vision-language understanding with advanced large language models},
  author={Zhu, Deyao and Chen, Jun and Shen, Xiaoqian and Li, Xiang and Elhoseiny, Mohamed},
  journal={arXiv preprint arXiv:2304.10592},
  year={2023}
}

