@article{alagarsamy2024a3test,
  title={{A3test}: Assertion-augmented automated test case generation},
  author={Alagarsamy, Saranya and Tantithamthavorn, Chakkrit and Aleti, Aldeida},
  journal={Information and Software Technology},
  volume={176},
  pages={107565},
  year={2024},
  publisher={Elsevier}
}

@misc{bandit,
  author       = {OpenStack},
  title        = {Bandit: A tool to find common security issues in {Python} code},
  year         = {2024},
  note         = {Available online: \url{https://bandit.readthedocs.io}},
}

@inproceedings{defects4j,
author = {Just, Ren\'{e} and Jalali, Darioush and Ernst, Michael D.},
title = {{Defects4J}: a database of existing faults to enable controlled testing studies for {Java} programs},
year = {2014},
isbn = {9781450326452},
publisher = {Association for Computing Machinery},
address = {New York, NY, USA},
doi = {10.1145/2610384.2628055},
booktitle = {Proceedings of the 2014 International Symposium on Software Testing and Analysis},
pages = {437–440},
numpages = {4},
location = {San Jose, CA, USA},
series = {ISSTA 2014}
}

@inproceedings{evosuite,
author = {Fraser, Gordon and Arcuri, Andrea},
title = {EvoSuite: automatic test suite generation for object-oriented software},
year = {2011},
isbn = {9781450304436},
publisher = {Association for Computing Machinery},
address = {New York, NY, USA},
doi = {10.1145/2025113.2025179},
booktitle = {Proceedings of the 19th ACM SIGSOFT Symposium and the 13th European Conference on Foundations of Software Engineering},
pages = {416–419},
numpages = {4},
location = {Szeged, Hungary},
series = {ESEC/FSE '11}
}

@inproceedings{kicsi2020testroutes,
  title={Testroutes: A manually curated method level dataset for test-to-code traceability},
  author={Kicsi, Andr{\'a}s and Vid{\'a}cs, L{\'a}szl{\'o} and Gyim{\'o}thy, Tibor},
  booktitle={Proceedings of the 17th International Conference on Mining Software Repositories},
  pages={593--597},
  year={2020}
}

@misc{pylint,
  author       = {PyCQA},
  title        = {{PyLint}},
  year         = {2024},
  note         = {Available online: \url{https://pylint.pycqa.org}},
}

@inproceedings{szz,
  author = {\'{S}liwerski, Jacek and Zimmermann, Thomas and Zeller, Andreas},
  title = {When Do Changes Induce Fixes?},
  year = {2005},
  publisher = {Association for Computing Machinery},
  address = {New York, NY, USA},
  doi = {10.1145/1083142.1083147},
  booktitle = {Proceedings of the 2005 International Workshop on Mining Software Repositories},
  pages = {1–5},
  location = {St. Louis, MO, USA},
  series = {MSR},
}

@inproceedings{tufano2022methods2test,
  title={{Methods2Test}: A dataset of focal methods mapped to test cases},
  author={Tufano, Michele and Deng, Shao Kun and Sundaresan, Neel and Svyatkovskiy, Alexey},
  booktitle={Proceedings of the 19th International Conference on Mining Software Repositories},
  pages={299--303},
  year={2022}
}

