@article{castells2024edgefusion,
  title={EdgeFusion: On-Device Text-to-Image Generation},
  author={Castells, Thibault and Song, Hyoung-Kyu and Piao, Tairen and Choi, Shinkook and Kim, Bo-Kyeong and Yim, Hanyoung and Lee, Changgwun and Kim, Jae Gon and Kim, Tae-Ho},
  journal={arXiv preprint arXiv:2404.11925},
  year={2024}
}

@inproceedings{castells2024ld,
  title={LD-Pruner: Efficient Pruning of Latent Diffusion Models using Task-Agnostic Insights},
  author={Castells, Thibault and Song, Hyoung-Kyu and Kim, Bo-Kyeong and Choi, Shinkook},
  booktitle={CVPR},
  pages={821--830},
  year={2024}
}

@inproceedings{fang2023structural,
  title={Structural pruning for diffusion models},
  author={Gongfan Fang and Xinyin Ma and Xinchao Wang},
  booktitle={NeurIPS},
  year={2023},
}

@article{ganjdanesh2024not,
  title={Not All Prompts Are Made Equal: Prompt-based Pruning of Text-to-Image Diffusion Models},
  author={Ganjdanesh, Alireza and Shirkavand, Reza and Gao, Shangqian and Huang, Heng},
  journal={arXiv preprint arXiv:2406.12042},
  year={2024}
}

@article{he2024ptqd,
  title={Ptqd: Accurate post-training quantization for diffusion models},
  author={He, Yefei and Liu, Luping and Liu, Jing and Wu, Weijia and Zhou, Hong and Zhuang, Bohan},
  journal={NeurIPS},
  volume={36},
  year={2024}
}

@inproceedings{kim2025bk,
  title={Bk-sdm: A lightweight, fast, and cheap version of stable diffusion},
  author={Kim, Bo-Kyeong and Song, Hyoung-Kyu and Castells, Thibault and Choi, Shinkook},
  booktitle={ECCV},
  pages={381--399},
  year={2024},
  organization={Springer}
}

@inproceedings{lee2024dit,
  title={DiT-Pruner: Pruning Diffusion Transformer Models for Text-to-Image Synthesis Using Human Preference Scores},
  author={Lee, Youngwan and Lee, Yong-Ju and Hwang, Sung Ju},
  booktitle={ECCVW},
  pages={1--9},
  year={2024}
}

@inproceedings{li2023q,
  title={Q-diffusion: Quantizing diffusion models},
  author={Li, Xiuyu and Liu, Yijiang and Lian, Long and Yang, Huanrui and Dong, Zhen and Kang, Daniel and Zhang, Shanghang and Keutzer, Kurt},
  booktitle={CVPR},
  pages={17535--17545},
  year={2023}
}

@article{li2024snapfusion,
  title={Snapfusion: Text-to-image diffusion model on mobile devices within two seconds},
  author={Li, Yanyu and Wang, Huan and Jin, Qing and Hu, Ju and Chemerys, Pavlo and Fu, Yun and Wang, Yanzhi and Tulyakov, Sergey and Ren, Jian},
  journal={NeurIPS},
  volume={36},
  year={2024}
}

@article{li2024svdqunat,
  title={Svdqunat: Absorbing outliers by low-rank components for 4-bit diffusion models},
  author={Li, Muyang and Lin, Yujun and Zhang, Zhekai and Cai, Tianle and Li, Xiuyu and Guo, Junxian and Xie, Enze and Meng, Chenlin and Zhu, Jun-Yan and Han, Song},
  journal={arXiv preprint arXiv:2411.05007},
  year={2024}
}

@article{men2024shortgpt,
  title={Shortgpt: Layers in large language models are more redundant than you expect},
  author={Men, Xin and Xu, Mingyu and Zhang, Qingyu and Wang, Bingning and Lin, Hongyu and Lu, Yaojie and Han, Xianpei and Chen, Weipeng},
  journal={arXiv preprint arXiv:2403.03853},
  year={2024}
}

@article{ryu2025dgq,
  title={DGQ: Distribution-Aware Group Quantization for Text-to-Image Diffusion Models},
  author={Ryu, Hyogon and Park, NaHyeon and Shim, Hyunjung},
  journal={arXiv preprint arXiv:2501.04304},
  year={2025}
}

@article{song2024multi,
  title={Multi-student Diffusion Distillation for Better One-step Generators},
  author={Song, Yanke and Lorraine, Jonathan and Nie, Weili and Kreis, Karsten and Lucas, James},
  journal={arXiv preprint arXiv:2410.23274},
  year={2024}
}

@article{wang2024patch,
  title={Patch diffusion: Faster and more data-efficient training of diffusion models},
  author={Wang, Zhendong and Jiang, Yifan and Zheng, Huangjie and Wang, Peihao and He, Pengcheng and Wang, Zhangyang and Chen, Weizhu and Zhou, Mingyuan and others},
  journal={NeurIPS},
  volume={36},
  year={2024}
}

@article{wang2024quest,
  title={Quest: Low-bit diffusion model quantization via efficient selective finetuning},
  author={Wang, Haoxuan and Shang, Yuzhang and Yuan, Zhihang and Wu, Junyi and Yan, Junchi and Yan, Yan},
  journal={arXiv preprint arXiv:2402.03666},
  year={2024}
}

@article{yang2024laco,
  title={Laco: Large language model pruning via layer collapse},
  author={Yang, Yifei and Cao, Zouying and Zhao, Hai},
  journal={arXiv preprint arXiv:2402.11187},
  year={2024}
}

@article{zhang2024finercut,
  title={FinerCut: Finer-grained Interpretable Layer Pruning for Large Language Models},
  author={Zhang, Yang and Li, Yawei and Wang, Xinpeng and Shen, Qianli and Plank, Barbara and Bischl, Bernd and Rezaei, Mina and Kawaguchi, Kenji},
  journal={arXiv preprint arXiv:2405.18218},
  year={2024}
}

@inproceedings{zhao2025mobilediffusion,
  title={Mobilediffusion: Instant text-to-image generation on mobile devices},
  author={Zhao, Yang and Xu, Yanwu and Xiao, Zhisheng and Jia, Haolin and Hou, Tingbo},
  booktitle={ECCV},
  pages={225--242},
  year={2024},
  organization={Springer}
}

