@inproceedings{behzadan2017vulnerability,
  title={Vulnerability of deep reinforcement learning to policy induction attacks},
  author={Behzadan, Vahid and Munir, Arslan},
  booktitle={Machine Learning and Data Mining in Pattern Recognition: 13th International Conference, MLDM 2017, New York, NY, USA, July 15-20, 2017, Proceedings 13},
  pages={262--275},
  year={2017},
  organization={Springer}
}

@article{behzadan2017whatever,
  title={Whatever does not kill deep reinforcement learning, makes it stronger},
  author={Behzadan, Vahid and Munir, Arslan},
  journal={arXiv preprint arXiv:1712.09344},
  year={2017}
}

@article{bharti2022provable,
  title={Provable Defense against Backdoor Policies in Reinforcement Learning},
  author={Bharti, Shubham and Zhang, Xuezhou and Singla, Adish and Zhu, Jerry},
  journal={Advances in Neural Information Processing Systems},
  volume={35},
  pages={14704--14714},
  year={2022}
}

@article{bukharin2024robust,
  title={Robust multi-agent reinforcement learning via adversarial regularization: Theoretical foundation and stable algorithms},
  author={Bukharin, Alexander and Li, Yan and Yu, Yue and Zhang, Qingru and Chen, Zhehui and Zuo, Simiao and Zhang, Chao and Zhang, Songan and Zhao, Tuo},
  journal={Advances in Neural Information Processing Systems},
  volume={36},
  year={2024}
}

@article{fischer2019online,
  title={Online robustness training for deep reinforcement learning},
  author={Fischer, Marc and Mirman, Matthew and Stalder, Steven and Vechev, Martin},
  journal={arXiv preprint arXiv:1911.00887},
  year={2019}
}

@inproceedings{franzmeyerillusory,
  title={Illusory Attacks: Information-theoretic detectability matters in adversarial attacks},
  author={Franzmeyer, Tim and McAleer, Stephen Marcus and Henriques, Joao F and Foerster, Jakob Nicolaus and Torr, Philip and Bibi, Adel and de Witt, Christian Schroeder},
  booktitle={The Twelfth International Conference on Learning Representations},
  year={2024}
}

@inproceedings{gleave2019adversarial,
    title={Adversarial Policies: Attacking Deep Reinforcement Learning},
    author={Adam Gleave and Michael Dennis and Cody Wild and Neel Kant and Sergey Levine and Stuart Russell},
    booktitle={International Conference on Learning Representations},
    year={2020},
    url={https://openreview.net/forum?id=HJgEMpVFwB}
}

@inproceedings{goodfellow2014explaining,
  title={Explaining and harnessing adversarial examples},
  author={Goodfellow, Ian J and Shlens, Jonathon and Szegedy, Christian},
  year={2015},
  booktitle={International Conference on Learning Representations}
}

@inproceedings{guo2023policycleanse,
  title={Policycleanse: Backdoor detection and mitigation for competitive reinforcement learning},
  author={Guo, Junfeng and Li, Ang and Wang, Lixu and Liu, Cong},
  booktitle={Proceedings of the IEEE/CVF International Conference on Computer Vision},
  pages={4699--4708},
  year={2023}
}

@article{he2023robust,
    title={Robust Multi-Agent Reinforcement Learning with State Uncertainty},
    author={Sihong He and Songyang Han and Sanbao Su and Shuo Han and Shaofeng Zou and Fei Miao},
    journal={Transactions on Machine Learning Research},
    issn={2835-8856},
    year={2023},
    url={https://openreview.net/forum?id=CqTkapZ6H9}
}

@article{huang2017adversarial,
  title={Adversarial attacks on neural network policies},
  author={Huang, Sandy and Papernot, Nicolas and Goodfellow, Ian and Duan, Yan and Abbeel, Pieter},
  journal={arXiv preprint arXiv:1702.02284},
  year={2017}
}

@inproceedings{inkawhich2019snooping,
    author = {Inkawhich, Matthew and Chen, Yiran and Li, Hai},
    title = {Snooping Attacks on Deep Reinforcement Learning},
    year = {2020},
    isbn = {9781450375184},
    publisher = {International Foundation for Autonomous Agents and Multiagent Systems},
    address = {Richland, SC},
    booktitle = {Proceedings of the 19th International Conference on Autonomous Agents and MultiAgent Systems},
    pages = {557â€“565},
    numpages = {9},
    keywords = {security, machine learning, deep reinforcement learning},
    location = {Auckland, New Zealand},
    series = {AAMAS '20}
}

@inproceedings{kiourti2020trojdrl,
  title={TrojDRL: evaluation of backdoor attacks on deep reinforcement learning},
  author={Kiourti, Panagiota and Wardega, Kacper and Jha, Susmit and Li, Wenchao},
  booktitle={2020 57th ACM/IEEE Design Automation Conference (DAC)},
  pages={1--6},
  year={2020},
  organization={IEEE}
}

@inproceedings{korkmaz2023adversarial,
  title={Adversarial robust deep reinforcement learning requires redefining robustness},
  author={Korkmaz, Ezgi},
  booktitle={Proceedings of the AAAI Conference on Artificial Intelligence},
  volume={37},
  pages={8369--8377},
  year={2023}
}

@article{kos2017delving,
  title={Delving into adversarial attacks on deep policies},
  author={Kos, Jernej and Song, Dawn},
  journal={arXiv preprint arXiv:1705.06452},
  year={2017}
}

@inproceedings{kumar2021policy,
    title={Policy Smoothing for Provably Robust Reinforcement Learning},
    author={Aounon Kumar and Alexander Levine and Soheil Feizi},
    booktitle={International Conference on Learning Representations},
    year={2022},
    url={https://openreview.net/forum?id=mwdfai8NBrJ}
}

@article{liang2022efficient,
  title={Efficient adversarial training without attacking: Worst-case-aware robust reinforcement learning},
  author={Liang, Yongyuan and Sun, Yanchao and Zheng, Ruijie and Huang, Furong},
  journal={Advances in Neural Information Processing Systems},
  volume={35},
  pages={22547--22561},
  year={2022}
}

@inproceedings{liang2023game,
    title={Game-Theoretic Robust Reinforcement Learning Handles Temporally-Coupled Perturbations},
    author={Yongyuan Liang and Yanchao Sun and Ruijie Zheng and Xiangyu Liu and Benjamin Eysenbach and Tuomas Sandholm and Furong Huang and Stephen Marcus McAleer},
    booktitle={The Twelfth International Conference on Learning Representations},
    year={2024},
    url={https://openreview.net/forum?id=wZWTHU7AsQ}
}

@inproceedings{lin2017tactics,
  author={Yen-Chen Lin and Zhang-Wei Hong and Yuan-Hong Liao and Meng-Li Shih and Ming-Yu Liu and Min Sun},
  title={Tactics of Adversarial Attack on Deep Reinforcement Learning Agents},
  year={2017},
  cdate={1483228800000},
  pages={3756-3762},
  url={https://doi.org/10.24963/ijcai.2017/525},
  booktitle={International Joint Conference on Artificial Intelligence}
}

@inproceedings{liu2023rethinking,
    title={Rethinking Adversarial Policies: A Generalized Attack Formulation and Provable Defense in {RL}},
    author={Xiangyu Liu and Souradip Chakraborty and Yanchao Sun and Furong Huang},
    booktitle={The Twelfth International Conference on Learning Representations},
    year={2024},
    url={https://openreview.net/forum?id=pDCublKPmG}
}

@inproceedings{liu2024beyond,
    title={Beyond Worst-case Attacks: Robust {RL} with Adaptive Defense via Non-dominated Policies},
    author={Xiangyu Liu and Chenghao Deng and Yanchao Sun and Yongyuan Liang and Furong Huang},
    booktitle={The Twelfth International Conference on Learning Representations},
    year={2024},
    url={https://openreview.net/forum?id=DFTHW0MyiW}
}

@inproceedings{lu2023adversarial,
  title={Adversarial cheap talk},
  author={Lu, Chris and Willi, Timon and Letcher, Alistair and Foerster, Jakob Nicolaus},
  booktitle={International Conference on Machine Learning},
  pages={22917--22941},
  year={2023},
  organization={PMLR}
}

@inproceedings{nie2023improve,
  title={Improve robustness of reinforcement learning against observation perturbations via $ l\_\infty $ lipschitz policy networks},
  author={Nie, Buqing and Ji, Jingtian and Fu, Yangqing and Gao, Yue},
  booktitle={Proceedings of the AAAI Conference on Artificial Intelligence},
  volume={38},
  pages={14457--14465},
  year={2024}
}

@article{oikarinen2021robust,
  title={Robust deep reinforcement learning through adversarial loss},
  author={Oikarinen, Tuomas and Zhang, Wang and Megretski, Alexandre and Daniel, Luca and Weng, Tsui-Wei},
  journal={Advances in Neural Information Processing Systems},
  volume={34},
  pages={26156--26167},
  year={2021}
}

@inproceedings{pattanaik2017robust,
  author={Anay Pattanaik and Zhenyi Tang and Shuijing Liu and Gautham Bommannan and Girish Chowdhary},
  title={Robust Deep Reinforcement Learning with Adversarial Attacks},
  year={2018},
  cdate={1514764800000},
  pages={2040-2042},
  url={http://dl.acm.org/citation.cfm?id=3238064},
  booktitle={International Conference on Autonomous Agents and Multiagent Systems}
}

@inproceedings{schulman2015high,
  title={High-dimensional continuous control using generalized advantage estimation},
  author={Schulman, John and Moritz, Philipp and Levine, Sergey and Jordan, Michael and Abbeel, Pieter},
  booktitle={International Conference on Learning Representations},
  year={2016}
}

@inproceedings{schulman2015trust,
  title={Trust region policy optimization},
  author={Schulman, John and Levine, Sergey and Abbeel, Pieter and Jordan, Michael and Moritz, Philipp},
  booktitle={International Conference on Machine Learning},
  pages={1889--1897},
  year={2015},
  organization={PMLR}
}

@inproceedings{shen2020deep,
  title={Deep reinforcement learning with robust and smooth policy},
  author={Shen, Qianli and Li, Yan and Jiang, Haoming and Wang, Zhaoran and Zhao, Tuo},
  booktitle={International Conference on Machine Learning},
  pages={8707--8718},
  year={2020},
  organization={PMLR}
}

@inproceedings{silver2014deterministic,
  title={Deterministic policy gradient algorithms},
  author={Silver, David and Lever, Guy and Heess, Nicolas and Degris, Thomas and Wierstra, Daan and Riedmiller, Martin},
  booktitle={International Conference on Machine Learning},
  pages={387--395},
  year={2014},
  organization={PMLR}
}

@inproceedings{sun2021strongest,
    title={Who Is the Strongest Enemy? Towards Optimal and Efficient Evasion Attacks in Deep {RL}},
    author={Yanchao Sun and Ruijie Zheng and Yongyuan Liang and Furong Huang},
    booktitle={International Conference on Learning Representations},
    year={2022},
    url={https://openreview.net/forum?id=JM2kFbJvvI}
}

@inproceedings{sun2024belief,
    title={Belief-Enriched Pessimistic Q-Learning against Adversarial State Perturbations},
    author={Xiaolin Sun and Zizhan Zheng},
    booktitle={The Twelfth International Conference on Learning Representations},
    year={2024},
    url={https://openreview.net/forum?id=7gDENzTzw1}
}

@InProceedings{sun2024breaking,
  title = 	 {Breaking the Barrier: Enhanced Utility and Robustness in Smoothed {DRL} Agents},
  author =       {Sun, Chung-En and Gao, Sicun and Weng, Tsui-Wei},
  booktitle = 	 {Proceedings of the 41st International Conference on Machine Learning},
  pages = 	 {46957--46987},
  year = 	 {2024},
  editor = 	 {Salakhutdinov, Ruslan and Kolter, Zico and Heller, Katherine and Weller, Adrian and Oliver, Nuria and Scarlett, Jonathan and Berkenkamp, Felix},
  volume = 	 {235},
  series = 	 {Proceedings of Machine Learning Research},
  month = 	 {21--27 Jul},
  publisher =    {PMLR},
  pdf = 	 {https://raw.githubusercontent.com/mlresearch/v235/main/assets/sun24b/sun24b.pdf},
  url = 	 {https://proceedings.mlr.press/v235/sun24b.html}
}

@article{sutton1988learning,
  title={Learning to predict by the methods of temporal differences},
  author={Sutton, Richard S},
  journal={Machine Learning},
  volume={3},
  pages={9--44},
  year={1988},
  publisher={Springer}
}

@inproceedings{wang2021backdoorl,
  author={Lun Wang and Zaynah Javed and Xian Wu and Wenbo Guo and Xinyu Xing and Dawn Song},
  title={BACKDOORL: Backdoor Attack against Competitive Reinforcement Learning},
  year={2021},
  cdate={1609459200000},
  pages={3699-3705},
  url={https://doi.org/10.24963/ijcai.2021/509},
  booktitle={International Joint Conference on Artificial Intelligence}
}

@inproceedings{weng2019toward,
  title={Toward evaluating robustness of deep reinforcement learning with continuous control},
  author={Weng, Tsui-Wei and Dvijotham, Krishnamurthy Dj and Uesato, Jonathan and Xiao, Kai and Gowal, Sven and Stanforth, Robert and Kohli, Pushmeet},
  booktitle={International Conference on Learning Representations},
  year={2019}
}

@inproceedings{wu2021crop,
    title={{CROP}: Certifying Robust Policies for Reinforcement Learning through Functional Smoothing},
    author={Fan Wu and Linyi Li and Zijian Huang and Yevgeniy Vorobeychik and Ding Zhao and Bo Li},
    booktitle={International Conference on Learning Representations},
    year={2022},
    url={https://openreview.net/forum?id=HOjLHrlZhmx}
}

@article{zhang2020robust,
  title={Robust deep reinforcement learning against adversarial perturbations on state observations},
  author={Zhang, Huan and Chen, Hongge and Xiao, Chaowei and Li, Bo and Liu, Mingyan and Boning, Duane and Hsieh, Cho-Jui},
  journal={Advances in Neural Information Processing Systems},
  volume={33},
  pages={21024--21037},
  year={2020}
}

@inproceedings{zhang2021robust,
    title={Robust Reinforcement Learning on State Observations with Learned Optimal Adversary},
    author={Huan Zhang and Hongge Chen and Duane S Boning and Cho-Jui Hsieh},
    booktitle={International Conference on Learning Representations},
    year={2021},
    url={https://openreview.net/forum?id=sCZbhBvqQaU}
}

@article{zhang2022rethinking,
  title={Rethinking lipschitz neural networks and certified robustness: A boolean function perspective},
  author={Zhang, Bohang and Jiang, Du and He, Di and Wang, Liwei},
  journal={Advances in Neural Information Processing Systems},
  volume={35},
  pages={19398--19413},
  year={2022}
}

