@inproceedings{cc:83,
  author  = "Fadilah, N. and Mohamad-Saleh, J.",
  year    = 2014,
  title   = "{Color feature extraction of oil palm fresh fruit bunch image for ripeness classification}",
  booktitle="13th Int. Conf. Appl. Comput. Appl. Comput. Sci ", 
  pages   = "51-55",
}

@inproceedings{cc:84,
  author  = "Alfatni, M. S. M. and Shariff, A. R. M. and Abdullah, M. Z. and Marhaban, M. H. and Shafie, S. B. and Bamiruddin, M. D. and Saaed, O. M. B.",
  year    = 2014,
  title   = "{Oil palm fresh fruit bunch ripeness classification based on rule-based expert system of ROI image processing technique results}",
  booktitle=" IOP Conference Series: Earth and Environmental Science", 
  pages   = "12-18",
  publisher = "{IOP Publishing}",
}

@inproceedings{cc:85,
  author  = "Herman, H. and Cenggoro, T. W. and Susanto, A. and Pardamean, B.",
  year    = 2021,
  title   = "{Deep Learning for Oil Palm Fruit Ripeness Classification with DenseNet}",
  booktitle=" 2021 International Conference on Information Management and Technology (ICIMTech)", 
  pages   = "116-119",
  publisher = "{IEEE}",
}

@article{hcrt:86,
  author  = "Sabri, N. and Ibrahim, Z. and Isa, D.",
  year    = 2018,
  title   = "{Evaluation of color models for palm oil fresh fruit bunch ripeness classification}",
  journal = "Indonesian Journal of Electrical Engineering and Computer Science",
  volume  = 11,
  number  = 2,
  pages   = "549-557",
}

@article{hcrt:87,
  author  = "Rehman, T. U. and Mahmud, M. S. and Chang, Y. K. and Jin, J. and Shin, J.",
  year    = 2019,
  title   = "{Current and future applications of statistical machine learning algorithms for agricultural machine vision systems}",
  journal = "Computers and electronics in agriculture",
  volume  = 156,
  number  = 1,
  pages   = "585-605",
}

@article{hcrt:88,
  author  = "Pla, F. and Sanchiz, J. M. and SÃ¡nchez, J. S.",
  year    = 2001,
  title   = "{An integral automation of industrial fruit and vegetable sorting by machine vision}",
  journal = "ETFA 2001. 8th International Conference on Emerging Technologies and Factory Automation. Proceedings (Cat. No.01TH8597)",
  volume  = 2,
  number  = 1,
  pages   = "541-546",
}

@article{hcrt:89,
  author  = "Sabri, N. and Ibrahim, Z. and Syahlan, S. and Jamil, N. and Mangshor, N. N. A.",
  year    = 2017,
  title   = "{Palm oil fresh fruit bunch ripeness grading identification using color features}",
  journal = "Journal of Fundamental and Applied Sciences",
  volume  = 9,
  number  = 4,
  pages   = "563-579",
}

@article{hcrt:90,
  author  = "Ibrahim, Z. and Sabri, N. and Isa, D.",
  year    = 2018,
  title   = "{Palm oil fresh fruit bunch ripeness grading recognition using convolutional neural network}",
  journal = "Journal of Telecommunication, Electronic and Computer Engineering (JTEC)",
  volume  = 10,
  number  = 3,
  pages   = "109-113",
}

@article{hcrt:91,
  author  = "Altaheri, H. and Alsulaiman, M. and Muhammad, G.",
  year    = 2019,
  title   = "{Date fruit classification for robotic harvesting in a natural environment using deep learning}",
  journal = "IEEE Access",
  volume  = 7,
  pages   = "17115-117133",
}

@article{hcrt:92,
  author  = "Altaheri, H. and Alsulaiman, M. and Faisal, M. and Muhammed, G.",
  year    = 2019,
  title   = "{Date fruit dataset for automated harvesting and visual yield estimation}",
  journal = "Proc. IEEE DataPort",
}

