@book{em:86,
  editor  = "Engelmore, Robert and Morgan, Anthony",
  title   = "Blackboard Systems",
  year    = 1986,
  address = "Reading, Mass.",
  publisher = "Addison-Wesley",
}




@inproceedings{c:83,
  author  = "Al-Janobi, A. and  Abdulwahed, A.",
  year    = 2012,
  title   = "{Evaluation of field test of harvesting system for picking dates fruits based on robotic arm}",
  booktitle="Proceedings of the First International Conference on Robotics and Associated High-technologies and Equipment for Agriculture. Applications of automated systems and robotics for crop protection in sustainable precision agriculture,(RHEA-2012) ", 
  pages   = "183-188",
  address = "Pisa, Italy",
  publisher = "{University of Pisa}",
}

@inproceedings{cc:83,
  author  = "Fadilah, N. and Mohamad-Saleh, J.",
  year    = 2014,
  title   = "{Color feature extraction of oil palm fresh fruit bunch image for ripeness classification}",
  booktitle="13th Int. Conf. Appl. Comput. Appl. Comput. Sci ", 
  pages   = "51-55",
}

@inproceedings{cc:84,
  author  = "Alfatni, M. S. M. and Shariff, A. R. M. and Abdullah, M. Z. and Marhaban, M. H. and Shafie, S. B. and Bamiruddin, M. D. and Saaed, O. M. B.",
  year    = 2014,
  title   = "{Oil palm fresh fruit bunch ripeness classification based on rule-based expert system of ROI image processing technique results}",
  booktitle=" IOP Conference Series: Earth and Environmental Science", 
  pages   = "12-18",
  publisher = "{IOP Publishing}",
}

@inproceedings{cc:85,
  author  = "Herman, H. and Cenggoro, T. W. and Susanto, A. and Pardamean, B.",
  year    = 2021,
  title   = "{Deep Learning for Oil Palm Fruit Ripeness Classification with DenseNet}",
  booktitle=" 2021 International Conference on Information Management and Technology (ICIMTech)", 
  pages   = "116-119",
  publisher = "{IEEE}",
}

@inproceedings{cc:86,
  author  = "Krizhevsky, A. and Sutskever, I. and Hinton, G. E.",
  year    = 2012,
  title   = "{Imagenet classification with deep convolutional neural networks}",
  booktitle="Advances in neural information processing systems", 
  pages   = " ",
  publisher = "{Curran Associates, Inc.}",
}

@inproceedings{cc:87,
  author  = "Szegedy, C. and Liu, W. and Jia, Y. and Sermanet, P. and Reed, S. and Anguelov, D. and Erhan, D. and Vanhoucke, V. and Rabinovich, A.",
  year    = 2015,
  title   = "{Going deeper with convolutions}",
  booktitle="Proceedings of the IEEE conference on computer vision and pattern recognition", 
  pages   = "1-9",
}

@inproceedings{cc:88,
  author  = "He, K. and Zhang, X. and Ren, S. and Sun, J.",
  year    = 2016,
  title   = "{Deep residual learning for image recognition}",
  booktitle="Proceedings of the IEEE conference on computer vision and pattern recognition", 
  pages   = "770-778",
}





@inproceedings{c:84,
  author  = "Clancey, William J.",
  year    = 1984,
  title   = "{Classification Problem Solving}",
  booktitle = "Proceedings of the Fourth National 
              Conference on Artificial Intelligence",
  pages   = "45-54",
  address = "Menlo Park, Calif.",
  publisher="AAAI Press",
}


@article{hcrt:83,
  author  = "Silalahi, D. D. and Reaño, C. E. and Lansigan, F. P. and Panopio, R. G. and Bantayan, N. C. and Davrieux, F. and Caliman, J. P. and Yuan, Y.",
  year    = 2016,
  title   = "{Near Infrared Spectroscopy: A Rapid and Non-Destructive Technique to Assess the Ripeness of Oil Palm (Elaeis Guineensis Jacq.) Fresh Fruit}",
  journal = "Journal of Near Infrared Spectroscopy",
  volume  = 24,
  number  = 2,
  pages   = "179-190",
}

@article{hcrt:84,
  author  = "Abdullah, M. Z. and  Guan, L. C. and Azemi, B. M",
  year    = 2001,
  title   = "{Stepwise discriminant analysis for colour grading of oil palm using machine vision system}",
  journal = "Food and bioproducts processing",
  volume  = 79,
  number  = 4,
  pages   = "223-231",
}

@article{hcrt:85,
  author  = "Kapach, K. and Barnea, E. and Mairon, R. and Edan, Y. and Ben-Shahar, O.",
  year    = 2012,
  title   = "{Computer vision for fruit harvesting robots–state of the art and challenges ahead}",
  journal = "International Journal of Computational Vision and Robotics",
  volume  = 3,
  number  = 2,
  pages   = "4-34",
}

@article{hcrt:86,
  author  = "Sabri, N. and Ibrahim, Z. and Isa, D.",
  year    = 2018,
  title   = "{Evaluation of color models for palm oil fresh fruit bunch ripeness classification}",
  journal = "Indonesian Journal of Electrical Engineering and Computer Science",
  volume  = 11,
  number  = 2,
  pages   = "549-557",
}

@article{hcrt:87,
  author  = "Rehman, T. U. and Mahmud, M. S. and Chang, Y. K. and Jin, J. and Shin, J.",
  year    = 2019,
  title   = "{Current and future applications of statistical machine learning algorithms for agricultural machine vision systems}",
  journal = "Computers and electronics in agriculture",
  volume  = 156,
  number  = 1,
  pages   = "585-605",
}

@article{hcrt:88,
  author  = "Pla, F. and Sanchiz, J. M. and Sánchez, J. S.",
  year    = 2001,
  title   = "{An integral automation of industrial fruit and vegetable sorting by machine vision}",
  journal = "ETFA 2001. 8th International Conference on Emerging Technologies and Factory Automation. Proceedings (Cat. No.01TH8597)",
  volume  = 2,
  number  = 1,
  pages   = "541-546",
}

@article{hcrt:89,
  author  = "Sabri, N. and Ibrahim, Z. and Syahlan, S. and Jamil, N. and Mangshor, N. N. A.",
  year    = 2017,
  title   = "{Palm oil fresh fruit bunch ripeness grading identification using color features}",
  journal = "Journal of Fundamental and Applied Sciences",
  volume  = 9,
  number  = 4,
  pages   = "563-579",
}

@article{hcrt:90,
  author  = "Ibrahim, Z. and Sabri, N. and Isa, D.",
  year    = 2018,
  title   = "{Palm oil fresh fruit bunch ripeness grading recognition using convolutional neural network}",
  journal = "Journal of Telecommunication, Electronic and Computer Engineering (JTEC)",
  volume  = 10,
  number  = 3,
  pages   = "109-113",
}

@article{hcrt:91,
  author  = "Altaheri, H. and Alsulaiman, M. and Muhammad, G.",
  year    = 2019,
  title   = "{Date fruit classification for robotic harvesting in a natural environment using deep learning}",
  journal = "IEEE Access",
  volume  = 7,
  pages   = "17115-117133",
}

@article{hcrt:92,
  author  = "Altaheri, H. and Alsulaiman, M. and Faisal, M. and Muhammed, G.",
  year    = 2019,
  title   = "{Date fruit dataset for automated harvesting and visual yield estimation}",
  journal = "Proc. IEEE DataPort",
}

@article{hcrt:93,
  author  = "Fan, J. and Upadhye, S. and Worster, A",
  year    = 2006,
  title   = "{Understanding receiver operating characteristic (ROC) curves}",
  journal = "Canadian Journal of Emergency Medicine",
  volume  = 8,
  number  = 1,
  pages   = "19-20",
}

@article{hcrt:94,
  author  = "Sha, F. and Zandavi, S. M. and Chung, Y. Y. ",
  year    = 2019,
  title   = "{ Fast deep parallel residual network for accurate super resolution image processing}",
  journal = "Expert Systems with Applications",
  volume  = 128,
  pages   = "157-168",
}








@techreport{r:86,
  author  = "Rice, James",
  year    = 1986,
  title   = "{Poligon: A System for Parallel Problem Solving}",
  type    = "Technical Report", 
  number  = "KSL-86-19", 
  institution = "Dept.\ of Computer Science, Stanford Univ.",
}
@phdthesis{c:79,
  author  = "Clancey, William J.",
  year    = 1979,
  title   = "{Transfer of Rule-Based Expertise
through a Tutorial Dialogue}",
  type    = "{Ph.D.} diss.",
  school  = "Dept.\ of Computer Science, Stanford Univ.",
  address = "Stanford, Calif.",
}
@unpublished{c:21,
  author  = "Clancey, William J.",
  title   = "{The Engineering of Qualitative Models}",
  year    = 2021,
  note    = "Forthcoming",
}
@misc{c:22,
      title={Crime and punishment in scientific research}, 
      author={Mathieu Bouville},
      year={2008},
      eprint={0803.4058},
      archivePrefix={arXiv},
      primaryClass={physics.soc-ph}
}
@misc{c:23,
  title        = "Pluto: The 'Other' Red Planet",
  author       = "{NASA}",
  howpublished = "\url{https://www.nasa.gov/nh/pluto-the-other-red-planet}",
  year         = 2015,
  note         = "Accessed: 2018-12-06"
}