@inproceedings{jing2022learning,
  title={Learning graph neural networks for image style transfer},
  author={Jing, Yongcheng and Mao, Yining and Yang, Yiding and Zhan, Yibing and Song, Mingli and Wang, Xinchao and Tao, Dacheng},
  booktitle={European Conference on Computer Vision},
  pages={111--128},
  year={2022},
  organization={Springer}
}

@inproceedings{jing2021meta,
  title={Meta-aggregator: Learning to aggregate for 1-bit graph neural networks},
  author={Jing, Yongcheng and Yang, Yiding and Wang, Xinchao and Song, Mingli and Tao, Dacheng},
  booktitle={Proceedings of the IEEE/CVF International Conference on Computer Vision},
  pages={5301--5310},
  year={2021}
}

@inproceedings{yang2021learning,
  title={Learning dynamics via graph neural networks for human pose estimation and tracking},
  author={Yang, Yiding and Ren, Zhou and Li, Haoxiang and Zhou, Chunluan and Wang, Xinchao and Hua, Gang},
  booktitle={Proceedings of the IEEE/CVF conference on computer vision and pattern recognition},
  pages={8074--8084},
  year={2021}
}

@inproceedings{yu2017spatio,
  title={Spatio-temporal graph convolutional networks: A deep learning framework for traffic forecasting},
  author={Yu, Bing and Yin, Haoteng and Zhu, Zhanxing},
  booktitle={IJCAI},
  year={2018}
}

@inproceedings{wu2020graphsocial,
  title={Graph convolutional networks with markov random field reasoning for social spammer detection},
  author={Wu, Yongji and Lian, Defu and Xu, Yiheng and Wu, Le and Chen, Enhong},
  booktitle={AAAI},
  year={2020}
}

@article{shah2020finding,
  title={Finding patient zero: Learning contagion source with graph neural networks},
  author={Shah, Chintan and Dehmamy, Nima and Perra, Nicola and Chinazzi, Matteo and Barab{\'a}si, Albert-L{\'a}szl{\'o} and Vespignani, Alessandro and Yu, Rose},
  journal={arXiv preprint arXiv:2006.11913},
  year={2020}
}

@inproceedings{gao2022graph,
  title={Graph neural networks for recommender system},
  author={Gao, Chen and Wang, Xiang and He, Xiangnan and Li, Yong},
  booktitle={Proceedings of the Fifteenth ACM International Conference on Web Search and Data Mining},
  pages={1623--1625},
  year={2022}
}

@inproceedings{wu2019session,
  title={Session-based recommendation with graph neural networks},
  author={Wu, Shu and Tang, Yuyuan and Zhu, Yanqiao and Wang, Liang and Xie, Xing and Tan, Tieniu},
  booktitle={Proceedings of the AAAI conference on artificial intelligence},
  volume={33},
  number={01},
  pages={346--353},
  year={2019}
}

@article{zitnik2018modeling,
  title={Modeling polypharmacy side effects with graph convolutional networks},
  author={Zitnik, Marinka and Agrawal, Monica and Leskovec, Jure},
  journal={Bioinformatics},
  year={2018}
}

@article{rathi2019practical,
  title={Practical high-quality electrostatic potential surfaces for drug discovery using a graph-convolutional deep neural network},
  author={Rathi, Prakash Chandra and Ludlow, R Frederick and Verdonk, Marcel L},
  journal={Journal of medicinal chemistry},
  year={2019}
}

@inproceedings{jing2023deep,
  title={Deep Graph Reprogramming},
  author={Jing, Yongcheng and Yuan, Chongbin and Ju, Li and Yang, Yiding and Wang, Xinchao and Tao, Dacheng},
  booktitle={Proceedings of the IEEE/CVF Conference on Computer Vision and Pattern Recognition},
  pages={24345--24354},
  year={2023}
}

@inproceedings{jing2021amalgamating,
  title={Amalgamating knowledge from heterogeneous graph neural networks},
  author={Jing, Yongcheng and Yang, Yiding and Wang, Xinchao and Song, Mingli and Tao, Dacheng},
  booktitle={CVPR},
  year={2021}
}

@article{deng2021graph,
  title={Graph-free knowledge distillation for graph neural networks},
  author={Deng, Xiang and Zhang, Zhongfei},
  journal={arXiv preprint arXiv:2105.07519},
  year={2021}
}

@article{li2023adaptergnn,
  title={AdapterGNN: Efficient Delta Tuning Improves Generalization Ability in Graph Neural Networks},
  author={Li, Shengrui and Han, Xueting and Bai, Jing},
  journal={arXiv preprint arXiv:2304.09595},
  year={2023}
}

@article{hu2019pretrainstr,
  title={Strategies for pre-training graph neural networks},
  author={Hu, Weihua and Liu, Bowen and Gomes, Joseph and Zitnik, Marinka and Liang, Percy and Pande, Vijay and Leskovec, Jure},
  journal={arXiv preprint arXiv:1905.12265},
  year={2019}
}

@inproceedings{yang2022deep,
  title={Deep model reassembly},
  author={Yang, Xingyi and Daquan, Zhou and Liu, Songhua and Ye, Jingwen and Wang, Xinchao},
  booktitle={NeurIPS},
  year={2022}
}

@article{sun2022graphrepr,
  title={Does GNN Pretraining Help Molecular Representation?},
  author={Sun, Ruoxi and Dai, Hanjun and Yu, Adams Wei},
  journal={Advances in Neural Information Processing Systems},
  volume={35},
  pages={12096--12109},
  year={2022}
}

@inproceedings{yang2020distilling,
  title={Distilling knowledge from graph convolutional networks},
  author={Yang, Yiding and Qiu, Jiayan and Song, Mingli and Tao, Dacheng and Wang, Xinchao},
  booktitle={Proceedings of the IEEE/CVF Conference on Computer Vision and Pattern Recognition},
  pages={7074--7083},
  year={2020}
}

@inproceedings{houlsby2019adapter,
  title={Parameter-efficient transfer learning for NLP},
  author={Houlsby, Neil and Giurgiu, Andrei and Jastrzebski, Stanislaw and Morrone, Bruna and De Laroussilhe, Quentin and Gesmundo, Andrea and Attariyan, Mona and Gelly, Sylvain},
  booktitle={International Conference on Machine Learning},
  pages={2790--2799},
  year={2019},
  organization={PMLR}
}

@inproceedings{sung2022vladapter,
  title={Vl-adapter: Parameter-efficient transfer learning for vision-and-language tasks},
  author={Sung, Yi-Lin and Cho, Jaemin and Bansal, Mohit},
  booktitle={Proceedings of the IEEE/CVF Conference on Computer Vision and Pattern Recognition},
  pages={5227--5237},
  year={2022}
}

@article{zhang2021tipadapter,
  title={Tip-adapter: Training-free clip-adapter for better vision-language modeling},
  author={Zhang, Renrui and Fang, Rongyao and Zhang, Wei and Gao, Peng and Li, Kunchang and Dai, Jifeng and Qiao, Yu and Li, Hongsheng},
  journal={arXiv preprint arXiv:2111.03930},
  year={2021}
}

@article{hu2021lora,
  title={Lora: Low-rank adaptation of large language models},
  author={Hu, Edward J and Shen, Yelong and Wallis, Phillip and Allen-Zhu, Zeyuan and Li, Yuanzhi and Wang, Shean and Wang, Lu and Chen, Weizhu},
  journal={arXiv preprint arXiv:2106.09685},
  year={2021}
}


@article{li2021prefix,
  title={Prefix-tuning: Optimizing continuous prompts for generation},
  author={Li, Xiang Lisa and Liang, Percy},
  journal={arXiv preprint arXiv:2101.00190},
  year={2021}
}

@article{sung2022lst,
  title={Lst: Ladder side-tuning for parameter and memory efficient transfer learning},
  author={Sung, Yi-Lin and Cho, Jaemin and Bansal, Mohit},
  journal={Advances in Neural Information Processing Systems},
  volume={35},
  pages={12991--13005},
  year={2022}
}

@inproceedings{zhang2020side,
  title={Side-tuning: a baseline for network adaptation via additive side networks},
  author={Zhang, Jeffrey O and Sax, Alexander and Zamir, Amir and Guibas, Leonidas and Malik, Jitendra},
  booktitle={Computer Vision--ECCV 2020: 16th European Conference, Glasgow, UK, August 23--28, 2020, Proceedings, Part III 16},
  pages={698--714},
  year={2020},
  organization={Springer}
}

@article{lester2021prompt,
  title={The power of scale for parameter-efficient prompt tuning},
  author={Lester, Brian and Al-Rfou, Rami and Constant, Noah},
  journal={arXiv preprint arXiv:2104.08691},
  year={2021}
}

@article{zhou2022vprompt,
  title={Learning to prompt for vision-language models},
  author={Zhou, Kaiyang and Yang, Jingkang and Loy, Chen Change and Liu, Ziwei},
  journal={International Journal of Computer Vision},
  volume={130},
  number={9},
  pages={2337--2348},
  year={2022},
  publisher={Springer}
}

@article{hu2019pretrainstrategies,
  title={Strategies for pre-training graph neural networks},
  author={Hu, Weihua and Liu, Bowen and Gomes, Joseph and Zitnik, Marinka and Liang, Percy and Pande, Vijay and Leskovec, Jure},
  journal={arXiv preprint arXiv:1905.12265},
  year={2019}
}

@inproceedings{xia2022simgrace,
  title={Simgrace: A simple framework for graph contrastive learning without data augmentation},
  author={Xia, Jun and Wu, Lirong and Chen, Jintao and Hu, Bozhen and Li, Stan Z},
  booktitle={Proceedings of the ACM Web Conference 2022},
  pages={1070--1079},
  year={2022}
}

@inproceedings{zhu2021graphcl,
  title={Graph contrastive learning with adaptive augmentation},
  author={Zhu, Yanqiao and Xu, Yichen and Yu, Feng and Liu, Qiang and Wu, Shu and Wang, Liang},
  booktitle={Proceedings of the Web Conference 2021},
  pages={2069--2080},
  year={2021}
}

@inproceedings{sun2022gppt,
  title={Gppt: Graph pre-training and prompt tuning to generalize graph neural networks},
  author={Sun, Mingchen and Zhou, Kaixiong and He, Xin and Wang, Ying and Wang, Xin},
  booktitle={Proceedings of the 28th ACM SIGKDD Conference on Knowledge Discovery and Data Mining},
  pages={1717--1727},
  year={2022}
}

@article{sun2023all,
  title={All in One: Multi-Task Prompting for Graph Neural Networks},
  author={Sun, Xiangguo and Cheng, Hong and Li, Jia and Liu, Bo and Guan, Jihong},
  year={2023}
}

@article{pan2009transfersurvey,
  title={A survey on transfer learning},
  author={Pan, Sinno Jialin and Yang, Qiang},
  journal={IEEE Transactions on knowledge and data engineering},
  volume={22},
  number={10},
  pages={1345--1359},
  year={2009},
  publisher={IEEE}
}
@inproceedings{long2015domainlearning,
  title={Learning transferable features with deep adaptation networks},
  author={Long, Mingsheng and Cao, Yue and Wang, Jianmin and Jordan, Michael},
  booktitle={International conference on machine learning},
  pages={97--105},
  year={2015},
  organization={PMLR}
}
@inproceedings{zhuang2015domainsupervised,
  title={Supervised representation learning: Transfer learning with deep autoencoders},
  author={Zhuang, Fuzhen and Cheng, Xiaohu and Luo, Ping and Pan, Sinno Jialin and He, Qing},
  booktitle={Twenty-fourth international joint conference on artificial intelligence},
  year={2015}
}
@article{ganin2016domain,
  title={Domain-adversarial training of neural networks},
  author={Ganin, Yaroslav and Ustinova, Evgeniya and Ajakan, Hana and Germain, Pascal and Larochelle, Hugo and Laviolette, Fran{\c{c}}ois and Marchand, Mario and Lempitsky, Victor},
  journal={The journal of machine learning research},
  volume={17},
  number={1},
  pages={2096--2030},
  year={2016},
  publisher={JMLR. org}
}
@inproceedings{tan2017domaindistant,
  title={Distant domain transfer learning},
  author={Tan, Ben and Zhang, Yu and Pan, Sinno and Yang, Qiang},
  booktitle={Proceedings of the AAAI conference on artificial intelligence},
  volume={31},
  number={1},
  year={2017}
}
@article{long2018domainconditional,
  title={Conditional adversarial domain adaptation},
  author={Long, Mingsheng and Cao, Zhangjie and Wang, Jianmin and Jordan, Michael I},
  journal={Advances in neural information processing systems},
  volume={31},
  year={2018}
}
@inproceedings{pei2018domainmulti,
  title={Multi-adversarial domain adaptation},
  author={Pei, Zhongyi and Cao, Zhangjie and Long, Mingsheng and Wang, Jianmin},
  booktitle={Proceedings of the AAAI conference on artificial intelligence},
  volume={32},
  number={1},
  year={2018}
}
@article{dai2022graphadv,
  title={Graph transfer learning via adversarial domain adaptation with graph convolution},
  author={Dai, Quanyu and Wu, Xiao-Ming and Xiao, Jiaren and Shen, Xiao and Wang, Dan},
  journal={IEEE Transactions on Knowledge and Data Engineering},
  volume={35},
  number={5},
  pages={4908--4922},
  year={2022},
  publisher={IEEE}
}
@article{zhang2019dane,
  title={Dane: Domain adaptive network embedding},
  author={Zhang, Yizhou and Song, Guojie and Du, Lun and Yang, Shuwen and Jin, Yilun},
  journal={arXiv preprint arXiv:1906.00684},
  year={2019}
}
@inproceedings{shen2020adversarial,
  title={Adversarial deep network embedding for cross-network node classification},
  author={Shen, Xiao and Dai, Quanyu and Chung, Fu-lai and Lu, Wei and Choi, Kup-Sze},
  booktitle={Proceedings of the AAAI conference on artificial intelligence},
  volume={34},
  number={03},
  pages={2991--2999},
  year={2020}
}
@inproceedings{wu2020unsupervised,
  title={Unsupervised domain adaptive graph convolutional networks},
  author={Wu, Man and Pan, Shirui and Zhou, Chuan and Chang, Xiaojun and Zhu, Xingquan},
  booktitle={Proceedings of The Web Conference 2020},
  pages={1457--1467},
  year={2020}
}
@article{cai2021graphrecons,
  title={Graph domain adaptation: A generative view},
  author={Cai, Ruichu and Wu, Fengzhu and Li, Zijian and Wei, Pengfei and Yi, Lingling and Zhang, Kun},
  journal={arXiv preprint arXiv:2106.07482},
  year={2021}
}
@article{pilanci2020domainalign,
  title={Domain adaptation on graphs by learning aligned graph bases},
  author={Pilanc{\i}, Mehmet and Vural, Elif},
  journal={IEEE Transactions on Knowledge and Data Engineering},
  volume={34},
  number={2},
  pages={587--600},
  year={2020},
  publisher={IEEE}
}
@article{vural2019domainadapt,
  title={Domain adaptation on graphs by learning graph topologies: theoretical analysis and an algorithm},
  author={Vural, Elif},
  journal={Turkish Journal of Electrical Engineering and Computer Sciences},
  volume={27},
  number={3},
  pages={1619--1635},
  year={2019}
}
@article{mccann2018natural,
  title={The natural language decathlon: Multitask learning as question answering},
  author={McCann, Bryan and Keskar, Nitish Shirish and Xiong, Caiming and Socher, Richard},
  journal={arXiv preprint arXiv:1806.08730},
  year={2018}
}
@article{reed2022generalist,
  title={A generalist agent},
  author={Reed, Scott and Zolna, Konrad and Parisotto, Emilio and Colmenarejo, Sergio Gomez and Novikov, Alexander and Barth-Maron, Gabriel and Gimenez, Mai and Sulsky, Yury and Kay, Jackie and Springenberg, Jost Tobias and others},
  journal={arXiv preprint arXiv:2205.06175},
  year={2022}
}
@article{silver2021reward,
  title={Reward is enough},
  author={Silver, David and Singh, Satinder and Precup, Doina and Sutton, Richard S},
  journal={Artificial Intelligence},
  year={2021}
}
@inproceedings{yu2019universally,
  title={Universally slimmable networks and improved training techniques},
  author={Yu, Jiahui and Huang, Thomas S},
  booktitle={ICCV},
  year={2019}
}

 @inproceedings{Zhu_Xu_Yu_Liu_Wu_Wang_2021,  
 title={Graph Contrastive Learning with Adaptive Augmentation}, 
 url={http://dx.doi.org/10.1145/3442381.3449802}, 
 DOI={10.1145/3442381.3449802}, 
 booktitle={Proceedings of the Web Conference 2021}, 
 author={Zhu, Yanqiao and Xu, Yichen and Yu, Feng and Liu, Qiang and Wu, Shu and Wang, Liang}, 
 year={2021}, 
 month={Apr}, 
 language={en-US} 
 }

 @article{Jin_Derr_Liu_Wang_Wang_Liu_Tang_2020,  
 title={Self-supervised Learning on Graphs: Deep Insights and New Direction.}, 
 journal={arXiv: Learning,arXiv: Learning}, 
 author={Jin, Wei and Derr, Tyler and Liu, Haochen and Wang, Yiqi and Wang, Suhang and Liu, Zitao and Tang, Jiliang}, 
 year={2020}, 
 month={Jun}, 
 language={en-US} 
 }

@article{han2022mlpinit,
  title={Mlpinit: Embarrassingly simple gnn training acceleration with mlp initialization},
  author={Han, Xiaotian and Zhao, Tong and Liu, Yozen and Hu, Xia and Shah, Neil},
  journal={arXiv preprint arXiv:2210.00102},
  year={2022}
}

@article{zhang2021graphless,
  title={Graph-less neural networks: Teaching old mlps new tricks via distillation},
  author={Zhang, Shichang and Liu, Yozen and Sun, Yizhou and Shah, Neil},
  journal={arXiv preprint arXiv:2110.08727},
  year={2021}
}
@article{kipf2016gcn,
  title={Semi-supervised classification with graph convolutional networks},
  author={Kipf, Thomas N and Welling, Max},
  journal={arXiv preprint arXiv:1609.02907},
  year={2016}
}
@article{velickovic2017gat,
  title={Graph attention networks},
  author={Velickovic, Petar and Cucurull, Guillem and Casanova, Arantxa and Romero, Adriana and Lio, Pietro and Bengio, Yoshua and others},
  journal={stat},
  volume={1050},
  number={20},
  pages={10--48550},
  year={2017}
}

@article{sen2008collective,
  title={Collective classification in network data},
  author={Sen, Prithviraj and Namata, Galileo and Bilgic, Mustafa and Getoor, Lise and Galligher, Brian and Eliassi-Rad, Tina},
  journal={AI magazine},
  year={2008}
}

@article{wang2020microsoft,
  title={Microsoft academic graph: When experts are not enough},
  author={Wang, Kuansan and Shen, Zhihong and Huang, Chiyuan and Wu, Chieh-Han and Dong, Yuxiao and Kanakia, Anshul},
  journal={QSS},
  year={2020}
}

@article{wu2018moleculenet,
  title={MoleculeNet: a benchmark for molecular machine learning},
  author={Wu, Zhenqin and Ramsundar, Bharath and Feinberg, Evan N and Gomes, Joseph and Geniesse, Caleb and Pappu, Aneesh S and Leswing, Karl and Pande, Vijay},
  journal={Chemical science},
  year={2018}
}

@inproceedings{mcauley2015image,
  title={Image-based recommendations on styles and substitutes},
  author={McAuley, Julian and Targett, Christopher and Shi, Qinfeng and Van Den Hengel, Anton},
  booktitle={SIGIR},
  year={2015}
}

@inproceedings{wu20153d,
  title={3d shapenets: A deep representation for volumetric shapes},
  author={Wu, Zhirong and Song, Shuran and Khosla, Aditya and Yu, Fisher and Zhang, Linguang and Tang, Xiaoou and Xiao, Jianxiong},
  booktitle={CVPR},
  year={2015}
}

@article{hu2020open,
  title={Open graph benchmark: Datasets for machine learning on graphs},
  author={Hu, Weihua and Fey, Matthias and Zitnik, Marinka and Dong, Yuxiao and Ren, Hongyu and Liu, Bowen and Catasta, Michele and Leskovec, Jure},
  journal={arXiv preprint arXiv:2005.00687},
  year={2020}
}

@article{zeng2019graphsaint,
  title={Graphsaint: Graph sampling based inductive learning method},
  author={Zeng, Hanqing and Zhou, Hongkuan and Srivastava, Ajitesh and Kannan, Rajgopal and Prasanna, Viktor},
  journal={arXiv preprint arXiv:1907.04931},
  year={2019}
}

@inproceedings{hu2020gpt,
  title={Gpt-gnn: Generative pre-training of graph neural networks},
  author={Hu, Ziniu and Dong, Yuxiao and Wang, Kuansan and Chang, Kai-Wei and Sun, Yizhou},
  booktitle={Proceedings of the 26th ACM SIGKDD international conference on knowledge discovery \& data mining},
  pages={1857--1867},
  year={2020}
}

@inproceedings{qiu2020gcc,
  title={Gcc: Graph contrastive coding for graph neural network pre-training},
  author={Qiu, Jiezhong and Chen, Qibin and Dong, Yuxiao and Zhang, Jing and Yang, Hongxia and Ding, Ming and Wang, Kuansan and Tang, Jie},
  booktitle={Proceedings of the 26th ACM SIGKDD international conference on knowledge discovery \& data mining},
  pages={1150--1160},
  year={2020}
}

@article{li2023towards,
  title={Towards robust and accurate visual prompting},
  author={Li, Qi and Li, Liangzhi and Jiang, Zhouqiang and Wang, Bowen},
  journal={arXiv preprint arXiv:2311.10992},
  year={2023}
}

@inproceedings{li2024encapsulating,
  title={Encapsulating Knowledge in One Prompt},
  author={Li, Qi and Yu, Runpeng and Wang, Xinchao},
  booktitle={European Conference on Computer Vision},
  pages={215--232},
  year={2024},
  organization={Springer}
}

