% Use this file for citations not found in the ACL Anthology (contained in "anthology.bib").

@article{ren2020codebleu,
  title={CodeBLEU: A Method for Automatic Evaluation of Code Synthesis},
  author={Ren, Shuo and Guo, Daya and Lu, Shuai and Zhou, Long and Liu, Shujie and Tang, Duyu and Sundaresan, Neel and Zhou, Ming and Blanco, Ambrosio and Ma, Shuai},
  journal={arXiv preprint arXiv:2009.10297},
  year={2020}
}

% Tree Edit Distance 
@article{song2024revisiting,
  title={Revisiting Code Similarity Evaluation with Abstract Syntax Tree Edit Distance},
  author={Song, Yewei and Lothritz, Cedric and Tang, Daniel and Bissyand{\'e}, Tegawend{\'e} F and Klein, Jacques},
  booktitle = "Proceedings of the 62nd Annual Meeting of the Association for Computational Linguistics (ACL)",
  year={2024}
}

@article{hui2024qwen2,
  title={Qwen2.5-Coder Technical Report},
  author={Hui, Binyuan and Yang, Jian and Cui, Zeyu and Yang, Jiaxi and Liu, Dayiheng and Zhang, Lei and Liu, Tianyu and Zhang, Jiajun and Yu, Bowen and Lu, Keming and others},
  journal={arXiv preprint arXiv:2409.12186},
  year={2024}
}

@inproceedings{lee2024wrote,
    title = "Who Wrote this Code? Watermarking for Code Generation",
    author = "Lee, Taehyun  and
      Hong, Seokhee  and
      Ahn, Jaewoo  and
      Hong, Ilgee  and
      Lee, Hwaran  and
      Yun, Sangdoo  and
      Shin, Jamin  and
      Kim, Gunhee",
    booktitle = "Proceedings of the 62nd Annual Meeting of the Association for Computational Linguistics (ACL)",
    year = "2024",
}

@article{nguyen2023snippet,
  title="{Is this Snippet Written by Chatgpt? an Empirical Study with a CodeBERT-based Classifier}",
  author={Nguyen, Phuong T and Di Rocco, Juri and Di Sipio, Claudio and Rubei, Riccardo and Di Ruscio, Davide and Di Penta, Massimiliano},
  journal={arXiv preprint arXiv:2307.09381},
  year={2023}
}

@inproceedings{wang2023evaluating,
  title="{Evaluating AIGC Detectors on Code Content}",
  author={Wang, Jian and Liu, Shangqing and Xie, Xiaofei and Li, Yi},
  booktitle = {Proceedings of the 39th IEEE/ACM International Conference on Automated Software Engineering (ASE)},
  year={2024}
}

% AI-Generated Plagiarism Detection
@article{quidwai2023beyond,
  title={Beyond black box ai-generated plagiarism detection: From sentence to document level},
  author={Quidwai, Mujahid Ali and Li, Chunhui and Dube, Parijat},
  journal={arXiv preprint arXiv:2306.08122},
  year={2023}
}

% 특히 AI 및 LLM 관점에서 Paraphrase 탐지의 중요성
@inproceedings{krishna2023paraphrasing,
author = {Krishna, Kalpesh and Song, Yixiao and Karpinska, Marzena and Wieting, John and Iyyer, Mohit},
title = {Paraphrasing Evades Detectors of AI-Generated Text, but Retrieval is an Effective Defense},
year = {2023},
booktitle = {Proceedings of the 37th International Conference on Neural Information Processing Systems (NeurIPS)},
}

% Paraphrase Detection
@inproceedings{wahle-etal-2022-large,
    title = "How Large Language Models are Transforming Machine-Paraphrase Plagiarism",
    author = "Wahle, Jan Philip  and
      Ruas, Terry  and
      Kirstein, Frederic  and
      Gipp, Bela",
    booktitle = "Proceedings of the 2022 Conference on Empirical Methods in Natural Language Processing (EMNLP)",
    year = "2022",
}

@inproceedings{tripto-etal-2024-ship,
    title = "A Ship of Theseus: Curious Cases of Paraphrasing in {LLM}-Generated Texts",
    author = "Tripto, Nafis Irtiza  and
      Venkatraman, Saranya  and
      Macko, Dominik  and
      Moro, Robert  and
      Srba, Ivan  and
      Uchendu, Adaku  and
      Le, Thai  and
      Lee, Dongwon",
    booktitle = "Proceedings of the 62nd Annual Meeting of the Association for Computational Linguistics (ACL)",
    year = "2024",
}

% Code Clone Detection 
% 수집한 프로젝트 내부에서 코드 클론을 전문가가 평가하여 분류
@inproceedings{svajlenko2014towards,
  title={Towards a Big Data Curated Benchmark of Inter-Project Code Clones},
  author={Svajlenko, Jeffrey and Islam, Judith F and Keivanloo, Iman and Roy, Chanchal K and Mia, Mohammad Mamun},
  booktitle={2014 IEEE International Conference on Software Maintenance and Evolution (ICSME)},
  year={2014}
}

% 코드에 semantic preserving transformation 적용하여 코드 클론 생성
@article{zhang2023challenging,
  title={Challenging Machine Learning-Based Clone Detectors via Semantic-Preserving Code Transformations},
  author={Zhang, Weiwei and Guo, Shengjian and Zhang, Hongyu and Sui, Yulei and Xue, Yinxing and Xu, Yun},
  journal={IEEE Transactions on Software Engineering},
  year={2023}
}

@inproceedings{alam2023gptclonebench,
    title = {{GPTCloneBench: A Comprehensive Benchmark of Semantic Clones and Cross-Language Clones using GPT-3 Model and SemanticCloneBench}},
    author = {Alam, Ajmain I. and Roy, Palash R. and Al-Omari, Farouq and Roy, Chanchal K. and Roy, Banani and Schneider, Kevin A.},
    booktitle = {IEEE International Conference on Software Maintenance and Evolution (ICSME)},
    year = {2023},
}

@article{dou2024cc2vec,
  title={CC2Vec: Combining Typed Tokens with Contrastive Learning for Effective Code Clone Detection},
  author={Dou, Shihan and Wu, Yueming and Jia, Haoxiang and Zhou, Yuhao and Liu, Yan and Liu, Yang},
  journal={Proceedings of the ACM on Software Engineering (ASE)},
  year={2024}
}

@inproceedings{feng2024machine,
  title={Machine Learning is All You Need: A Simple Token-based Approach for Effective Code Clone Detection},
  author={Feng, Siyue and Suo, Wenqi and Wu, Yueming and Zou, Deqing and Liu, Yang and Jin, Hai},
  booktitle={Proceedings of the IEEE/ACM 46th International Conference on Software Engineering (ICSE)},
  year={2024}
}

% Code Authorship Attribution
@inproceedings{quiring2019authorship,
author = {Quiring, Erwin and Maier, Alwin and Rieck, Konrad},
title = {Misleading Authorship Attribution of Source Code using Adversarial Learning},
year = {2019},
booktitle = {Proceedings of the 28th USENIX Conference on Security Symposium},
}

@inproceedings{islam2015stylometry,
author = {Caliskan-Islam, Aylin and Harang, Richard and Liu, Andrew and Narayanan, Arvind and Voss, Clare and Yamaguchi, Fabian and Greenstadt, Rachel},
title = {De-Anonymizing Programmers via Code Stylometry},
year = {2015},
booktitle = {Proceedings of the 24th USENIX Conference on Security Symposium},
}

@inproceedings{kalgutkar2019code,
  title={Code Authorship Attribution: Methods and Challenges},
  author={Kalgutkar, Vaibhavi and Kaur, Ratinder and Gonzalez, Hugo and Stakhanova, Natalia and Matyukhina, Alina},
  booktitle={ACM Computing Surveys (CSUR)},
  year={2019},
}

@inproceedings{abuhamad2018large,
  title={Large-Scale and Language-Oblivious Code Authorship Identification},
  author={Abuhamad, Mohammed and AbuHmed, Tamer and Mohaisen, Aziz and Nyang, DaeHun},
  booktitle={Proceedings of the 2018 ACM SIGSAC Conference on Computer and Communications Security (CCS)},
  year={2018}
}

% Code Completion 
@inproceedings{izadi2024language,
  title={Language Models for Code Completion: A Practical Evaluation},
  author={Izadi, Maliheh and Katzy, Jonathan and Van Dam, Tim and Otten, Marc and Popescu, Razvan Mihai and Van Deursen, Arie},
  booktitle={Proceedings of the IEEE/ACM 46th International Conference on Software Engineering (ICSE)},
  year={2024}
}

@inproceedings{liu2024graphcoder,
  title={GraphCoder: Enhancing Repository-Level Code Completion via Coarse-to-fine Retrieval Based on Code Context Graph},
  author={Liu, Wei and Yu, Ailun and Zan, Daoguang and Shen, Bo and Zhang, Wei and Zhao, Haiyan and Jin, Zhi and Wang, Qianxiang},
  booktitle={Proceedings of the 39th IEEE/ACM International Conference on Automated Software Engineering (ASE)},
  year={2024}
}

@inproceedings{zhu2024exploring,
  title={Exploring and Improving Code Completion for Test Code},
  author={Zhu, Tingwei and Liu, Zhongxin and Xu, Tongtong and Tang, Ze and Zhang, Tian and Pan, Minxue and Xia, Xin},
  booktitle={Proceedings of the 32nd IEEE/ACM International Conference on Program Comprehension (ICPC)},
  year={2024}
}

@inproceedings{cheng-etal-2024-dataflow,
    title = "Dataflow-Guided Retrieval Augmentation for Repository-Level Code Completion",
    author = "Cheng, Wei  and
      Wu, Yuhan  and
      Hu, Wei",
    booktitle = "Proceedings of the 62nd Annual Meeting of the Association for Computational Linguistics (ACL)",
    year = "2024",
}

% Code Generation 
@inproceedings{zheng2023codegeex,
  title={CodeGeeX: A Pre-trained Model for Code Generation with Multilingual Benchmarking on HumanEval-X},
  author={Zheng, Qinkai and Xia, Xiao and Zou, Xu and Dong, Yuxiao and Wang, Shan and Xue, Yufei and Shen, Lei and Wang, Zihan and Wang, Andi and Li, Yang and others},
  booktitle={Proceedings of the 29th ACM SIGKDD Conference on Knowledge Discovery and Data Mining (KDD)},
  year={2023}
}

@inproceedings{tong-zhang-2024-codejudge,
    title = "{C}ode{J}udge: Evaluating Code Generation with Large Language Models",
    author = "Tong, Weixi  and
      Zhang, Tianyi",
    booktitle = "Proceedings of the 2024 Conference on Empirical Methods in Natural Language Processing (EMNLP)",
    year = "2024",
}

% code translation
@article{yuan2024transagent,
  title={TRANSAGENT: An LLM-Based Multi-Agent System for Code Translation},
  author={Yuan, Zhiqiang and Chen, Weitong and Wang, Hanlin and Yu, Kai and Peng, Xin and Lou, Yiling},
  journal={arXiv preprint arXiv:2409.19894},
  year={2024}
}

@article{he2025execoder,
  title={ExeCoder: Empowering Large Language Models with Executability Representation for Code Translation},
  author={He, Minghua and Yang, Fangkai and Zhao, Pu and Yin, Wenjie and Kang, Yu and Lin, Qingwei and Rajmohan, Saravan and Zhang, Dongmei and Zhang, Qi},
  journal={arXiv preprint arXiv:2501.18460},
  year={2025}
}

@article{macedo2024intertrans,
  title={InterTrans: Leveraging Transitive Intermediate Translations to Enhance LLM-based Code Translation},
  author={Macedo, Marcos and Tian, Yuan and Nie, Pengyu and Cogo, Filipe R and Adams, Bram},
  journal={arXiv preprint arXiv:2411.01063},
  year={2024}
}

@article{austin2021program,
  title={{Program Synthesis with Large Language Models}},
  author={Austin, Jacob and Odena, Augustus and Nye, Maxwell and Bosma, Maarten and Michalewski, Henryk and Dohan, David and Jiang, Ellen and Cai, Carrie and Terry, Michael and Le, Quoc and others},
  journal={arXiv preprint arXiv:2108.07732},
  year={2021}
}

@inproceedings{shi2024detectcodegpt,
title={{Between Lines of Code: Unraveling the Distinct Patterns of Machine and Human Programmers}},
author={Shi, Yuling and Zhang, Hongyu and Wan, Chengcheng and Gu, Xiaodong},
booktitle={Proceedings of the The 47th International Conference on Software Engineering (ICSE 2025)},
year={2025}
}

@inproceedings{gehrmann-etal-2019-gltr,
    title = "{GLTR: Statistical Detection and Visualization of Generated Text}",
    author = "Gehrmann, Sebastian  and
      Strobelt, Hendrik  and
      Rush, Alexander",
    booktitle = "Proceedings of the 57th Annual Meeting of the Association for Computational Linguistics: System Demonstrations",
    year = "2019",
}

@inproceedings{su-etal-2023-detectllm,
    title = "{DetectLLM: Leveraging Log Rank Information for Zero-Shot Detection of Machine-Generated Text}",
    author = "Su, Jinyan  and
      Zhuo, Terry  and
      Wang, Di  and
      Nakov, Preslav",
    booktitle = "Findings of the Association for Computational Linguistics: EMNLP 2023",
    year = "2023",
}

@inproceedings{wang-etal-2024-m4,
    title = "{M4: Multi-generator, Multi-domain, and Multi-lingual Black-Box Machine-Generated Text Detection}",
    author = "Wang, Yuxia  and
      Mansurov, Jonibek  and
      Ivanov, Petar  and
      Su, Jinyan  and
      Shelmanov, Artem  and
      Tsvigun, Akim  and
      Whitehouse, Chenxi  and
      Mohammed Afzal, Osama  and
      Mahmoud, Tarek  and
      Sasaki, Toru  and
      Arnold, Thomas  and
      Aji, Alham  and
      Habash, Nizar  and
      Gurevych, Iryna  and
      Nakov, Preslav",
    booktitle = "Proceedings of the 18th Conference of the European Chapter of the Association for Computational Linguistics (Volume 1: Long Papers)",
    year = "2024",
}

@inproceedings{zhu-etal-2023-beat,
    title = "{Beat LLMs at Their Own Game: Zero-Shot {LLM}-Generated Text Detection via Querying ChatGPT}",
    author = "Zhu, Biru  and
      Yuan, Lifan  and
      Cui, Ganqu  and
      Chen, Yangyi  and
      Fu, Chong  and
      He, Bingxiang  and
      Deng, Yangdong  and
      Liu, Zhiyuan  and
      Sun, Maosong  and
      Gu, Ming",
    booktitle = "Proceedings of the 2023 Conference on Empirical Methods in Natural Language Processing",
    year = "2023",
}

@inproceedings{mireshghallah-etal-2024-smaller,
    title = "{Smaller Language Models are Better Zero-shot Machine-Generated Text Detectors}",
    author = "Mireshghallah, Niloofar  and
      Mattern, Justus  and
      Gao, Sicun  and
      Shokri, Reza  and
      Berg-Kirkpatrick, Taylor",
    booktitle = "Proceedings of the 18th Conference of the European Chapter of the Association for Computational Linguistics (Volume 2: Short Papers)",
    year = "2024",
}


@inproceedings{feng2020codebert,
  title="{CodeBERT: A Pre-trained Model for Programming and Natural Languages}",
  author={Feng, Zhangyin and Guo, Daya and Tang, Duyu and Duan, Nan and Feng, Xiaocheng and Gong, Ming and Shou, Linjun and Qin, Bing and Liu, Ting and Jiang, Daxin and others},
  booktitle={Findings of the Association for Computational Linguistics: EMNLP},
  year={2020}
}

@inproceedings{mitchell2023detectgpt,
  title={{DetectGPT: Zero-shot Machine-Generated Text Detection using Probability Curvature}},
  author={Mitchell, Eric and Lee, Yoonho and Khazatsky, Alexander and Manning, Christopher D and Finn, Chelsea},
  booktitle={International Conference on Machine Learning},
  year={2023},
}

@inproceedings{kirchenbauer2023watermark,
  title="{A Watermark for Large Language Models}",
  author={Kirchenbauer, John and Geiping, Jonas and Wen, Yuxin and Katz, Jonathan and Miers, Ian and Goldstein, Tom},
  booktitle={International Conference on Machine Learning (ICML)},
  year={2023},
}



@article{zan2022large,
  title="{Large Language Models Meet NL2Code: A Survey}",
  author={Zan, Daoguang and Chen, Bei and Zhang, Fengji and Lu, Dianjie and Wu, Bingchao and Guan, Bei and Wang, Yongji and Lou, Jian-Guang},
  journal={arXiv preprint arXiv:2212.09420},
  year={2022}
}

@article{yang2023zero,
  title="{Zero-shot Detection of Machine-Generated Codes}",
  author={Yang, Xianjun and Zhang, Kexun and Chen, Haifeng and Petzold, Linda and Wang, William Yang and Cheng, Wei},
  journal={arXiv preprint arXiv:2310.05103},
  year={2023}
}

@inproceedings{pearce2022asleep,
  title="{Asleep at the Keyboard? Assessing the Security of Github Copilot’s Code Contributions}",
  author={Pearce, Hammond and Ahmad, Baleegh and Tan, Benjamin and Dolan-Gavitt, Brendan and Karri, Ramesh},
  booktitle={2022 IEEE Symposium on Security and Privacy (SP)},
  year={2022},
}

@inproceedings{sandoval2023lost,
  title="{Lost at C: A User Study on the Security Implications of Large Language Model Code Assistants}",
  author={Sandoval, Gustavo and Pearce, Hammond and Nys, Teo and Karri, Ramesh and Garg, Siddharth and Dolan-Gavitt, Brendan},
  booktitle={32nd USENIX Security Symposium (USENIX Security 23)},
  year={2023}
}

@article{roziere2023code,
  title="{Code Llama: Open Foundation Models for Code}",
  author={Roziere, Baptiste and Gehring, Jonas and Gloeckle, Fabian and Sootla, Sten and Gat, Itai and Tan, Xiaoqing Ellen and Adi, Yossi and Liu, Jingyu and Remez, Tal and Rapin, J{\'e}r{\'e}my and others},
  journal={arXiv preprint arXiv:2308.12950},
  year={2023}
}

@article{luo2023wizardcoder,
  title="{WizardCoder: Empowering Code Large Language Models with Evol-Instruct}",
  author={Luo, Ziyang and Xu, Can and Zhao, Pu and Sun, Qingfeng and Geng, Xiubo and Hu, Wenxiang and Tao, Chongyang and Ma, Jing and Lin, Qingwei and Jiang, Daxin},
  journal={arXiv preprint arXiv:2306.08568},
  year={2023}
}

@article{guo2024deepseek,
  title="{DeepSeek-Coder: When the Large Language Model Meets Programming--The Rise of Code Intelligence}",
  author={Guo, Daya and Zhu, Qihao and Yang, Dejian and Xie, Zhenda and Dong, Kai and Zhang, Wentao and Chen, Guanting and Bi, Xiao and Wu, Y and Li, YK and others},
  journal={arXiv preprint arXiv:2401.14196},
  year={2024}
}




@article{he2023mgtbench,
  title="{MGTBench: Benchmarking Machine-Generated Text Detection}",
  author={He, Xinlei and Shen, Xinyue and Chen, Zeyuan and Backes, Michael and Zhang, Yang},
  journal={arXiv preprint arXiv:2303.14822},
  year={2023}
}

@article{wang2024m4gt,
  title="{M4GT-Bench: Evaluation Benchmark for Black-Box Machine-Generated Text Detection}",
  author={Wang, Yuxia and Mansurov, Jonibek and Ivanov, Petar and Su, Jinyan and Shelmanov, Artem and Tsvigun, Akim and Afzal, Osama Mohanned and Mahmoud, Tarek and Puccetti, Giovanni and Arnold, Thomas and others},
  journal={arXiv preprint arXiv:2402.11175},
  year={2024}
}

@article{solaiman2019release,
  title="{Release Strategies and the Social Impacts of Language Models}",
  author={Solaiman, Irene and Brundage, Miles and Clark, Jack and Askell, Amanda and Herbert-Voss, Ariel and Wu, Jeff and Radford, Alec and Krueger, Gretchen and Kim, Jong Wook and Kreps, Sarah and others},
  journal={arXiv preprint arXiv:1908.09203},
  year={2019}
}

@article{guo2023close,
  title="{How Close is ChatGPT to Human Experts? Comparison Corpus, Evaluation, and Detection}",
  author={Guo, Biyang and Zhang, Xin and Wang, Ziyuan and Jiang, Minqi and Nie, Jinran and Ding, Yuxuan and Yue, Jianwei and Wu, Yupeng},
  journal={arXiv preprint arXiv:2301.07597},
  year={2023}
}

@article{hans2024spotting,
  title="{Spotting LLMs With Binoculars: Zero-Shot Detection of Machine-Generated Text}",
  author={Hans, Abhimanyu and Schwarzschild, Avi and Cherepanova, Valeriia and Kazemi, Hamid and Saha, Aniruddha and Goldblum, Micah and Geiping, Jonas and Goldstein, Tom},
  journal={arXiv preprint arXiv:2401.12070},
  year={2024}
}

@article{su2023hc3,
  title="{HC3 Plus: A Semantic-Invariant Human ChatGPT Comparison Corpus}",
  author={Su, Zhenpeng and Wu, Xing and Zhou, Wei and Ma, Guangyuan and Hu, Songlin},
  journal={arXiv preprint arXiv:2309.02731},
  year={2023}
}

@article{kirchenbauer2023reliability,
  title="{On the Reliability of Watermarks for Large Language Models}",
  author={Kirchenbauer, John and Geiping, Jonas and Wen, Yuxin and Shu, Manli and Saifullah, Khalid and Kong, Kezhi and Fernando, Kasun and Saha, Aniruddha and Goldblum, Micah and Goldstein, Tom},
  journal={arXiv preprint arXiv:2306.04634},
  year={2023}
}

@article{kuditipudi2023robust,
  title="{Robust Distortion-free Watermarks for Language Models}",
  author={Kuditipudi, Rohith and Thickstun, John and Hashimoto, Tatsunori and Liang, Percy},
  journal={arXiv preprint arXiv:2307.15593},
  year={2023}
}


@article{radford2019language,
  title="{Language Models are Unsupervised Multitask Learners}",
  author={Radford, Alec and Wu, Jeffrey and Child, Rewon and Luan, David and Amodei, Dario and Sutskever, Ilya and others},
  journal={OpenAI blog},
  year={2019}
}

@inproceedings{loshchilov2017decoupled,
  title={{Decoupled Weight Decay Regularization}},
  author={Loshchilov, Ilya and Hutter, Frank},
  booktitle={Proceedings of the 9th International Conference on Learning Representations},
  year={2019}
}

@article{liu2019roberta,
  title={{RoBERTa}: A Robustly Optimized {BERT} Pretraining Approach},
  author={Liu, Yinhan and Ott, Myle and Goyal, Naman and Du, Jingfei and Joshi, Mandar and Chen, Danqi and Levy, Omer and Lewis, Mike and Zettlemoyer, Luke and Stoyanov, Veselin},
  journal={arXiv preprint},
  year={2019}
}

@article{almazrouei2023falcon,
  title={{The Falcon Series of Open Language Models}},
  author={Almazrouei, Ebtesam and Alobeidli, Hamza and Alshamsi, Abdulaziz and Cappelli, Alessandro and Cojocaru, Ruxandra and Debbah, M{\'e}rouane and Goffinet, {\'E}tienne and Hesslow, Daniel and Launay, Julien and Malartic, Quentin and others},
  journal={arXiv preprint arXiv:2311.16867},
  year={2023}
}

@article{van2008visualizing,
  title={{Visualizing Data using t-SNE}},
  author={Van der Maaten, Laurens and Hinton, Geoffrey},
  journal={Journal of machine learning research},
  year={2008}
}

@inproceedings{wang-etal-2023-codet5,
    title = "{{C}ode{T}5+: Open Code Large Language Models for Code Understanding and Generation}",
    author = "Wang, Yue  and
      Le, Hung  and
      Gotmare, Akhilesh  and
      Bui, Nghi  and
      Li, Junnan  and
      Hoi, Steven",
    booktitle = "Proceedings of the 2023 Conference on Empirical Methods in Natural Language Processing",
    year = "2023",
}