@inproceedings{krishna2023paraphrasing,
author = {Krishna, Kalpesh and Song, Yixiao and Karpinska, Marzena and Wieting, John and Iyyer, Mohit},
title = {Paraphrasing Evades Detectors of AI-Generated Text, but Retrieval is an Effective Defense},
year = {2023},
booktitle = {Proceedings of the 37th International Conference on Neural Information Processing Systems (NeurIPS)},
}

@inproceedings{lee2024wrote,
    title = "Who Wrote this Code? Watermarking for Code Generation",
    author = "Lee, Taehyun  and
      Hong, Seokhee  and
      Ahn, Jaewoo  and
      Hong, Ilgee  and
      Lee, Hwaran  and
      Yun, Sangdoo  and
      Shin, Jamin  and
      Kim, Gunhee",
    booktitle = "Proceedings of the 62nd Annual Meeting of the Association for Computational Linguistics (ACL)",
    year = "2024",
}

@inproceedings{mitchell2023detectgpt,
  title={{DetectGPT: Zero-shot Machine-Generated Text Detection using Probability Curvature}},
  author={Mitchell, Eric and Lee, Yoonho and Khazatsky, Alexander and Manning, Christopher D and Finn, Chelsea},
  booktitle={International Conference on Machine Learning},
  year={2023},
}

@inproceedings{wang2023evaluating,
  title="{Evaluating AIGC Detectors on Code Content}",
  author={Wang, Jian and Liu, Shangqing and Xie, Xiaofei and Li, Yi},
  booktitle = {Proceedings of the 39th IEEE/ACM International Conference on Automated Software Engineering (ASE)},
  year={2024}
}

@article{yang2023zero,
  title="{Zero-shot Detection of Machine-Generated Codes}",
  author={Yang, Xianjun and Zhang, Kexun and Chen, Haifeng and Petzold, Linda and Wang, William Yang and Cheng, Wei},
  journal={arXiv preprint arXiv:2310.05103},
  year={2023}
}

