@String(PAMI = {IEEE Trans. Pattern Anal. Mach. Intell.})
@String(IJCV = {Int. J. Comput. Vis.})
@String(CVPR= {IEEE Conf. Comput. Vis. Pattern Recog.})
@String(ICCV= {Int. Conf. Comput. Vis.})
@String(ECCV= {Eur. Conf. Comput. Vis.})
@String(NIPS= {Adv. Neural Inform. Process. Syst.})
@String(ICPR = {Int. Conf. Pattern Recog.})
@String(BMVC= {Brit. Mach. Vis. Conf.})
@String(TOG= {ACM Trans. Graph.})
@String(TIP  = {IEEE Trans. Image Process.})
@String(TVCG  = {IEEE Trans. Vis. Comput. Graph.})
@String(TMM  = {IEEE Trans. Multimedia})
@String(ACMMM= {ACM Int. Conf. Multimedia})
@String(ICME = {Int. Conf. Multimedia and Expo})
@String(ICASSP=	{ICASSP})
@String(ICIP = {IEEE Int. Conf. Image Process.})
@String(ACCV  = {ACCV})
@String(ICLR = {Int. Conf. Learn. Represent.})
@String(IJCAI = {IJCAI})
@String(PR   = {Pattern Recognition})
@String(AAAI = {AAAI})
@String(CVPRW= {IEEE Conf. Comput. Vis. Pattern Recog. Worksh.})
@String(CSVT = {IEEE Trans. Circuit Syst. Video Technol.})

@String(SPL	= {IEEE Sign. Process. Letters})
@String(VR   = {Vis. Res.})
@String(JOV	 = {J. Vis.})
@String(TVC  = {The Vis. Comput.})
@String(JCST  = {J. Comput. Sci. Tech.})
@String(CGF  = {Comput. Graph. Forum})
@String(CVM = {Computational Visual Media})


@String(PAMI  = {IEEE TPAMI})
@String(IJCV  = {IJCV})
@String(CVPR  = {CVPR})
@String(ICCV  = {ICCV})
@String(ECCV  = {ECCV})
@String(NIPS  = {NeurIPS})
@String(ICPR  = {ICPR})
@String(BMVC  =	{BMVC})
@String(TOG   = {ACM TOG})
@String(TIP   = {IEEE TIP})
@String(TVCG  = {IEEE TVCG})
@String(TCSVT = {IEEE TCSVT})
@String(TMM   =	{IEEE TMM})
@String(ACMMM = {ACM MM})
@String(ICME  =	{ICME})
@String(ICASSP=	{ICASSP})
@String(ICIP  = {ICIP})
@String(ACCV  = {ACCV})
@String(ICLR  = {ICLR})
@String(IJCAI = {IJCAI})
@String(PR = {PR})
@String(AAAI = {AAAI})
@String(CVPRW= {CVPRW})
@String(CSVT = {IEEE TCSVT})



@article{guo2024liveportrait,
  title   = {LivePortrait: Efficient Portrait Animation with Stitching and Retargeting Control},
  author  = {Guo, Jianzhu and Zhang, Dingyun and Liu, Xiaoqiang and Zhong, Zhizhou and Zhang, Yuan and Wan, Pengfei and Zhang, Di},
  journal = {arXiv preprint arXiv:2407.03168},
  year    = {2024}
}

@misc{yang2024megactorsigmaunlockingflexiblemixedmodal,
      title={MegActor-$\Sigma$: Unlocking Flexible Mixed-Modal Control in Portrait Animation with Diffusion Transformer}, 
      author={Shurong Yang and Huadong Li and Juhao Wu and Minhao Jing and Linze Li and Renhe Ji and Jiajun Liang and Haoqiang Fan and Jin Wang},
      year={2024},
      eprint={2408.14975},
      archivePrefix={arXiv},
      primaryClass={cs.CV},
      url={https://arxiv.org/abs/2408.14975}, 
}

@inproceedings{burkov2020neural,
  title={Neural head reenactment with latent pose descriptors},
  author={Burkov, Egor and Pasechnik, Igor and Grigorev, Artur and Lempitsky, Victor},
  booktitle=CVPR,
  pages={13786--13795},
  year={2020}
}

@InProceedings{zhou2021pose,
author = {Zhou, Hang and Sun, Yasheng and Wu, Wayne and Loy, Chen Change and Wang, Xiaogang and Liu, Ziwei},
title = {Pose-Controllable Talking Face Generation by Implicitly Modularized Audio-Visual Representation},
booktitle = {Proceedings of the IEEE Conference on Computer Vision and Pattern Recognition (CVPR)},
year = {2021}
}
@article{xu2024vasa,
  title={Vasa-1: Lifelike audio-driven talking faces generated in real time},
  author={Xu, Sicheng and Chen, Guojun and Guo, Yu-Xiao and Yang, Jiaolong and Li, Chong and Zang, Zhenyu and Zhang, Yizhong and Tong, Xin and Guo, Baining},
  journal={arXiv preprint arXiv:2404.10667},
  year={2024}
}
@inproceedings{wang2021one,
  title={One-shot free-view neural talking-head synthesis for video conferencing},
  author={Wang, Ting-Chun and Mallya, Arun and Liu, Ming-Yu},
  booktitle={Proceedings of the IEEE/CVF conference on computer vision and pattern recognition},
  pages={10039--10049},
  year={2021}
}
@inproceedings{drobyshev2022megaportraits,
  title={Megaportraits: One-shot megapixel neural head avatars},
  author={Drobyshev, Nikita and Chelishev, Jenya and Khakhulin, Taras and Ivakhnenko, Aleksei and Lempitsky, Victor and Zakharov, Egor},
  booktitle={Proceedings of the 30th ACM International Conference on Multimedia},
  pages={2663--2671},
  year={2022}
}
@article{chen2024echomimic,
  title={Echomimic: Lifelike audio-driven portrait animations through editable landmark conditions},
  author={Chen, Zhiyuan and Cao, Jiajiong and Chen, Zhiquan and Li, Yuming and Ma, Chenguang},
  journal={arXiv preprint arXiv:2407.08136},
  year={2024}
}
@article{wei2024aniportrait,
  title={Aniportrait: Audio-driven synthesis of photorealistic portrait animation},
  author={Wei, Huawei and Yang, Zejun and Wang, Zhisheng},
  journal={arXiv preprint arXiv:2403.17694},
  year={2024}
}
@article{ma2024follow,
  title={Follow-Your-Emoji: Fine-Controllable and Expressive Freestyle Portrait Animation},
  author={Ma, Yue and Liu, Hongyu and Wang, Hongfa and Pan, Heng and He, Yingqing and Yuan, Junkun and Zeng, Ailing and Cai, Chengfei and Shum, Heung-Yeung and Liu, Wei and others},
  journal={arXiv preprint arXiv:2406.01900},
  year={2024}
}
@article{wang2024v,
  title={V-Express: Conditional Dropout for Progressive Training of Portrait Video Generation},
  author={Wang, Cong and Tian, Kuan and Zhang, Jun and Guan, Yonghang and Luo, Feng and Shen, Fei and Jiang, Zhiwei and Gu, Qing and Han, Xiao and Yang, Wei},
  journal={arXiv preprint arXiv:2406.02511},
  year={2024}
}
@article{xu2024hallo,
  title={Hallo: Hierarchical audio-driven visual synthesis for portrait image animation},
  author={Xu, Mingwang and Li, Hui and Su, Qingkun and Shang, Hanlin and Zhang, Liwei and Liu, Ce and Wang, Jingdong and Yao, Yao and Zhu, Siyu},
  journal={arXiv preprint arXiv:2406.08801},
  year={2024}
}
@article{tian2024emo,
  title={Emo: Emote portrait alive-generating expressive portrait videos with audio2video diffusion model under weak conditions},
  author={Tian, Linrui and Wang, Qi and Zhang, Bang and Bo, Liefeng},
  journal={arXiv preprint arXiv:2402.17485},
  year={2024}
}
@article{jiang2024loopy,
  title={Loopy: Taming audio-driven portrait avatar with long-term motion dependency},
  author={Jiang, Jianwen and Liang, Chao and Yang, Jiaqi and Lin, Gaojie and Zhong, Tianyun and Zheng, Yanbo},
  journal={arXiv preprint arXiv:2409.02634},
  year={2024}
}
@article{cui2024hallo2,
  title={Hallo2: Long-Duration and High-Resolution Audio-Driven Portrait Image Animation},
  author={Cui, Jiahao and Li, Hui and Yao, Yao and Zhu, Hao and Shang, Hanlin and Cheng, Kaihui and Zhou, Hang and Zhu, Siyu and Wang, Jingdong},
  journal={arXiv preprint arXiv:2410.07718},
  year={2024}
}
@article{zhou2020makelttalk,
  title={Makelttalk: speaker-aware talking-head animation},
  author={Zhou, Yang and Han, Xintong and Shechtman, Eli and Echevarria, Jose and Kalogerakis, Evangelos and Li, Dingzeyu},
  journal={ACM Transactions On Graphics (TOG)},
  volume={39},
  number={6},
  pages={1--15},
  year={2020},
  publisher={ACM New York, NY, USA}
}
@inproceedings{chen2019hierarchical,
  title={Hierarchical cross-modal talking face generation with dynamic pixel-wise loss},
  author={Chen, Lele and Maddox, Ross K and Duan, Zhiyao and Xu, Chenliang},
  booktitle={Proceedings of the IEEE/CVF conference on computer vision and pattern recognition},
  pages={7832--7841},
  year={2019}
}
@article{goodfellow2020generative,
  title={Generative adversarial networks},
  author={Goodfellow, Ian and Pouget-Abadie, Jean and Mirza, Mehdi and Xu, Bing and Warde-Farley, David and Ozair, Sherjil and Courville, Aaron and Bengio, Yoshua},
  journal={Communications of the ACM},
  volume={63},
  number={11},
  pages={139--144},
  year={2020},
  publisher={ACM New York, NY, USA}
}
@article{wen2020photorealistic,
  title={Photorealistic audio-driven video portraits},
  author={Wen, Xin and Wang, Miao and Richardt, Christian and Chen, Ze-Yin and Hu, Shi-Min},
  journal={IEEE Transactions on Visualization and Computer Graphics},
  volume={26},
  number={12},
  pages={3457--3466},
  year={2020},
  publisher={IEEE}
}
@inproceedings{paysan20093d,
  title={A 3D face model for pose and illumination invariant face recognition},
  author={Paysan, Pascal and Knothe, Reinhard and Amberg, Brian and Romdhani, Sami and Vetter, Thomas},
  booktitle={2009 sixth IEEE international conference on advanced video and signal based surveillance},
  pages={296--301},
  year={2009},
  organization={Ieee}
}
@inproceedings{xing2023codetalker,
  title={Codetalker: Speech-driven 3d facial animation with discrete motion prior},
  author={Xing, Jinbo and Xia, Menghan and Zhang, Yuechen and Cun, Xiaodong and Wang, Jue and Wong, Tien-Tsin},
  booktitle={Proceedings of the IEEE/CVF Conference on Computer Vision and Pattern Recognition},
  pages={12780--12790},
  year={2023}
}
@article{li2017learning,
  title={Learning a model of facial shape and expression from 4D scans.},
  author={Li, Tianye and Bolkart, Timo and Black, Michael J and Li, Hao and Romero, Javier},
  journal={ACM Trans. Graph.},
  volume={36},
  number={6},
  pages={194--1},
  year={2017}
}
@inproceedings{fan2022faceformer,
  title={Faceformer: Speech-driven 3d facial animation with transformers},
  author={Fan, Yingruo and Lin, Zhaojiang and Saito, Jun and Wang, Wenping and Komura, Taku},
  booktitle={Proceedings of the IEEE/CVF Conference on Computer Vision and Pattern Recognition},
  pages={18770--18780},
  year={2022}
}
@inproceedings{gong2023toontalker,
  title={ToonTalker: Cross-domain face reenactment},
  author={Gong, Yuan and Zhang, Yong and Cun, Xiaodong and Yin, Fei and Fan, Yanbo and Wang, Xuan and Wu, Baoyuan and Yang, Yujiu},
  booktitle={Proceedings of the IEEE/CVF International Conference on Computer Vision},
  pages={7690--7700},
  year={2023}
}
@article{ye2023geneface,
  title={Geneface: Generalized and high-fidelity audio-driven 3d talking face synthesis},
  author={Ye, Zhenhui and Jiang, Ziyue and Ren, Yi and Liu, Jinglin and He, Jinzheng and Zhao, Zhou},
  journal={arXiv preprint arXiv:2301.13430},
  year={2023}
}
@article{ho2020denoising,
  title={Denoising diffusion probabilistic models},
  author={Ho, Jonathan and Jain, Ajay and Abbeel, Pieter},
  journal={Advances in neural information processing systems},
  volume={33},
  pages={6840--6851},
  year={2020}
}
@article{song2020denoising,
  title={Denoising diffusion implicit models},
  author={Song, Jiaming and Meng, Chenlin and Ermon, Stefano},
  journal={arXiv preprint arXiv:2010.02502},
  year={2020}
}
@inproceedings{rombach2022high,
  title={High-resolution image synthesis with latent diffusion models},
  author={Rombach, Robin and Blattmann, Andreas and Lorenz, Dominik and Esser, Patrick and Ommer, Bj{\"o}rn},
  booktitle={Proceedings of the IEEE/CVF conference on computer vision and pattern recognition},
  pages={10684--10695},
  year={2022}
}
@inproceedings{ruiz2023dreambooth,
  title={Dreambooth: Fine tuning text-to-image diffusion models for subject-driven generation},
  author={Ruiz, Nataniel and Li, Yuanzhen and Jampani, Varun and Pritch, Yael and Rubinstein, Michael and Aberman, Kfir},
  booktitle={Proceedings of the IEEE/CVF conference on computer vision and pattern recognition},
  pages={22500--22510},
  year={2023}
}

@inproceedings{shi2024motion,
  title={Motion-i2v: Consistent and controllable image-to-video generation with explicit motion modeling},
  author={Shi, Xiaoyu and Huang, Zhaoyang and Wang, Fu-Yun and Bian, Weikang and Li, Dasong and Zhang, Yi and Zhang, Manyuan and Cheung, Ka Chun and See, Simon and Qin, Hongwei and others},
  booktitle={ACM SIGGRAPH 2024 Conference Papers},
  pages={1--11},
  year={2024}
}
@inproceedings{brooks2023instructpix2pix,
  title={Instructpix2pix: Learning to follow image editing instructions},
  author={Brooks, Tim and Holynski, Aleksander and Efros, Alexei A},
  booktitle={Proceedings of the IEEE/CVF Conference on Computer Vision and Pattern Recognition},
  pages={18392--18402},
  year={2023}
}
@inproceedings{cao2023masactrl,
  title={Masactrl: Tuning-free mutual self-attention control for consistent image synthesis and editing},
  author={Cao, Mingdeng and Wang, Xintao and Qi, Zhongang and Shan, Ying and Qie, Xiaohu and Zheng, Yinqiang},
  booktitle={Proceedings of the IEEE/CVF International Conference on Computer Vision},
  pages={22560--22570},
  year={2023}
}
@article{he2022latent,
  title={Latent video diffusion models for high-fidelity long video generation},
  author={He, Yingqing and Yang, Tianyu and Zhang, Yong and Shan, Ying and Chen, Qifeng},
  journal={arXiv preprint arXiv:2211.13221},
  year={2022}
}
@inproceedings{ma2024followpose,
  title={Follow your pose: Pose-guided text-to-video generation using pose-free videos},
  author={Ma, Yue and He, Yingqing and Cun, Xiaodong and Wang, Xintao and Chen, Siran and Li, Xiu and Chen, Qifeng},
  booktitle={Proceedings of the AAAI Conference on Artificial Intelligence},
  volume={38},
  number={5},
  pages={4117--4125},
  year={2024}
}
@article{wang2024animatelcm,
  title={Animatelcm: Accelerating the animation of personalized diffusion models and adapters with decoupled consistency learning},
  author={Wang, Fu-Yun and Huang, Zhaoyang and Shi, Xiaoyu and Bian, Weikang and Song, Guanglu and Liu, Yu and Li, Hongsheng},
  journal={arXiv preprint arXiv:2402.00769},
  year={2024}
}

@inproceedings{li2024lodge,
  title={Lodge: A coarse to fine diffusion network for long dance generation guided by the characteristic dance primitives},
  author={Li, Ronghui and Zhang, YuXiang and Zhang, Yachao and Zhang, Hongwen and Guo, Jie and Zhang, Yan and Liu, Yebin and Li, Xiu},
  booktitle={Proceedings of the IEEE/CVF Conference on Computer Vision and Pattern Recognition},
  pages={1524--1534},
  year={2024}
}
@inproceedings{qi2023fatezero,
  title={Fatezero: Fusing attentions for zero-shot text-based video editing},
  author={Qi, Chenyang and Cun, Xiaodong and Zhang, Yong and Lei, Chenyang and Wang, Xintao and Shan, Ying and Chen, Qifeng},
  booktitle={Proceedings of the IEEE/CVF International Conference on Computer Vision},
  pages={15932--15942},
  year={2023}
}
@article{zhang2023controlvideo,
  title={Controlvideo: Training-free controllable text-to-video generation},
  author={Zhang, Yabo and Wei, Yuxiang and Jiang, Dongsheng and Zhang, Xiaopeng and Zuo, Wangmeng and Tian, Qi},
  journal={arXiv preprint arXiv:2305.13077},
  year={2023}
}
@inproceedings{li2025controlnet,
  title={ControlNet: Improving Conditional Controls with Efficient Consistency Feedback},
  author={Li, Ming and Yang, Taojiannan and Kuang, Huafeng and Wu, Jie and Wang, Zhaoning and Xiao, Xuefeng and Chen, Chen},
  booktitle={European Conference on Computer Vision},
  pages={129--147},
  year={2025},
  organization={Springer}
}
@inproceedings{zhang2023adding,
  title={Adding conditional control to text-to-image diffusion models},
  author={Zhang, Lvmin and Rao, Anyi and Agrawala, Maneesh},
  booktitle={Proceedings of the IEEE/CVF International Conference on Computer Vision},
  pages={3836--3847},
  year={2023}
}
@article{hu2021lora,
  title={Lora: Low-rank adaptation of large language models},
  author={Hu, Edward J and Shen, Yelong and Wallis, Phillip and Allen-Zhu, Zeyuan and Li, Yuanzhi and Wang, Shean and Wang, Lu and Chen, Weizhu},
  journal={arXiv preprint arXiv:2106.09685},
  year={2021}
}
@inproceedings{hu2024animate,
  title={Animate anyone: Consistent and controllable image-to-video synthesis for character animation},
  author={Hu, Li},
  booktitle={Proceedings of the IEEE/CVF Conference on Computer Vision and Pattern Recognition},
  pages={8153--8163},
  year={2024}
}
@article{guo2023animatediff,
  title={Animatediff: Animate your personalized text-to-image diffusion models without specific tuning},
  author={Guo, Yuwei and Yang, Ceyuan and Rao, Anyi and Liang, Zhengyang and Wang, Yaohui and Qiao, Yu and Agrawala, Maneesh and Lin, Dahua and Dai, Bo},
  journal={arXiv preprint arXiv:2307.04725},
  year={2023}
}

@inproceedings{xie2024x,
  title={X-portrait: Expressive portrait animation with hierarchical motion attention},
  author={Xie, You and Xu, Hongyi and Song, Guoxian and Wang, Chao and Shi, Yichun and Luo, Linjie},
  booktitle={ACM SIGGRAPH 2024 Conference Papers},
  pages={1--11},
  year={2024}
}
@article{wang2024instructavatar,
  title={InstructAvatar: Text-Guided Emotion and Motion Control for Avatar Generation},
  author={Wang, Yuchi and Guo, Junliang and Bai, Jianhong and Yu, Runyi and He, Tianyu and Tan, Xu and Sun, Xu and Bian, Jiang},
  journal={arXiv preprint arXiv:2405.15758},
  year={2024}
}
@inproceedings{peebles2023scalable,
  title={Scalable diffusion models with transformers},
  author={Peebles, William and Xie, Saining},
  booktitle={Proceedings of the IEEE/CVF International Conference on Computer Vision},
  pages={4195--4205},
  year={2023}
}
@article{siarohin2019first,
  title={First order motion model for image animation},
  author={Siarohin, Aliaksandr and Lathuili{\`e}re, St{\'e}phane and Tulyakov, Sergey and Ricci, Elisa and Sebe, Nicu},
  journal={Advances in neural information processing systems},
  volume={32},
  year={2019}
}
@inproceedings{wang2023progressive,
  title={Progressive disentangled representation learning for fine-grained controllable talking head synthesis},
  author={Wang, Duomin and Deng, Yu and Yin, Zixin and Shum, Heung-Yeung and Wang, Baoyuan},
  booktitle={Proceedings of the IEEE/CVF Conference on Computer Vision and Pattern Recognition},
  pages={17979--17989},
  year={2023}
}
@inproceedings{tan2025edtalk,
  title={Edtalk: Efficient disentanglement for emotional talking head synthesis},
  author={Tan, Shuai and Ji, Bin and Bi, Mengxiao and Pan, Ye},
  booktitle={European Conference on Computer Vision},
  pages={398--416},
  year={2025},
  organization={Springer}
}
@article{an2015variational,
  title={Variational autoencoder based anomaly detection using reconstruction probability},
  author={An, Jinwon and Cho, Sungzoon},
  journal={Special lecture on IE},
  volume={2},
  number={1},
  pages={1--18},
  year={2015}
}
@inproceedings{danvevcek2022emoca,
  title={Emoca: Emotion driven monocular face capture and animation},
  author={Dan{\v{e}}{\v{c}}ek, Radek and Black, Michael J and Bolkart, Timo},
  booktitle={Proceedings of the IEEE/CVF Conference on Computer Vision and Pattern Recognition},
  pages={20311--20322},
  year={2022}
}
@inproceedings{danvevcek2023emotional,
  title={Emotional speech-driven animation with content-emotion disentanglement},
  author={Dan{\v{e}}{\v{c}}ek, Radek and Chhatre, Kiran and Tripathi, Shashank and Wen, Yandong and Black, Michael and Bolkart, Timo},
  booktitle={SIGGRAPH Asia 2023 Conference Papers},
  pages={1--13},
  year={2023}
}
@inproceedings{peng2023emotalk,
  title={Emotalk: Speech-driven emotional disentanglement for 3d face animation},
  author={Peng, Ziqiao and Wu, Haoyu and Song, Zhenbo and Xu, Hao and Zhu, Xiangyu and He, Jun and Liu, Hongyan and Fan, Zhaoxin},
  booktitle={Proceedings of the IEEE/CVF International Conference on Computer Vision},
  pages={20687--20697},
  year={2023}
}
@inproceedings{qian2024gaussianavatars,
  title={Gaussianavatars: Photorealistic head avatars with rigged 3d gaussians},
  author={Qian, Shenhan and Kirschstein, Tobias and Schoneveld, Liam and Davoli, Davide and Giebenhain, Simon and Nie{\ss}ner, Matthias},
  booktitle={Proceedings of the IEEE/CVF Conference on Computer Vision and Pattern Recognition},
  pages={20299--20309},
  year={2024}
}

@inproceedings{zielonka2022towards,
  title={Towards metrical reconstruction of human faces},
  author={Zielonka, Wojciech and Bolkart, Timo and Thies, Justus},
  booktitle={European conference on computer vision},
  pages={250--269},
  year={2022},
  organization={Springer}
}
@article{kingma2014adam,
  title={Adam: A method for stochastic optimization},
  author={Kingma, Diederik P},
  journal={arXiv preprint arXiv:1412.6980},
  year={2014}
}

@article{ho2022classifier,
  title={Classifier-free diffusion guidance},
  author={Ho, Jonathan and Salimans, Tim},
  journal={arXiv preprint arXiv:2207.12598},
  year={2022}
}
@inproceedings{zhang2023sadtalker,
  title={Sadtalker: Learning realistic 3d motion coefficients for stylized audio-driven single image talking face animation},
  author={Zhang, Wenxuan and Cun, Xiaodong and Wang, Xuan and Zhang, Yong and Shen, Xi and Guo, Yu and Shan, Ying and Wang, Fei},
  booktitle={Proceedings of the IEEE/CVF Conference on Computer Vision and Pattern Recognition},
  pages={8652--8661},
  year={2023}
}
@inproceedings{hong2023implicit,
  title={Implicit identity representation conditioned memory compensation network for talking head video generation},
  author={Hong, Fa-Ting and Xu, Dan},
  booktitle={Proceedings of the IEEE/CVF International Conference on Computer Vision},
  pages={23062--23072},
  year={2023}
}
@inproceedings{hong2022depth,
  title={Depth-aware generative adversarial network for talking head video generation},
  author={Hong, Fa-Ting and Zhang, Longhao and Shen, Li and Xu, Dan},
  booktitle={Proceedings of the IEEE/CVF conference on computer vision and pattern recognition},
  pages={3397--3406},
  year={2022}
}
@article{heusel2017gans,
  title={Gans trained by a two time-scale update rule converge to a local nash equilibrium},
  author={Heusel, Martin and Ramsauer, Hubert and Unterthiner, Thomas and Nessler, Bernhard and Hochreiter, Sepp},
  journal={Advances in neural information processing systems},
  volume={30},
  year={2017}
}
@article{unterthiner2018towards,
  title={Towards accurate generative models of video: A new metric \& challenges},
  author={Unterthiner, Thomas and Van Steenkiste, Sjoerd and Kurach, Karol and Marinier, Raphael and Michalski, Marcin and Gelly, Sylvain},
  journal={arXiv preprint arXiv:1812.01717},
  year={2018}
}
@InProceedings{Su_2020_CVPR,
author = {Su, Shaolin and Yan, Qingsen and Zhu, Yu and Zhang, Cheng and Ge, Xin and Sun, Jinqiu and Zhang, Yanning},
title = {Blindly Assess Image Quality in the Wild Guided by a Self-Adaptive Hyper Network},
booktitle = {IEEE/CVF Conference on Computer Vision and Pattern Recognition (CVPR)},
month = {June},
year = {2020}
}
@article{sun2024diffposetalk,
  title={Diffposetalk: Speech-driven stylistic 3d facial animation and head pose generation via diffusion models},
  author={Sun, Zhiyao and Lv, Tian and Ye, Sheng and Lin, Matthieu and Sheng, Jenny and Wen, Yu-Hui and Yu, Minjing and Liu, Yong-jin},
  journal={ACM Transactions on Graphics (TOG)},
  volume={43},
  number={4},
  pages={1--9},
  year={2024},
  publisher={ACM New York, NY, USA}
}
@inproceedings{yu2022celebvtext,
  title={{CelebV-Text}: A Large-Scale Facial Text-Video Dataset},
  author={Yu, Jianhui and Zhu, Hao and Jiang, Liming and Loy, Chen Change and Cai, Weidong and Wu, Wayne},
  booktitle={CVPR},
  year={2023}
}
@inproceedings{retsinas20243d,
  title={3D facial expressions through analysis-by-neural-synthesis},
  author={Retsinas, George and Filntisis, Panagiotis P and Danecek, Radek and Abrevaya, Victoria F and Roussos, Anastasios and Bolkart, Timo and Maragos, Petros},
  booktitle={Proceedings of the IEEE/CVF Conference on Computer Vision and Pattern Recognition},
  pages={2490--2501},
  year={2024}
}
@InProceedings{Chung16a,
  author       = "Chung, J.~S. and Zisserman, A.",
  title        = "Out of time: automated lip sync in the wild",
  booktitle    = "Workshop on Multi-view Lip-reading, ACCV",
  year         = "2016",
}
@inproceedings{chen2024dsl,
  title={DSL-FIQA: Assessing Facial Image Quality via Dual-Set Degradation Learning and Landmark-Guided Transformer},
  author={Chen, Wei-Ting and Krishnan, Gurunandan and Gao, Qiang and Kuo, Sy-Yen and Ma, Sizhou and Wang, Jian},
  booktitle={Proceedings of the IEEE/CVF Conference on Computer Vision and Pattern Recognition},
  pages={2931--2941},
  year={2024}
}
@article{chen2024topiq,
  title={Topiq: A top-down approach from semantics to distortions for image quality assessment},
  author={Chen, Chaofeng and Mo, Jiadi and Hou, Jingwen and Wu, Haoning and Liao, Liang and Sun, Wenxiu and Yan, Qiong and Lin, Weisi},
  journal={IEEE Transactions on Image Processing},
  year={2024},
  publisher={IEEE}
}