@inproceedings{brooks2023instructpix2pix,
  title={Instructpix2pix: Learning to follow image editing instructions},
  author={Brooks, Tim and Holynski, Aleksander and Efros, Alexei A},
  booktitle={Proceedings of the IEEE/CVF Conference on Computer Vision and Pattern Recognition},
  pages={18392--18402},
  year={2023}
}

@inproceedings{cao2023masactrl,
  title={Masactrl: Tuning-free mutual self-attention control for consistent image synthesis and editing},
  author={Cao, Mingdeng and Wang, Xintao and Qi, Zhongang and Shan, Ying and Qie, Xiaohu and Zheng, Yinqiang},
  booktitle={Proceedings of the IEEE/CVF International Conference on Computer Vision},
  pages={22560--22570},
  year={2023}
}

@inproceedings{chen2019hierarchical,
  title={Hierarchical cross-modal talking face generation with dynamic pixel-wise loss},
  author={Chen, Lele and Maddox, Ross K and Duan, Zhiyao and Xu, Chenliang},
  booktitle={Proceedings of the IEEE/CVF conference on computer vision and pattern recognition},
  pages={7832--7841},
  year={2019}
}

@article{chen2024echomimic,
  title={Echomimic: Lifelike audio-driven portrait animations through editable landmark conditions},
  author={Chen, Zhiyuan and Cao, Jiajiong and Chen, Zhiquan and Li, Yuming and Ma, Chenguang},
  journal={arXiv preprint arXiv:2407.08136},
  year={2024}
}

@article{cui2024hallo2,
  title={Hallo2: Long-Duration and High-Resolution Audio-Driven Portrait Image Animation},
  author={Cui, Jiahao and Li, Hui and Yao, Yao and Zhu, Hao and Shang, Hanlin and Cheng, Kaihui and Zhou, Hang and Zhu, Siyu and Wang, Jingdong},
  journal={arXiv preprint arXiv:2410.07718},
  year={2024}
}

@inproceedings{drobyshev2022megaportraits,
  title={Megaportraits: One-shot megapixel neural head avatars},
  author={Drobyshev, Nikita and Chelishev, Jenya and Khakhulin, Taras and Ivakhnenko, Aleksei and Lempitsky, Victor and Zakharov, Egor},
  booktitle={Proceedings of the 30th ACM International Conference on Multimedia},
  pages={2663--2671},
  year={2022}
}

@inproceedings{fan2022faceformer,
  title={Faceformer: Speech-driven 3d facial animation with transformers},
  author={Fan, Yingruo and Lin, Zhaojiang and Saito, Jun and Wang, Wenping and Komura, Taku},
  booktitle={Proceedings of the IEEE/CVF Conference on Computer Vision and Pattern Recognition},
  pages={18770--18780},
  year={2022}
}

@inproceedings{gong2023toontalker,
  title={ToonTalker: Cross-domain face reenactment},
  author={Gong, Yuan and Zhang, Yong and Cun, Xiaodong and Yin, Fei and Fan, Yanbo and Wang, Xuan and Wu, Baoyuan and Yang, Yujiu},
  booktitle={Proceedings of the IEEE/CVF International Conference on Computer Vision},
  pages={7690--7700},
  year={2023}
}

@article{goodfellow2020generative,
  title={Generative adversarial networks},
  author={Goodfellow, Ian and Pouget-Abadie, Jean and Mirza, Mehdi and Xu, Bing and Warde-Farley, David and Ozair, Sherjil and Courville, Aaron and Bengio, Yoshua},
  journal={Communications of the ACM},
  volume={63},
  number={11},
  pages={139--144},
  year={2020},
  publisher={ACM New York, NY, USA}
}

@article{guo2023animatediff,
  title={Animatediff: Animate your personalized text-to-image diffusion models without specific tuning},
  author={Guo, Yuwei and Yang, Ceyuan and Rao, Anyi and Liang, Zhengyang and Wang, Yaohui and Qiao, Yu and Agrawala, Maneesh and Lin, Dahua and Dai, Bo},
  journal={arXiv preprint arXiv:2307.04725},
  year={2023}
}

@article{guo2024liveportrait,
  title   = {LivePortrait: Efficient Portrait Animation with Stitching and Retargeting Control},
  author  = {Guo, Jianzhu and Zhang, Dingyun and Liu, Xiaoqiang and Zhong, Zhizhou and Zhang, Yuan and Wan, Pengfei and Zhang, Di},
  journal = {arXiv preprint arXiv:2407.03168},
  year    = {2024}
}

@article{he2022latent,
  title={Latent video diffusion models for high-fidelity long video generation},
  author={He, Yingqing and Yang, Tianyu and Zhang, Yong and Shan, Ying and Chen, Qifeng},
  journal={arXiv preprint arXiv:2211.13221},
  year={2022}
}

@article{ho2020denoising,
  title={Denoising diffusion probabilistic models},
  author={Ho, Jonathan and Jain, Ajay and Abbeel, Pieter},
  journal={Advances in neural information processing systems},
  volume={33},
  pages={6840--6851},
  year={2020}
}

@article{hu2021lora,
  title={Lora: Low-rank adaptation of large language models},
  author={Hu, Edward J and Shen, Yelong and Wallis, Phillip and Allen-Zhu, Zeyuan and Li, Yuanzhi and Wang, Shean and Wang, Lu and Chen, Weizhu},
  journal={arXiv preprint arXiv:2106.09685},
  year={2021}
}

@inproceedings{hu2024animate,
  title={Animate anyone: Consistent and controllable image-to-video synthesis for character animation},
  author={Hu, Li},
  booktitle={Proceedings of the IEEE/CVF Conference on Computer Vision and Pattern Recognition},
  pages={8153--8163},
  year={2024}
}

@article{jiang2024loopy,
  title={Loopy: Taming audio-driven portrait avatar with long-term motion dependency},
  author={Jiang, Jianwen and Liang, Chao and Yang, Jiaqi and Lin, Gaojie and Zhong, Tianyun and Zheng, Yanbo},
  journal={arXiv preprint arXiv:2409.02634},
  year={2024}
}

@article{li2017learning,
  title={Learning a model of facial shape and expression from 4D scans.},
  author={Li, Tianye and Bolkart, Timo and Black, Michael J and Li, Hao and Romero, Javier},
  journal={ACM Trans. Graph.},
  volume={36},
  number={6},
  pages={194--1},
  year={2017}
}

@inproceedings{li2024lodge,
  title={Lodge: A coarse to fine diffusion network for long dance generation guided by the characteristic dance primitives},
  author={Li, Ronghui and Zhang, YuXiang and Zhang, Yachao and Zhang, Hongwen and Guo, Jie and Zhang, Yan and Liu, Yebin and Li, Xiu},
  booktitle={Proceedings of the IEEE/CVF Conference on Computer Vision and Pattern Recognition},
  pages={1524--1534},
  year={2024}
}

@inproceedings{li2025controlnet,
  title={ControlNet: Improving Conditional Controls with Efficient Consistency Feedback},
  author={Li, Ming and Yang, Taojiannan and Kuang, Huafeng and Wu, Jie and Wang, Zhaoning and Xiao, Xuefeng and Chen, Chen},
  booktitle={European Conference on Computer Vision},
  pages={129--147},
  year={2025},
  organization={Springer}
}

@article{ma2024follow,
  title={Follow-Your-Emoji: Fine-Controllable and Expressive Freestyle Portrait Animation},
  author={Ma, Yue and Liu, Hongyu and Wang, Hongfa and Pan, Heng and He, Yingqing and Yuan, Junkun and Zeng, Ailing and Cai, Chengfei and Shum, Heung-Yeung and Liu, Wei and others},
  journal={arXiv preprint arXiv:2406.01900},
  year={2024}
}

@inproceedings{ma2024followpose,
  title={Follow your pose: Pose-guided text-to-video generation using pose-free videos},
  author={Ma, Yue and He, Yingqing and Cun, Xiaodong and Wang, Xintao and Chen, Siran and Li, Xiu and Chen, Qifeng},
  booktitle={Proceedings of the AAAI Conference on Artificial Intelligence},
  volume={38},
  number={5},
  pages={4117--4125},
  year={2024}
}

@inproceedings{paysan20093d,
  title={A 3D face model for pose and illumination invariant face recognition},
  author={Paysan, Pascal and Knothe, Reinhard and Amberg, Brian and Romdhani, Sami and Vetter, Thomas},
  booktitle={2009 sixth IEEE international conference on advanced video and signal based surveillance},
  pages={296--301},
  year={2009},
  organization={Ieee}
}

@inproceedings{peebles2023scalable,
  title={Scalable diffusion models with transformers},
  author={Peebles, William and Xie, Saining},
  booktitle={Proceedings of the IEEE/CVF International Conference on Computer Vision},
  pages={4195--4205},
  year={2023}
}

@inproceedings{qi2023fatezero,
  title={Fatezero: Fusing attentions for zero-shot text-based video editing},
  author={Qi, Chenyang and Cun, Xiaodong and Zhang, Yong and Lei, Chenyang and Wang, Xintao and Shan, Ying and Chen, Qifeng},
  booktitle={Proceedings of the IEEE/CVF International Conference on Computer Vision},
  pages={15932--15942},
  year={2023}
}

@inproceedings{rombach2022high,
  title={High-resolution image synthesis with latent diffusion models},
  author={Rombach, Robin and Blattmann, Andreas and Lorenz, Dominik and Esser, Patrick and Ommer, Bj{\"o}rn},
  booktitle={Proceedings of the IEEE/CVF conference on computer vision and pattern recognition},
  pages={10684--10695},
  year={2022}
}

@inproceedings{ruiz2023dreambooth,
  title={Dreambooth: Fine tuning text-to-image diffusion models for subject-driven generation},
  author={Ruiz, Nataniel and Li, Yuanzhen and Jampani, Varun and Pritch, Yael and Rubinstein, Michael and Aberman, Kfir},
  booktitle={Proceedings of the IEEE/CVF conference on computer vision and pattern recognition},
  pages={22500--22510},
  year={2023}
}

@inproceedings{shi2024motion,
  title={Motion-i2v: Consistent and controllable image-to-video generation with explicit motion modeling},
  author={Shi, Xiaoyu and Huang, Zhaoyang and Wang, Fu-Yun and Bian, Weikang and Li, Dasong and Zhang, Yi and Zhang, Manyuan and Cheung, Ka Chun and See, Simon and Qin, Hongwei and others},
  booktitle={ACM SIGGRAPH 2024 Conference Papers},
  pages={1--11},
  year={2024}
}

@article{siarohin2019first,
  title={First order motion model for image animation},
  author={Siarohin, Aliaksandr and Lathuili{\`e}re, St{\'e}phane and Tulyakov, Sergey and Ricci, Elisa and Sebe, Nicu},
  journal={Advances in neural information processing systems},
  volume={32},
  year={2019}
}

@article{song2020denoising,
  title={Denoising diffusion implicit models},
  author={Song, Jiaming and Meng, Chenlin and Ermon, Stefano},
  journal={arXiv preprint arXiv:2010.02502},
  year={2020}
}

@inproceedings{tan2025edtalk,
  title={Edtalk: Efficient disentanglement for emotional talking head synthesis},
  author={Tan, Shuai and Ji, Bin and Bi, Mengxiao and Pan, Ye},
  booktitle={European Conference on Computer Vision},
  pages={398--416},
  year={2025},
  organization={Springer}
}

@article{tian2024emo,
  title={Emo: Emote portrait alive-generating expressive portrait videos with audio2video diffusion model under weak conditions},
  author={Tian, Linrui and Wang, Qi and Zhang, Bang and Bo, Liefeng},
  journal={arXiv preprint arXiv:2402.17485},
  year={2024}
}

@inproceedings{wang2021one,
  title={One-shot free-view neural talking-head synthesis for video conferencing},
  author={Wang, Ting-Chun and Mallya, Arun and Liu, Ming-Yu},
  booktitle={Proceedings of the IEEE/CVF conference on computer vision and pattern recognition},
  pages={10039--10049},
  year={2021}
}

@inproceedings{wang2023progressive,
  title={Progressive disentangled representation learning for fine-grained controllable talking head synthesis},
  author={Wang, Duomin and Deng, Yu and Yin, Zixin and Shum, Heung-Yeung and Wang, Baoyuan},
  booktitle={Proceedings of the IEEE/CVF Conference on Computer Vision and Pattern Recognition},
  pages={17979--17989},
  year={2023}
}

@article{wang2024animatelcm,
  title={Animatelcm: Accelerating the animation of personalized diffusion models and adapters with decoupled consistency learning},
  author={Wang, Fu-Yun and Huang, Zhaoyang and Shi, Xiaoyu and Bian, Weikang and Song, Guanglu and Liu, Yu and Li, Hongsheng},
  journal={arXiv preprint arXiv:2402.00769},
  year={2024}
}

@article{wang2024instructavatar,
  title={InstructAvatar: Text-Guided Emotion and Motion Control for Avatar Generation},
  author={Wang, Yuchi and Guo, Junliang and Bai, Jianhong and Yu, Runyi and He, Tianyu and Tan, Xu and Sun, Xu and Bian, Jiang},
  journal={arXiv preprint arXiv:2405.15758},
  year={2024}
}

@article{wang2024v,
  title={V-Express: Conditional Dropout for Progressive Training of Portrait Video Generation},
  author={Wang, Cong and Tian, Kuan and Zhang, Jun and Guan, Yonghang and Luo, Feng and Shen, Fei and Jiang, Zhiwei and Gu, Qing and Han, Xiao and Yang, Wei},
  journal={arXiv preprint arXiv:2406.02511},
  year={2024}
}

@article{wen2020photorealistic,
  title={Photorealistic audio-driven video portraits},
  author={Wen, Xin and Wang, Miao and Richardt, Christian and Chen, Ze-Yin and Hu, Shi-Min},
  journal={IEEE Transactions on Visualization and Computer Graphics},
  volume={26},
  number={12},
  pages={3457--3466},
  year={2020},
  publisher={IEEE}
}

@inproceedings{xie2024x,
  title={X-portrait: Expressive portrait animation with hierarchical motion attention},
  author={Xie, You and Xu, Hongyi and Song, Guoxian and Wang, Chao and Shi, Yichun and Luo, Linjie},
  booktitle={ACM SIGGRAPH 2024 Conference Papers},
  pages={1--11},
  year={2024}
}

@inproceedings{xing2023codetalker,
  title={Codetalker: Speech-driven 3d facial animation with discrete motion prior},
  author={Xing, Jinbo and Xia, Menghan and Zhang, Yuechen and Cun, Xiaodong and Wang, Jue and Wong, Tien-Tsin},
  booktitle={Proceedings of the IEEE/CVF Conference on Computer Vision and Pattern Recognition},
  pages={12780--12790},
  year={2023}
}

@article{xu2024hallo,
  title={Hallo: Hierarchical audio-driven visual synthesis for portrait image animation},
  author={Xu, Mingwang and Li, Hui and Su, Qingkun and Shang, Hanlin and Zhang, Liwei and Liu, Ce and Wang, Jingdong and Yao, Yao and Zhu, Siyu},
  journal={arXiv preprint arXiv:2406.08801},
  year={2024}
}

@article{ye2023geneface,
  title={Geneface: Generalized and high-fidelity audio-driven 3d talking face synthesis},
  author={Ye, Zhenhui and Jiang, Ziyue and Ren, Yi and Liu, Jinglin and He, Jinzheng and Zhao, Zhou},
  journal={arXiv preprint arXiv:2301.13430},
  year={2023}
}

@inproceedings{zhang2023adding,
  title={Adding conditional control to text-to-image diffusion models},
  author={Zhang, Lvmin and Rao, Anyi and Agrawala, Maneesh},
  booktitle={Proceedings of the IEEE/CVF International Conference on Computer Vision},
  pages={3836--3847},
  year={2023}
}

@article{zhang2023controlvideo,
  title={Controlvideo: Training-free controllable text-to-video generation},
  author={Zhang, Yabo and Wei, Yuxiang and Jiang, Dongsheng and Zhang, Xiaopeng and Zuo, Wangmeng and Tian, Qi},
  journal={arXiv preprint arXiv:2305.13077},
  year={2023}
}

@article{zhou2020makelttalk,
  title={Makelttalk: speaker-aware talking-head animation},
  author={Zhou, Yang and Han, Xintong and Shechtman, Eli and Echevarria, Jose and Kalogerakis, Evangelos and Li, Dingzeyu},
  journal={ACM Transactions On Graphics (TOG)},
  volume={39},
  number={6},
  pages={1--15},
  year={2020},
  publisher={ACM New York, NY, USA}
}

@InProceedings{zhou2021pose,
author = {Zhou, Hang and Sun, Yasheng and Wu, Wayne and Loy, Chen Change and Wang, Xiaogang and Liu, Ziwei},
title = {Pose-Controllable Talking Face Generation by Implicitly Modularized Audio-Visual Representation},
booktitle = {Proceedings of the IEEE Conference on Computer Vision and Pattern Recognition (CVPR)},
year = {2021}
}

