@article{brown2020language,
  title={Language models are few-shot learners},
  author={Brown, Tom and Mann, Benjamin and Ryder, Nick and Subbiah, Melanie and Kaplan, Jared D and Dhariwal, Prafulla and Neelakantan, Arvind and Shyam, Pranav and Sastry, Girish and Askell, Amanda and others},
  journal={Advances in neural information processing systems},
  volume={33},
  pages={1877--1901},
  year={2020}
}
@article{hoffmann2022training,
  title={Training compute-optimal large language models},
  author={Hoffmann, Jordan and Borgeaud, Sebastian and Mensch, Arthur and Buchatskaya, Elena and Cai, Trevor and Rutherford, Eliza and Casas, Diego de Las and Hendricks, Lisa Anne and Welbl, Johannes and Clark, Aidan and others},
  journal={arXiv preprint arXiv:2203.15556},
  year={2022}
}
@misc{wei2023chainofthoughtpromptingelicitsreasoning,
      title={Chain-of-Thought Prompting Elicits Reasoning in Large Language Models}, 
      author={Jason Wei and Xuezhi Wang and Dale Schuurmans and Maarten Bosma and Brian Ichter and Fei Xia and Ed Chi and Quoc Le and Denny Zhou},
      year={2023},
      eprint={2201.11903},
      archivePrefix={arXiv},
      primaryClass={cs.CL},
      url={https://arxiv.org/abs/2201.11903}, 
}
@article{kojima2022large,
  title={Large language models are zero-shot reasoners},
  author={Kojima, Takeshi and Gu, Shixiang Shane and Reid, Machel and Matsuo, Yutaka and Iwasawa, Yusuke},
  journal={Advances in neural information processing systems},
  volume={35},
  pages={22199--22213},
  year={2022}
}
@article{lyu2023faithful,
  title={Faithful chain-of-thought reasoning},
  author={Lyu, Qing and Havaldar, Shreya and Stein, Adam and Zhang, Li and Rao, Delip and Wong, Eric and Apidianaki, Marianna and Callison-Burch, Chris},
  journal={arXiv preprint arXiv:2301.13379},
  year={2023}
}
@inproceedings{jin-etal-2024-impact,
    title = "The Impact of Reasoning Step Length on Large Language Models",
    author = "Jin, Mingyu  and
      Yu, Qinkai  and
      Shu, Dong  and
      Zhao, Haiyan  and
      Hua, Wenyue  and
      Meng, Yanda  and
      Zhang, Yongfeng  and
      Du, Mengnan",
    editor = "Ku, Lun-Wei  and
      Martins, Andre  and
      Srikumar, Vivek",
    booktitle = "Findings of the Association for Computational Linguistics: ACL 2024",
    month = aug,
    year = "2024",
    address = "Bangkok, Thailand",
    publisher = "Association for Computational Linguistics",
    url = "https://aclanthology.org/2024.findings-acl.108",
    doi = "10.18653/v1/2024.findings-acl.108",
    pages = "1830--1842"
}
@inproceedings{merrill2024the,
title={The Expressive Power of Transformers with Chain of Thought},
author={William Merrill and Ashish Sabharwal},
booktitle={The Twelfth International Conference on Learning Representations},
year={2024},
url={https://openreview.net/forum?id=NjNGlPh8Wh}
}
@inproceedings{zhou2023leasttomost,
title={Least-to-Most Prompting Enables Complex Reasoning in Large Language Models},
author={Denny Zhou and Nathanael Sch{\"a}rli and Le Hou and Jason Wei and Nathan Scales and Xuezhi Wang and Dale Schuurmans and Claire Cui and Olivier Bousquet and Quoc V Le and Ed H. Chi},
booktitle={The Eleventh International Conference on Learning Representations },
year={2023},
url={https://openreview.net/forum?id=WZH7099tgfM}
}
@misc{zhao2024surveylargelanguagemodels,
      title={A Survey of Large Language Models}, 
      author={Wayne Xin Zhao and Kun Zhou and Junyi Li and Tianyi Tang and Xiaolei Wang and Yupeng Hou and Yingqian Min and Beichen Zhang and Junjie Zhang and Zican Dong and Yifan Du and Chen Yang and Yushuo Chen and Zhipeng Chen and Jinhao Jiang and Ruiyang Ren and Yifan Li and Xinyu Tang and Zikang Liu and Peiyu Liu and Jian-Yun Nie and Ji-Rong Wen},
      year={2024},
      eprint={2303.18223},
      archivePrefix={arXiv},
      primaryClass={cs.CL},
      url={https://arxiv.org/abs/2303.18223}, 
}
@book{vygotsky1978mind,
  title={Mind in society: The development of higher psychological processes},
  author={Vygotsky, Lev S},
  volume={86},
  year={1978},
  publisher={Harvard university press}
}
@inproceedings{
zong2023better,
title={Better Teacher Better Student: Dynamic Prior Knowledge for Knowledge Distillation},
author={Martin Zong and Zengyu Qiu and Xinzhu Ma and Kunlin Yang and Chunya Liu and Jun Hou and Shuai Yi and Wanli Ouyang},
booktitle={The Eleventh International Conference on Learning Representations },
year={2023},
url={https://openreview.net/forum?id=M0_sUuEyHs}
}
@inproceedings{DBLP:conf/iclr/KhotTFF0CS23,
  author       = {Tushar Khot and
                  Harsh Trivedi and
                  Matthew Finlayson and
                  Yao Fu and
                  Kyle Richardson and
                  Peter Clark and
                  Ashish Sabharwal},
  title        = {Decomposed Prompting: {A} Modular Approach for Solving Complex Tasks},
  booktitle    = {The Eleventh International Conference on Learning Representations,
                  {ICLR} 2023, Kigali, Rwanda, May 1-5, 2023},
  publisher    = {OpenReview.net},
  year         = {2023},
  url          = {https://openreview.net/forum?id=\_nGgzQjzaRy},
  timestamp    = {Wed, 24 Jul 2024 16:50:34 +0200},
  biburl       = {https://dblp.org/rec/conf/iclr/KhotTFF0CS23.bib},
  bibsource    = {dblp computer science bibliography, https://dblp.org}
}
@misc{hinton2015distillingknowledgeneuralnetwork,
      title={Distilling the Knowledge in a Neural Network}, 
      author={Geoffrey Hinton and Oriol Vinyals and Jeff Dean},
      year={2015},
      eprint={1503.02531},
      archivePrefix={arXiv},
      primaryClass={stat.ML},
      url={https://arxiv.org/abs/1503.02531}, 
}
@inproceedings{stolfo-etal-2023-causal,
    title = "A Causal Framework to Quantify the Robustness of Mathematical Reasoning with Language Models",
    author = "Stolfo, Alessandro  and
      Jin, Zhijing  and
      Shridhar, Kumar  and
      Schoelkopf, Bernhard  and
      Sachan, Mrinmaya",
    editor = "Rogers, Anna  and
      Boyd-Graber, Jordan  and
      Okazaki, Naoaki",
    booktitle = "Proceedings of the 61st Annual Meeting of the Association for Computational Linguistics (Volume 1: Long Papers)",
    month = jul,
    year = "2023",
    address = "Toronto, Canada",
    publisher = "Association for Computational Linguistics",
    url = "https://aclanthology.org/2023.acl-long.32",
    doi = "10.18653/v1/2023.acl-long.32",
    pages = "545--561"
}
@inproceedings{magister-etal-2023-teaching,
    title = "Teaching Small Language Models to Reason",
    author = "Magister, Lucie Charlotte  and
      Mallinson, Jonathan  and
      Adamek, Jakub  and
      Malmi, Eric  and
      Severyn, Aliaksei",
    editor = "Rogers, Anna  and
      Boyd-Graber, Jordan  and
      Okazaki, Naoaki",
    booktitle = "Proceedings of the 61st Annual Meeting of the Association for Computational Linguistics (Volume 2: Short Papers)",
    month = jul,
    year = "2023",
    address = "Toronto, Canada",
    publisher = "Association for Computational Linguistics",
    url = "https://aclanthology.org/2023.acl-short.151",
    doi = "10.18653/v1/2023.acl-short.151",
    pages = "1773--1781",
}
@misc{deepseekai2025deepseekr1incentivizingreasoningcapability,
      title={DeepSeek-R1: Incentivizing Reasoning Capability in LLMs via Reinforcement Learning}, 
      author={DeepSeek-AI and Daya Guo and Dejian Yang and Haowei Zhang and Junxiao Song and Ruoyu Zhang and Runxin Xu and Qihao Zhu and Shirong Ma and Peiyi Wang and Xiao Bi and Xiaokang Zhang and Xingkai Yu and Yu Wu and Z. F. Wu and Zhibin Gou and Zhihong Shao and Zhuoshu Li and Ziyi Gao and Aixin Liu and Bing Xue and Bingxuan Wang and Bochao Wu and Bei Feng and Chengda Lu and Chenggang Zhao and Chengqi Deng and Chenyu Zhang and Chong Ruan and Damai Dai and Deli Chen and Dongjie Ji and Erhang Li and Fangyun Lin and Fucong Dai and Fuli Luo and Guangbo Hao and Guanting Chen and Guowei Li and H. Zhang and Han Bao and Hanwei Xu and Haocheng Wang and Honghui Ding and Huajian Xin and Huazuo Gao and Hui Qu and Hui Li and Jianzhong Guo and Jiashi Li and Jiawei Wang and Jingchang Chen and Jingyang Yuan and Junjie Qiu and Junlong Li and J. L. Cai and Jiaqi Ni and Jian Liang and Jin Chen and Kai Dong and Kai Hu and Kaige Gao and Kang Guan and Kexin Huang and Kuai Yu and Lean Wang and Lecong Zhang and Liang Zhao and Litong Wang and Liyue Zhang and Lei Xu and Leyi Xia and Mingchuan Zhang and Minghua Zhang and Minghui Tang and Meng Li and Miaojun Wang and Mingming Li and Ning Tian and Panpan Huang and Peng Zhang and Qiancheng Wang and Qinyu Chen and Qiushi Du and Ruiqi Ge and Ruisong Zhang and Ruizhe Pan and Runji Wang and R. J. Chen and R. L. Jin and Ruyi Chen and Shanghao Lu and Shangyan Zhou and Shanhuang Chen and Shengfeng Ye and Shiyu Wang and Shuiping Yu and Shunfeng Zhou and Shuting Pan and S. S. Li and Shuang Zhou and Shaoqing Wu and Shengfeng Ye and Tao Yun and Tian Pei and Tianyu Sun and T. Wang and Wangding Zeng and Wanjia Zhao and Wen Liu and Wenfeng Liang and Wenjun Gao and Wenqin Yu and Wentao Zhang and W. L. Xiao and Wei An and Xiaodong Liu and Xiaohan Wang and Xiaokang Chen and Xiaotao Nie and Xin Cheng and Xin Liu and Xin Xie and Xingchao Liu and Xinyu Yang and Xinyuan Li and Xuecheng Su and Xuheng Lin and X. Q. Li and Xiangyue Jin and Xiaojin Shen and Xiaosha Chen and Xiaowen Sun and Xiaoxiang Wang and Xinnan Song and Xinyi Zhou and Xianzu Wang and Xinxia Shan and Y. K. Li and Y. Q. Wang and Y. X. Wei and Yang Zhang and Yanhong Xu and Yao Li and Yao Zhao and Yaofeng Sun and Yaohui Wang and Yi Yu and Yichao Zhang and Yifan Shi and Yiliang Xiong and Ying He and Yishi Piao and Yisong Wang and Yixuan Tan and Yiyang Ma and Yiyuan Liu and Yongqiang Guo and Yuan Ou and Yuduan Wang and Yue Gong and Yuheng Zou and Yujia He and Yunfan Xiong and Yuxiang Luo and Yuxiang You and Yuxuan Liu and Yuyang Zhou and Y. X. Zhu and Yanhong Xu and Yanping Huang and Yaohui Li and Yi Zheng and Yuchen Zhu and Yunxian Ma and Ying Tang and Yukun Zha and Yuting Yan and Z. Z. Ren and Zehui Ren and Zhangli Sha and Zhe Fu and Zhean Xu and Zhenda Xie and Zhengyan Zhang and Zhewen Hao and Zhicheng Ma and Zhigang Yan and Zhiyu Wu and Zihui Gu and Zijia Zhu and Zijun Liu and Zilin Li and Ziwei Xie and Ziyang Song and Zizheng Pan and Zhen Huang and Zhipeng Xu and Zhongyu Zhang and Zhen Zhang},
      year={2025},
      eprint={2501.12948},
      archivePrefix={arXiv},
      primaryClass={cs.CL},
      url={https://arxiv.org/abs/2501.12948}, 
}
@misc{xu2024surveyknowledgedistillationlarge,
      title={A Survey on Knowledge Distillation of Large Language Models}, 
      author={Xiaohan Xu and Ming Li and Chongyang Tao and Tao Shen and Reynold Cheng and Jinyang Li and Can Xu and Dacheng Tao and Tianyi Zhou},
      year={2024},
      eprint={2402.13116},
      archivePrefix={arXiv},
      primaryClass={cs.CL},
      url={https://arxiv.org/abs/2402.13116}, 
}
@misc{meta2024llama3,
  title = {Introducing Meta {Llama 3}: The most capable openly available LLM to date},
  author = {Meta},
  journal = {Meta AI Blog},
  year = {2024},
  month = {April},
  howpublished = {\url{https://ai.meta.com/blog/meta-llama-3/}}
}
@misc{meta2024Llama32,
  title = {{Llama 3.2}: Revolutionizing edge AI and vision with open, customizable models},
  author = {Meta},
  journal = {Meta AI Blog},
  year = {2024},
  month = {September},
  url={https://ai.meta.com/blog/llama-3-2-connect-2024-vision-edge-mobile-devices/}
}
@article{team2024gemini,
  title={Gemini 1.5: Unlocking multimodal understanding across millions of tokens of context},
  author={Team, Gemini and Georgiev, Petko and Lei, Ving Ian and Burnell, Ryan and Bai, Libin and Gulati, Anmol and Tanzer, Garrett and Vincent, Damien and Pan, Zhufeng and Wang, Shibo and others},
  journal={arXiv preprint arXiv:2403.05530},
  url={https://arxiv.org/abs/2403.05530},
  year={2024}
}
@article{team2024gemma,
  title={Gemma: Open models based on gemini research and technology},
  author={Team, Gemma and Mesnard, Thomas and Hardin, Cassidy and Dadashi, Robert and Bhupatiraju, Surya and Pathak, Shreya and Sifre, Laurent and Rivi{\`e}re, Morgane and Kale, Mihir Sanjay and Love, Juliette and others},
  journal={arXiv preprint arXiv:2403.08295},
  url = {https://arxiv.org/abs/2403.08295},
  year={2024}
}
@article{le2023bloom,
  title={Bloom: A 176b-parameter open-access multilingual language model},
  author={Le Scao, Teven and Fan, Angela and Akiki, Christopher and Pavlick, Ellie and Ili{\'c}, Suzana and Hesslow, Daniel and Castagn{\'e}, Roman and Luccioni, Alexandra Sasha and Yvon, Fran{\c{c}}ois and Gall{\'e}, Matthias and others},
  year={2023},
  url={https://arxiv.org/abs/2211.05100}
}
@misc{openai2022chatgpt,
  title = {Introducing {ChatGPT}},
  author = {OpenAI},
  journal = {OpenAI Blog},
  year = {2022},
  month = {Nov},
  howpublished = {\url{https://openai.com/blog/chatgpt}}
}
@article{openai2023gpt4,
  title={{GPT-4} Technical Report},
  author={OpenAI},
  journal={arXiv preprint arXiv:2303.08774},
  year={2023}
}
@misc{openai2024gpt4o,
  title = {Hello {GPT-4o}},
  author = {OpenAI},
  journal = {OpenAI Blog},
  year = {2024},
  month = {May},
  howpublished = {\url{https://openai.com/index/hello-gpt-4o/}}
}
@misc{openaio1,
  title = {Learning to reason with LLMs},
  author = {OpenAI},
  journal = {OpenAI Blog},
  year = {2024},
  month = {Sep},
  howpublished = {\url{https://openai.com/index/learning-to-reason-with-llms/}}
}
@inproceedings{wang-etal-2023-plan,
    title = "Plan-and-Solve Prompting: Improving Zero-Shot Chain-of-Thought Reasoning by Large Language Models",
    author = "Wang, Lei  and
      Xu, Wanyu  and
      Lan, Yihuai  and
      Hu, Zhiqiang  and
      Lan, Yunshi  and
      Lee, Roy Ka-Wei  and
      Lim, Ee-Peng",
    booktitle = "Proceedings of the 61st Annual Meeting of the Association for Computational Linguistics (Volume 1: Long Papers)",
    month = jul,
    year = "2023",
    address = "Toronto, Canada",
    publisher = "Association for Computational Linguistics",
    url = "https://aclanthology.org/2023.acl-long.147",
    doi = "10.18653/v1/2023.acl-long.147",
    pages = "2609--2634",
}
@inproceedings{yao2023react,
  title={ReAct: Synergizing Reasoning and Acting in Language Models},
  author={Yao, Shunyu and Zhao, Jeffrey and Yu, Dian and Du, Nan and Shafran, Izhak and Narasimhan, Karthik and Cao, Yuan},
  booktitle={International Conference on Learning Representations (ICLR)},
  year={2023}
}
@article{madaan2024self,
  title={Self-refine: Iterative refinement with self-feedback},
  author={Madaan, Aman and Tandon, Niket and Gupta, Prakhar and Hallinan, Skyler and Gao, Luyu and Wiegreffe, Sarah and Alon, Uri and Dziri, Nouha and Prabhumoye, Shrimai and Yang, Yiming and others},
  journal={Advances in Neural Information Processing Systems},
  volume={36},
  year={2024}
}
@misc{patel2021nlpmodelsreallyable,
      title={Are NLP Models really able to Solve Simple Math Word Problems?}, 
      author={Arkil Patel and Satwik Bhattamishra and Navin Goyal},
      year={2021},
      eprint={2103.07191},
      archivePrefix={arXiv},
      primaryClass={cs.CL},
      url={https://arxiv.org/abs/2103.07191}, 
}
@inproceedings{
chen2024unlocking,
title={Unlocking the Capabilities of Thought: A Reasoning Boundary Framework to Quantify and Optimize Chain-of-Thought},
author={Qiguang Chen and Libo Qin and Jiaqi WANG and Jingxuan Zhou and Wanxiang Che},
booktitle={The Thirty-eighth Annual Conference on Neural Information Processing Systems},
year={2024},
url={https://openreview.net/forum?id=pC44UMwy2v}
}
@inproceedings{talmor-etal-2019-commonsenseqa,
    title = "{C}ommonsense{QA}: A Question Answering Challenge Targeting Commonsense Knowledge",
    author = "Talmor, Alon  and
      Herzig, Jonathan  and
      Lourie, Nicholas  and
      Berant, Jonathan",
    editor = "Burstein, Jill  and
      Doran, Christy  and
      Solorio, Thamar",
    booktitle = "Proceedings of the 2019 Conference of the North {A}merican Chapter of the Association for Computational Linguistics: Human Language Technologies, Volume 1 (Long and Short Papers)",
    month = jun,
    year = "2019",
    address = "Minneapolis, Minnesota",
    publisher = "Association for Computational Linguistics",
    url = "https://aclanthology.org/N19-1421",
    doi = "10.18653/v1/N19-1421",
    pages = "4149--4158"
}
@inproceedings{aggarwal-etal-2021-explanations,
    title = "{E}xplanations for {C}ommonsense{QA}: {N}ew {D}ataset and {M}odels",
    author = "Aggarwal, Shourya  and
      Mandowara, Divyanshu  and
      Agrawal, Vishwajeet  and
      Khandelwal, Dinesh  and
      Singla, Parag  and
      Garg, Dinesh",
    editor = "Zong, Chengqing  and
      Xia, Fei  and
      Li, Wenjie  and
      Navigli, Roberto",
    booktitle = "Proceedings of the 59th Annual Meeting of the Association for Computational Linguistics and the 11th International Joint Conference on Natural Language Processing (Volume 1: Long Papers)",
    month = aug,
    year = "2021",
    address = "Online",
    publisher = "Association for Computational Linguistics",
    url = "https://aclanthology.org/2021.acl-long.238",
    doi = "10.18653/v1/2021.acl-long.238",
    pages = "3050--3065"
}
@misc{mihaylov2018suitarmorconductelectricity,
      title={Can a Suit of Armor Conduct Electricity? A New Dataset for Open Book Question Answering}, 
      author={Todor Mihaylov and Peter Clark and Tushar Khot and Ashish Sabharwal},
      year={2018},
      eprint={1809.02789},
      archivePrefix={arXiv},
      primaryClass={cs.CL},
      url={https://arxiv.org/abs/1809.02789}, 
}
@misc{geva2021didaristotleuselaptop,
      title={Did Aristotle Use a Laptop? A Question Answering Benchmark with Implicit Reasoning Strategies}, 
      author={Mor Geva and Daniel Khashabi and Elad Segal and Tushar Khot and Dan Roth and Jonathan Berant},
      year={2021},
      eprint={2101.02235},
      archivePrefix={arXiv},
      primaryClass={cs.CL},
      url={https://arxiv.org/abs/2101.02235}, 
}
@inproceedings{
zhou2024can,
title={Can Language Models Perform Robust Reasoning in Chain-of-thought Prompting with Noisy Rationales?},
author={Zhanke Zhou and Rong Tao and Jianing Zhu and Yiwen Luo and Zengmao Wang and Bo Han},
booktitle={The Thirty-eighth Annual Conference on Neural Information Processing Systems},
year={2024},
url={https://openreview.net/forum?id=FbuODM02ra}
}
@misc{li2024happenedllmslayerstrained,
      title={What Happened in LLMs Layers when Trained for Fast vs. Slow Thinking: A Gradient Perspective}, 
      author={Ming Li and Yanhong Li and Tianyi Zhou},
      year={2024},
      eprint={2410.23743},
      archivePrefix={arXiv},
      primaryClass={cs.CL},
      url={https://arxiv.org/abs/2410.23743}, 
}
@inproceedings{ranaldi-freitas-2024-aligning,
    title = "Aligning Large and Small Language Models via Chain-of-Thought Reasoning",
    author = "Ranaldi, Leonardo  and
      Freitas, Andre",
    editor = "Graham, Yvette  and
      Purver, Matthew",
    booktitle = "Proceedings of the 18th Conference of the European Chapter of the Association for Computational Linguistics (Volume 1: Long Papers)",
    month = mar,
    year = "2024",
    address = "St. Julian{'}s, Malta",
    publisher = "Association for Computational Linguistics",
    url = "https://aclanthology.org/2024.eacl-long.109",
    pages = "1812--1827"
}
@inproceedings{ho-etal-2023-large,
    title = "Large Language Models Are Reasoning Teachers",
    author = "Ho, Namgyu  and
      Schmid, Laura  and
      Yun, Se-Young",
    editor = "Rogers, Anna  and
      Boyd-Graber, Jordan  and
      Okazaki, Naoaki",
    booktitle = "Proceedings of the 61st Annual Meeting of the Association for Computational Linguistics (Volume 1: Long Papers)",
    month = jul,
    year = "2023",
    address = "Toronto, Canada",
    publisher = "Association for Computational Linguistics",
    url = "https://aclanthology.org/2023.acl-long.830",
    doi = "10.18653/v1/2023.acl-long.830",
    pages = "14852--14882"
}
@article{kumar2024enhancing,
  title={Enhancing Zero-shot Chain of Thought Prompting via Uncertainty-Guided Strategy Selection},
  author={Kumar, Shanu and Mendke, Saish and Rahman, Karody Lubna Abdul and Kurasa, Santosh and Agrawal, Parag and Dandapat, Sandipan},
  journal={arXiv preprint arXiv:2412.00353},
  year={2024}
}
@misc{
liu2024aligning,
title={Aligning Teacher with Student Preferences for Tailored Instruction Tuning Dataset Generation},
author={Yantao Liu and Zhao Zhang and Zijun Yao and Shulin Cao and Lei Hou and Juanzi Li},
year={2024},
url={https://openreview.net/forum?id=SgAPzJdAHi}
}
@inproceedings{ling-etal-2017-program,
    title = "Program Induction by Rationale Generation: Learning to Solve and Explain Algebraic Word Problems",
    author = "Ling, Wang  and
      Yogatama, Dani  and
      Dyer, Chris  and
      Blunsom, Phil",
    editor = "Barzilay, Regina  and
      Kan, Min-Yen",
    booktitle = "Proceedings of the 55th Annual Meeting of the Association for Computational Linguistics (Volume 1: Long Papers)",
    month = jul,
    year = "2017",
    address = "Vancouver, Canada",
    publisher = "Association for Computational Linguistics",
    url = "https://aclanthology.org/P17-1015",
    doi = "10.18653/v1/P17-1015",
    pages = "158--167",
}
@misc{cobbe2021trainingverifierssolvemath,
      title={Training Verifiers to Solve Math Word Problems}, 
      author={Karl Cobbe and Vineet Kosaraju and Mohammad Bavarian and Mark Chen and Heewoo Jun and Lukasz Kaiser and Matthias Plappert and Jerry Tworek and Jacob Hilton and Reiichiro Nakano and Christopher Hesse and John Schulman},
      year={2021},
      eprint={2110.14168},
      archivePrefix={arXiv},
      primaryClass={cs.LG},
      url={https://arxiv.org/abs/2110.14168}, 
}
@article{hendrycksmath2021,
  title={Measuring Mathematical Problem Solving With the MATH Dataset},
  author={Dan Hendrycks and Collin Burns and Saurav Kadavath and Akul Arora and Steven Basart and Eric Tang and Dawn Song and Jacob Steinhardt},
  journal={NeurIPS},
  year={2021}
}
@misc{saha2024branchsolvemergeimproveslargelanguage,
      title={Branch-Solve-Merge Improves Large Language Model Evaluation and Generation}, 
      author={Swarnadeep Saha and Omer Levy and Asli Celikyilmaz and Mohit Bansal and Jason Weston and Xian Li},
      year={2024},
      eprint={2310.15123},
      archivePrefix={arXiv},
      primaryClass={cs.CL},
      url={https://arxiv.org/abs/2310.15123}, 
}
@inproceedings{shridhar-etal-2023-distilling,
    title = "Distilling Reasoning Capabilities into Smaller Language Models",
    author = "Shridhar, Kumar  and
      Stolfo, Alessandro  and
      Sachan, Mrinmaya",
    editor = "Rogers, Anna  and
      Boyd-Graber, Jordan  and
      Okazaki, Naoaki",
    booktitle = "Findings of the Association for Computational Linguistics: ACL 2023",
    month = jul,
    year = "2023",
    address = "Toronto, Canada",
    publisher = "Association for Computational Linguistics",
    url = "https://aclanthology.org/2023.findings-acl.441",
    doi = "10.18653/v1/2023.findings-acl.441",
    pages = "7059--7073",
}
@misc{deng2024rephraserespondletlarge,
      title={Rephrase and Respond: Let Large Language Models Ask Better Questions for Themselves}, 
      author={Yihe Deng and Weitong Zhang and Zixiang Chen and Quanquan Gu},
      year={2024},
      eprint={2311.04205},
      archivePrefix={arXiv},
      primaryClass={cs.CL},
      url={https://arxiv.org/abs/2311.04205}, 
}
@misc{xu2024faithfullogicalreasoningsymbolic,
      title={Faithful Logical Reasoning via Symbolic Chain-of-Thought}, 
      author={Jundong Xu and Hao Fei and Liangming Pan and Qian Liu and Mong-Li Lee and Wynne Hsu},
      year={2024},
      eprint={2405.18357},
      archivePrefix={arXiv},
      primaryClass={cs.CL},
      url={https://arxiv.org/abs/2405.18357}, 
}
@misc{yu2024distilling21,
      title={Distilling System 2 into System 1}, 
      author={Ping Yu and Jing Xu and Jason Weston and Ilia Kulikov},
      year={2024},
      eprint={2407.06023},
      archivePrefix={arXiv},
      primaryClass={cs.CL},
      url={https://arxiv.org/abs/2407.06023}, 
}
@inproceedings{prabhakar-etal-2024-deciphering,
    title = "Deciphering the Factors Influencing the Efficacy of Chain-of-Thought: Probability, Memorization, and Noisy Reasoning",
    author = "Prabhakar, Akshara  and
      Griffiths, Thomas L.  and
      McCoy, R. Thomas",
    editor = "Al-Onaizan, Yaser  and
      Bansal, Mohit  and
      Chen, Yun-Nung",
    booktitle = "Findings of the Association for Computational Linguistics: EMNLP 2024",
    month = nov,
    year = "2024",
    address = "Miami, Florida, USA",
    publisher = "Association for Computational Linguistics",
    url = "https://aclanthology.org/2024.findings-emnlp.212",
    doi = "10.18653/v1/2024.findings-emnlp.212",
    pages = "3710--3724"
}
@misc{kaplan2020scalinglawsneurallanguage,
      title={Scaling Laws for Neural Language Models}, 
      author={Jared Kaplan and Sam McCandlish and Tom Henighan and Tom B. Brown and Benjamin Chess and Rewon Child and Scott Gray and Alec Radford and Jeffrey Wu and Dario Amodei},
      year={2020},
      eprint={2001.08361},
      archivePrefix={arXiv},
      primaryClass={cs.LG},
      url={https://arxiv.org/abs/2001.08361}, 
}
@inproceedings{dong-etal-2024-survey,
    title = "A Survey on In-context Learning",
    author = "Dong, Qingxiu  and
      Li, Lei  and
      Dai, Damai  and
      Zheng, Ce  and
      Ma, Jingyuan  and
      Li, Rui  and
      Xia, Heming  and
      Xu, Jingjing  and
      Wu, Zhiyong  and
      Chang, Baobao  and
      Sun, Xu  and
      Li, Lei  and
      Sui, Zhifang",
    editor = "Al-Onaizan, Yaser  and
      Bansal, Mohit  and
      Chen, Yun-Nung",
    booktitle = "Proceedings of the 2024 Conference on Empirical Methods in Natural Language Processing",
    month = nov,
    year = "2024",
    address = "Miami, Florida, USA",
    publisher = "Association for Computational Linguistics",
    url = "https://aclanthology.org/2024.emnlp-main.64",
    doi = "10.18653/v1/2024.emnlp-main.64",
    pages = "1107--1128"
}
@inproceedings{
zhang2023automatic,
title={Automatic Chain of Thought Prompting in Large Language Models},
author={Zhuosheng Zhang and Aston Zhang and Mu Li and Alex Smola},
booktitle={The Eleventh International Conference on Learning Representations },
year={2023},
url={https://openreview.net/forum?id=5NTt8GFjUHkr}
}
@inproceedings{
yao2023tree,
title={Tree of Thoughts: Deliberate Problem Solving with Large Language Models},
author={Shunyu Yao and Dian Yu and Jeffrey Zhao and Izhak Shafran and Thomas L. Griffiths and Yuan Cao and Karthik R Narasimhan},
booktitle={Thirty-seventh Conference on Neural Information Processing Systems},
year={2023},
url={https://openreview.net/forum?id=5Xc1ecxO1h}
}
@misc{nayab2024concisethoughtsimpactoutput,
      title={Concise Thoughts: Impact of Output Length on LLM Reasoning and Cost}, 
      author={Sania Nayab and Giulio Rossolini and Giorgio Buttazzo and Nicolamaria Manes and Fabrizio Giacomelli},
      year={2024},
      eprint={2407.19825},
      archivePrefix={arXiv},
      primaryClass={cs.CL},
      url={https://arxiv.org/abs/2407.19825}, 
}
@misc{qi2024mutualreasoningmakessmaller,
      title={Mutual Reasoning Makes Smaller LLMs Stronger Problem-Solvers}, 
      author={Zhenting Qi and Mingyuan Ma and Jiahang Xu and Li Lyna Zhang and Fan Yang and Mao Yang},
      year={2024},
      eprint={2408.06195},
      archivePrefix={arXiv},
      primaryClass={cs.CL},
      url={https://arxiv.org/abs/2408.06195}, 
}
@inproceedings{zheng2024llamafactory,
  title={LlamaFactory: Unified Efficient Fine-Tuning of 100+ Language Models},
  author={Yaowei Zheng and Richong Zhang and Junhao Zhang and Yanhan Ye and Zheyan Luo and Zhangchi Feng and Yongqiang Ma},
  booktitle={Proceedings of the 62nd Annual Meeting of the Association for Computational Linguistics (Volume 3: System Demonstrations)},
  address={Bangkok, Thailand},
  publisher={Association for Computational Linguistics},
  year={2024},
  url={http://arxiv.org/abs/2403.13372}
}
@inproceedings{
yue2024mammoth,
title={{MA}mmo{TH}: Building Math Generalist Models through Hybrid Instruction Tuning},
author={Xiang Yue and Xingwei Qu and Ge Zhang and Yao Fu and Wenhao Huang and Huan Sun and Yu Su and Wenhu Chen},
booktitle={The Twelfth International Conference on Learning Representations},
year={2024},
url={https://openreview.net/forum?id=yLClGs770I}
}