@inproceedings{DBLP:conf/iclr/KhotTFF0CS23,
  author       = {Tushar Khot and
                  Harsh Trivedi and
                  Matthew Finlayson and
                  Yao Fu and
                  Kyle Richardson and
                  Peter Clark and
                  Ashish Sabharwal},
  title        = {Decomposed Prompting: {A} Modular Approach for Solving Complex Tasks},
  booktitle    = {The Eleventh International Conference on Learning Representations,
                  {ICLR} 2023, Kigali, Rwanda, May 1-5, 2023},
  publisher    = {OpenReview.net},
  year         = {2023},
  url          = {https://openreview.net/forum?id=\_nGgzQjzaRy},
  timestamp    = {Wed, 24 Jul 2024 16:50:34 +0200},
  biburl       = {https://dblp.org/rec/conf/iclr/KhotTFF0CS23.bib},
  bibsource    = {dblp computer science bibliography, https://dblp.org}
}

@misc{deng2024rephraserespondletlarge,
      title={Rephrase and Respond: Let Large Language Models Ask Better Questions for Themselves}, 
      author={Yihe Deng and Weitong Zhang and Zixiang Chen and Quanquan Gu},
      year={2024},
      eprint={2311.04205},
      archivePrefix={arXiv},
      primaryClass={cs.CL},
      url={https://arxiv.org/abs/2311.04205}, 
}

@inproceedings{ho-etal-2023-large,
    title = "Large Language Models Are Reasoning Teachers",
    author = "Ho, Namgyu  and
      Schmid, Laura  and
      Yun, Se-Young",
    editor = "Rogers, Anna  and
      Boyd-Graber, Jordan  and
      Okazaki, Naoaki",
    booktitle = "Proceedings of the 61st Annual Meeting of the Association for Computational Linguistics (Volume 1: Long Papers)",
    month = jul,
    year = "2023",
    address = "Toronto, Canada",
    publisher = "Association for Computational Linguistics",
    url = "https://aclanthology.org/2023.acl-long.830",
    doi = "10.18653/v1/2023.acl-long.830",
    pages = "14852--14882"
}

@inproceedings{jin-etal-2024-impact,
    title = "The Impact of Reasoning Step Length on Large Language Models",
    author = "Jin, Mingyu  and
      Yu, Qinkai  and
      Shu, Dong  and
      Zhao, Haiyan  and
      Hua, Wenyue  and
      Meng, Yanda  and
      Zhang, Yongfeng  and
      Du, Mengnan",
    editor = "Ku, Lun-Wei  and
      Martins, Andre  and
      Srikumar, Vivek",
    booktitle = "Findings of the Association for Computational Linguistics: ACL 2024",
    month = aug,
    year = "2024",
    address = "Bangkok, Thailand",
    publisher = "Association for Computational Linguistics",
    url = "https://aclanthology.org/2024.findings-acl.108",
    doi = "10.18653/v1/2024.findings-acl.108",
    pages = "1830--1842"
}

@inproceedings{magister-etal-2023-teaching,
    title = "Teaching Small Language Models to Reason",
    author = "Magister, Lucie Charlotte  and
      Mallinson, Jonathan  and
      Adamek, Jakub  and
      Malmi, Eric  and
      Severyn, Aliaksei",
    editor = "Rogers, Anna  and
      Boyd-Graber, Jordan  and
      Okazaki, Naoaki",
    booktitle = "Proceedings of the 61st Annual Meeting of the Association for Computational Linguistics (Volume 2: Short Papers)",
    month = jul,
    year = "2023",
    address = "Toronto, Canada",
    publisher = "Association for Computational Linguistics",
    url = "https://aclanthology.org/2023.acl-short.151",
    doi = "10.18653/v1/2023.acl-short.151",
    pages = "1773--1781",
}

@misc{nayab2024concisethoughtsimpactoutput,
      title={Concise Thoughts: Impact of Output Length on LLM Reasoning and Cost}, 
      author={Sania Nayab and Giulio Rossolini and Giorgio Buttazzo and Nicolamaria Manes and Fabrizio Giacomelli},
      year={2024},
      eprint={2407.19825},
      archivePrefix={arXiv},
      primaryClass={cs.CL},
      url={https://arxiv.org/abs/2407.19825}, 
}

@misc{qi2024mutualreasoningmakessmaller,
      title={Mutual Reasoning Makes Smaller LLMs Stronger Problem-Solvers}, 
      author={Zhenting Qi and Mingyuan Ma and Jiahang Xu and Li Lyna Zhang and Fan Yang and Mao Yang},
      year={2024},
      eprint={2408.06195},
      archivePrefix={arXiv},
      primaryClass={cs.CL},
      url={https://arxiv.org/abs/2408.06195}, 
}

@inproceedings{shridhar-etal-2023-distilling,
    title = "Distilling Reasoning Capabilities into Smaller Language Models",
    author = "Shridhar, Kumar  and
      Stolfo, Alessandro  and
      Sachan, Mrinmaya",
    editor = "Rogers, Anna  and
      Boyd-Graber, Jordan  and
      Okazaki, Naoaki",
    booktitle = "Findings of the Association for Computational Linguistics: ACL 2023",
    month = jul,
    year = "2023",
    address = "Toronto, Canada",
    publisher = "Association for Computational Linguistics",
    url = "https://aclanthology.org/2023.findings-acl.441",
    doi = "10.18653/v1/2023.findings-acl.441",
    pages = "7059--7073",
}

@inproceedings{stolfo-etal-2023-causal,
    title = "A Causal Framework to Quantify the Robustness of Mathematical Reasoning with Language Models",
    author = "Stolfo, Alessandro  and
      Jin, Zhijing  and
      Shridhar, Kumar  and
      Schoelkopf, Bernhard  and
      Sachan, Mrinmaya",
    editor = "Rogers, Anna  and
      Boyd-Graber, Jordan  and
      Okazaki, Naoaki",
    booktitle = "Proceedings of the 61st Annual Meeting of the Association for Computational Linguistics (Volume 1: Long Papers)",
    month = jul,
    year = "2023",
    address = "Toronto, Canada",
    publisher = "Association for Computational Linguistics",
    url = "https://aclanthology.org/2023.acl-long.32",
    doi = "10.18653/v1/2023.acl-long.32",
    pages = "545--561"
}

@misc{wei2023chainofthoughtpromptingelicitsreasoning,
      title={Chain-of-Thought Prompting Elicits Reasoning in Large Language Models}, 
      author={Jason Wei and Xuezhi Wang and Dale Schuurmans and Maarten Bosma and Brian Ichter and Fei Xia and Ed Chi and Quoc Le and Denny Zhou},
      year={2023},
      eprint={2201.11903},
      archivePrefix={arXiv},
      primaryClass={cs.CL},
      url={https://arxiv.org/abs/2201.11903}, 
}

@misc{xu2024faithfullogicalreasoningsymbolic,
      title={Faithful Logical Reasoning via Symbolic Chain-of-Thought}, 
      author={Jundong Xu and Hao Fei and Liangming Pan and Qian Liu and Mong-Li Lee and Wynne Hsu},
      year={2024},
      eprint={2405.18357},
      archivePrefix={arXiv},
      primaryClass={cs.CL},
      url={https://arxiv.org/abs/2405.18357}, 
}

@misc{xu2024surveyknowledgedistillationlarge,
      title={A Survey on Knowledge Distillation of Large Language Models}, 
      author={Xiaohan Xu and Ming Li and Chongyang Tao and Tao Shen and Reynold Cheng and Jinyang Li and Can Xu and Dacheng Tao and Tianyi Zhou},
      year={2024},
      eprint={2402.13116},
      archivePrefix={arXiv},
      primaryClass={cs.CL},
      url={https://arxiv.org/abs/2402.13116}, 
}

@inproceedings{zhou2023leasttomost,
title={Least-to-Most Prompting Enables Complex Reasoning in Large Language Models},
author={Denny Zhou and Nathanael Sch{\"a}rli and Le Hou and Jason Wei and Nathan Scales and Xuezhi Wang and Dale Schuurmans and Claire Cui and Olivier Bousquet and Quoc V Le and Ed H. Chi},
booktitle={The Eleventh International Conference on Learning Representations },
year={2023},
url={https://openreview.net/forum?id=WZH7099tgfM}
}

