@String(PAMI = {IEEE Trans. Pattern Anal. Mach. Intell.})
@String(IJCV = {Int. J. Comput. Vis.})
@String(CVPR= {IEEE Conf. Comput. Vis. Pattern Recog.})
@String(ICCV= {Int. Conf. Comput. Vis.})
@String(ECCV= {Eur. Conf. Comput. Vis.})
@String(NIPS= {Adv. Neural Inform. Process. Syst.})
@String(ICPR = {Int. Conf. Pattern Recog.})
@String(BMVC= {Brit. Mach. Vis. Conf.})
@String(TOG= {ACM Trans. Graph.})
@String(TIP  = {IEEE Trans. Image Process.})
@String(TVCG  = {IEEE Trans. Vis. Comput. Graph.})
@String(TMM  = {IEEE Trans. Multimedia})
@String(ACMMM= {ACM Int. Conf. Multimedia})
@String(ICME = {Int. Conf. Multimedia and Expo})
@String(ICASSP=	{ICASSP})
@String(ICIP = {IEEE Int. Conf. Image Process.})
@String(ACCV  = {ACCV})
@String(ICLR = {Int. Conf. Learn. Represent.})
@String(IJCAI = {IJCAI})
@String(PR   = {Pattern Recognition})
@String(AAAI = {AAAI})
@String(CVPRW= {IEEE Conf. Comput. Vis. Pattern Recog. Worksh.})
@String(CSVT = {IEEE Trans. Circuit Syst. Video Technol.})

@String(SPL	= {IEEE Sign. Process. Letters})
@String(VR   = {Vis. Res.})
@String(JOV	 = {J. Vis.})
@String(TVC  = {The Vis. Comput.})
@String(JCST  = {J. Comput. Sci. Tech.})
@String(CGF  = {Comput. Graph. Forum})
@String(CVM = {Computational Visual Media})


@String(PAMI  = {IEEE TPAMI})
@String(IJCV  = {IJCV})
@String(CVPR  = {CVPR})
@String(ICCV  = {ICCV})
@String(ECCV  = {ECCV})
@String(NIPS  = {NeurIPS})
@String(ICPR  = {ICPR})
@String(BMVC  =	{BMVC})
@String(TOG   = {ACM TOG})
@String(TIP   = {IEEE TIP})
@String(TVCG  = {IEEE TVCG})
@String(TCSVT = {IEEE TCSVT})
@String(TMM   =	{IEEE TMM})
@String(ACMMM = {ACM MM})
@String(ICME  =	{ICME})
@String(ICASSP=	{ICASSP})
@String(ICIP  = {ICIP})
@String(ACCV  = {ACCV})
@String(ICLR  = {ICLR})
@String(IJCAI = {IJCAI})
@String(PR = {PR})
@String(AAAI = {AAAI})
@String(CVPRW= {CVPRW})
@String(CSVT = {IEEE TCSVT})


@article{ayamga2021multifaceted,
  title={Multifaceted applicability of drones: A review},
  author={Ayamga, Matthew and Akaba, Selorm and Nyaaba, Albert Apotele},
  journal={Technological Forecasting and Social Change},
  volume={167},
  pages={120677},
  year={2021},
  publisher={Elsevier}
}
@article{dutta2020application,
  title={Application of drone in agriculture: A review},
  author={Dutta, Gopal and Goswami, Purba},
  journal={International Journal of Chemical Studies},
  volume={8},
  number={5},
  pages={181--187},
  year={2020}
}

@article{merkert2020managing,
  title={Managing the drone revolution: A systematic literature review into the current use of airborne drones and future strategic directions for their effective control},
  author={Merkert, Rico and Bushell, James},
  journal={Journal of air transport management},
  volume={89},
  pages={101929},
  year={2020},
  publisher={Elsevier}
}
@article{moshref2021applications,
  title={Applications and Research avenues for drone-based models in logistics: A classification and review},
  author={Moshref-Javadi, Mohammad and Winkenbach, Matthias},
  journal={Expert Systems with Applications},
  volume={177},
  pages={114854},
  year={2021},
  publisher={Elsevier}
}
@article{johnson2021impact,
  title={Impact of using drones in emergency medicine: What does the future hold?},
  author={Johnson, Anna M and Cunningham, Christopher J and Arnold, Evan and Rosamond, Wayne D and Z{\`e}gre-Hemsey, Jessica K},
  journal={Open Access Emergency Medicine},
  pages={487--498},
  year={2021},
  publisher={Taylor \& Francis}
}
@article{zailani2020drone,
  title={Drone for medical products transportation in maternal healthcare: A systematic review and framework for future research},
  author={Zailani, Mohamed Afiq Hidayat and Sabudin, Raja Zahratul Azma Raja and Rahman, Rahana Abdul and Saiboon, Ismail Mohd and Ismail, Aniza and Mahdy, Zaleha Abdullah},
  journal={Medicine},
  volume={99},
  number={36},
  pages={e21967},
  year={2020},
  publisher={LWW}
}
@article{katekar2022application,
  title={The Application of Drone Technology for Sustainable Agriculture in India.},
  author={Katekar, Vishal and Cheruku, Jeevan Kumar},
  journal={Current Agriculture Research Journal},
  volume={10},
  number={3},
  year={2022}
}
@article{mahroof2021drone,
  title={Drone as a Service (DaaS) in promoting cleaner agricultural production and Circular Economy for ethical Sustainable Supply Chain development},
  author={Mahroof, Kamran and Omar, Amizan and Rana, Nripendra P and Sivarajah, Uthayasankar and Weerakkody, Vishanth},
  journal={Journal of Cleaner Production},
  volume={287},
  pages={125522},
  year={2021},
  publisher={Elsevier}
}
@article{daud2022applications,
  title={Applications of drone in disaster management: A scoping review},
  author={Daud, Sharifah Mastura Syed Mohd and Yusof, Mohd Yusmiaidil Putera Mohd and Heo, Chong Chin and Khoo, Lay See and Singh, Mansharan Kaur Chainchel and Mahmood, Mohd Shah and Nawawi, Hapizah},
  journal={Science \& Justice},
  volume={62},
  number={1},
  pages={30--42},
  year={2022},
  publisher={Elsevier}
}
@article{ishiwatari2024leveraging,
  title={Leveraging Drones for Effective Disaster Management: A Comprehensive Analysis of the 2024 Noto Peninsula Earthquake Case in Japan},
  author={Ishiwatari, Mikio},
  journal={Progress in Disaster Science},
  pages={100348},
  year={2024},
  publisher={Elsevier}
}
@article{tan2021public,
  title={Public acceptance of drone applications in a highly urbanized environment},
  author={Tan, Lynn Kai Lin and Lim, Beng Chong and Park, Guihyun and Low, Kin Huat and Yeo, Victor Chuan Seng},
  journal={Technology in Society},
  volume={64},
  pages={101462},
  year={2021},
  publisher={Elsevier}
}
@article{benarbia2021literature,
  title={A literature review of drone-based package delivery logistics systems and their implementation feasibility},
  author={Benarbia, Taha and Kyamakya, Kyandoghere},
  journal={Sustainability},
  volume={14},
  number={1},
  pages={360},
  year={2021},
  publisher={MDPI}
}
@inproceedings{kang2015analysis,
  title={Analysis of localization for drone-fleet},
  author={Kang, Jin-Hyeok and Park, Kyung-Joon and Kim, Hwangnam},
  booktitle={2015 International Conference on Information and Communication Technology Convergence (ICTC)},
  pages={533--538},
  year={2015},
  organization={IEEE}
}
@article{dijkshoorn2012simultaneous,
  title={Simultaneous localization and mapping with the ar. drone},
  author={Dijkshoorn, Nick},
  journal={PhD diss., Masters thesis, Universiteit van Amsterdam},
  year={2012},
  publisher={Citeseer}
}
@article{sorbelli2018range,
  title={Range based algorithms for precise localization of terrestrial objects using a drone},
  author={Sorbelli, Francesco Betti and Das, Sajal K and Pinotti, Cristina M and Silvestri, Simone},
  journal={Pervasive and Mobile Computing},
  volume={48},
  pages={20--42},
  year={2018},
  publisher={Elsevier}
}
@article{yousaf2022drone,
  title={Drone and controller detection and localization: Trends and challenges},
  author={Yousaf, Jawad and Zia, Huma and Alhalabi, Marah and Yaghi, Maha and Basmaji, Tasnim and Shehhi, Eiman Al and Gad, Abdalla and Alkhedher, Mohammad and Ghazal, Mohammed},
  journal={Applied Sciences},
  volume={12},
  number={24},
  pages={12612},
  year={2022},
  publisher={MDPI}
}
@article{bisio2021localization,
  title={On the localization of wireless targets: A drone surveillance perspective},
  author={Bisio, Igor and Garibotto, Chiara and Haleem, Halar and Lavagetto, Fabio and Sciarrone, Andrea},
  journal={IEEE Network},
  volume={35},
  number={5},
  pages={249--255},
  year={2021},
  publisher={IEEE}
}

@article{zhang2022agile,
  title={Agile formation control of drone flocking enhanced with active vision-based relative localization},
  author={Zhang, Peihan and Chen, Gang and Li, Yuzhu and Dong, Wei},
  journal={IEEE Robotics and Automation Letters},
  volume={7},
  number={3},
  pages={6359--6366},
  year={2022},
  publisher={IEEE}
}
@article{debeunne2020review,
  title={A review of visual-LiDAR fusion based simultaneous localization and mapping},
  author={Debeunne, C{\'e}sar and Vivet, Damien},
  journal={Sensors},
  volume={20},
  number={7},
  pages={2068},
  year={2020},
  publisher={MDPI}
}
@article{niu2022ic,
  title={IC-GVINS: A robust, real-time, INS-centric GNSS-visual-inertial navigation system},
  author={Niu, Xiaoji and Tang, Hailiang and Zhang, Tisheng and Fan, Jing and Liu, Jingnan},
  journal={IEEE robotics and automation letters},
  volume={8},
  number={1},
  pages={216--223},
  year={2022},
  publisher={IEEE}
}
@article{aburaya2024review,
  title={Review of vision-based reinforcement learning for drone navigation},
  author={Aburaya, Anas and Selamat, Hazlina and Muslim, Mohd Taufiq},
  journal={International Journal of Intelligent Robotics and Applications},
  pages={1--19},
  year={2024},
  publisher={Springer}
}
@article{arafat2023vision,
  title={Vision-based navigation techniques for unmanned aerial vehicles: Review and challenges},
  author={Arafat, Muhammad Yeasir and Alam, Muhammad Morshed and Moh, Sangman},
  journal={Drones},
  volume={7},
  number={2},
  pages={89},
  year={2023},
  publisher={MDPI}
}
@article{lin2021real,
  title={Real-time monocular vision system for UAV autonomous landing in outdoor low-illumination environments},
  author={Lin, Shanggang and Jin, Lianwen and Chen, Ziwei},
  journal={Sensors},
  volume={21},
  number={18},
  pages={6226},
  year={2021},
  publisher={MDPI}
}
@article{al2021self,
  title={Self-localization of tethered drones without a cable force sensor in GPS-denied environments},
  author={Al-Radaideh, Amer and Sun, Liang},
  journal={Drones},
  volume={5},
  number={4},
  pages={135},
  year={2021},
  publisher={MDPI}
}
@inproceedings{meles2023performance,
  title={Performance evaluation of measurement based GPS denied 3D drone localization and tracking},
  author={Meles, Mehari and Rajasekaran, Akash and Mela, Lauri and Ghazalian, Reza and Ruttik, Kalle and J{\"a}ntti, Riku},
  booktitle={2023 IEEE Wireless Communications and Networking Conference (WCNC)},
  pages={1--6},
  year={2023},
  organization={IEEE}
}
@inproceedings{dreissig2023survey,
  title={Survey on lidar perception in adverse weather conditions},
  author={Dreissig, Mariella and Scheuble, Dominik and Piewak, Florian and Boedecker, Joschka},
  booktitle={2023 IEEE Intelligent Vehicles Symposium (IV)},
  pages={1--8},
  year={2023},
  organization={IEEE}
}
@article{he2023acoustic,
  title={Acoustic localization system for precise drone landing},
  author={He, Yuan and Wang, Weiguo and Mottola, Luca and Li, Shuai and Sun, Yimiao and Li, Jinming and Jing, Hua and Wang, Ting and Wang, Yulei},
  journal={IEEE Transactions on Mobile Computing},
  volume={23},
  number={5},
  pages={4126--4144},
  year={2023},
  publisher={IEEE}
}
@article{sun2023indoor,
  title={Indoor drone localization and tracking based on acoustic inertial measurement},
  author={Sun, Yimiao and Wang, Weiguo and Mottola, Luca and Zhang, Jia and Wang, Ruijin and He, Yuan},
  journal={IEEE Transactions on Mobile Computing},
  year={2023},
  publisher={IEEE}
}
@inproceedings{shor2024active,
  title={Active propulsion noise shaping for multi-rotor aircraft localization},
  author={Shor, Tamir and Serussi, Gabriele and Hirshberg, Tom and Baskin, Chaim and Bronstein, Alex M},
  booktitle={2024 IEEE/RSJ International Conference on Intelligent Robots and Systems (IROS)},
  pages={472--479},
  year={2024},
  organization={IEEE}
}
@inproceedings{famili2022rail,
  title={RAIL: Robust acoustic indoor localization for drones},
  author={Famili, Alireza and Stavrou, Angelos and Wang, Haining and Park, Jung-Min Jerry},
  booktitle={2022 IEEE 95th Vehicular Technology Conference:(VTC2022-Spring)},
  pages={1--6},
  year={2022},
  organization={IEEE}
}
@inproceedings{mynuddin2023adversarial,
  title={Adversarial Attacks on Deep Learning-Based UAV Navigation Systems},
  author={Mynuddin, Mohammed and Khan, Sultan Uddin and Mahmoud, Mahmoud Nabil and Alsharif, Ahmad},
  booktitle={2023 IEEE Conference on Communications and Network Security (CNS)},
  pages={1--6},
  year={2023},
  organization={IEEE}
}
@inproceedings{wisniewski2024autonomous,
  title={Autonomous Navigation in Dynamic Maze Environments Under Adversarial Sensor Attack},
  author={Wisniewski, Mariusz and Ona, Inigo Galan and Chatzithanos, Paris and Guo, Weisi and Tsourdos, Antonios},
  booktitle={2024 International Conference on Unmanned Aircraft Systems (ICUAS)},
  pages={881--886},
  year={2024},
  organization={IEEE}
}
@article{guesmi2024navigating,
  title={Navigating Threats: A Survey of Physical Adversarial Attacks on LiDAR Perception Systems in Autonomous Vehicles},
  author={Guesmi, Amira and Shafique, Muhammad},
  journal={arXiv preprint arXiv:2409.20426},
  year={2024}
}
@article{fu2021remote,
  title={Remote attacks on drones vision sensors: An empirical study},
  author={Fu, Zhangjie and Zhi, Yueyan and Ji, Shouling and Sun, Xingming},
  journal={IEEE Transactions on Dependable and Secure Computing},
  volume={19},
  number={5},
  pages={3125--3135},
  year={2021},
  publisher={IEEE}
}
@article{mynuddin2024trojan,
  title={Trojan Attack And Defense for Deep Learning Based Navigation Systems of Unmanned Aerial Vehicles},
  author={Mynuddin, Mohammed and Khan, Sultan Uddin and Ahmari, Reza and Landivar, Luis and Mahmoud, Mahmoud Nabil and Homaifar, Abdollah},
  journal={IEEE Access},
  year={2024},
  publisher={IEEE}
}
@article{wang2023survey,
  title={A survey on cybersecurity attacks and defenses for unmanned aerial systems},
  author={Wang, Zhaoxuan and Li, Yang and Wu, Shihao and Zhou, Yuan and Yang, Libin and Xu, Yuan and Zhang, Tianwei and Pan, Quan},
  journal={Journal of Systems Architecture},
  volume={138},
  pages={102870},
  year={2023},
  publisher={Elsevier}
}
@inproceedings{baron2019drone,
  title={Drone localization and identification using an acoustic array and supervised learning},
  author={Baron, Valentin and Bouley, Simon and Muschinowski, Matthieu and Mars, J{\'e}r{\^o}me and Nicolas, Barbara},
  booktitle={Artificial Intelligence and Machine Learning in Defense Applications},
  volume={11169},
  pages={129--137},
  year={2019},
  organization={SPIE}
}
@article{borish1984extension,
  title={Extension of the image model to arbitrary polyhedra},
  author={Borish, Jeffrey},
  journal={The Journal of the Acoustical Society of America},
  volume={75},
  number={6},
  pages={1827--1836},
  year={1984},
  publisher={Acoustical Society of America}
}
@article{allen1979image,
  title={Image method for efficiently simulating small-room acoustics},
  author={Allen, Jont B and Berkley, David A},
  journal={The Journal of the Acoustical Society of America},
  volume={65},
  number={4},
  pages={943--950},
  year={1979},
  publisher={Acoustical Society of America}
}
@inproceedings{scheibler2018pyroomacoustics,
  title={Pyroomacoustics: A python package for audio room simulation and array processing algorithms},
  author={Scheibler, Robin and Bezzam, Eric and Dokmani{\'c}, Ivan},
  booktitle={2018 IEEE international conference on acoustics, speech and signal processing (ICASSP)},
  pages={351--355},
  year={2018},
  organization={IEEE}
}
@article{luo2022learning,
  title={Learning neural acoustic fields},
  author={Luo, Andrew and Du, Yilun and Tarr, Michael and Tenenbaum, Josh and Torralba, Antonio and Gan, Chuang},
  journal={Advances in Neural Information Processing Systems},
  volume={35},
  pages={3165--3177},
  year={2022}
}
@article{croce2020robustbench,
  title={Robustbench: a standardized adversarial robustness benchmark},
  author={Croce, Francesco and Andriushchenko, Maksym and Sehwag, Vikash and Debenedetti, Edoardo and Flammarion, Nicolas and Chiang, Mung and Mittal, Prateek and Hein, Matthias},
  journal={arXiv preprint arXiv:2010.09670},
  year={2020}
}
@inproceedings{du2020sirenattack,
  title={Sirenattack: Generating adversarial audio for end-to-end acoustic systems},
  author={Du, Tianyu and Ji, Shouling and Li, Jinfeng and Gu, Qinchen and Wang, Ting and Beyah, Raheem},
  booktitle={Proceedings of the 15th ACM Asia conference on computer and communications security},
  pages={357--369},
  year={2020}
}
@article{bhattacharya2020countering,
  title={Countering acoustic adversarial attacks in microphone-equipped smart home devices},
  author={Bhattacharya, Sourav and Manousakas, Dionysis and Ramos, Alberto Gil CP and Venieris, Stylianos I and Lane, Nicholas D and Mascolo, Cecilia},
  journal={Proceedings of the ACM on Interactive, Mobile, Wearable and Ubiquitous Technologies},
  volume={4},
  number={2},
  pages={1--24},
  year={2020},
  publisher={ACM New York, NY, USA}
}
@inproceedings{chen2020soundspaces,
  title={Soundspaces: Audio-visual navigation in 3d environments},
  author={Chen, Changan and Jain, Unnat and Schissler, Carl and Gari, Sebastia Vicenc Amengual and Al-Halah, Ziad and Ithapu, Vamsi Krishna and Robinson, Philip and Grauman, Kristen},
  booktitle={Computer Vision--ECCV 2020: 16th European Conference, Glasgow, UK, August 23--28, 2020, Proceedings, Part VI 16},
  pages={17--36},
  year={2020},
  organization={Springer}
}
@article{chang2017matterport3d,
  title={Matterport3d: Learning from rgb-d data in indoor environments},
  author={Chang, Angel and Dai, Angela and Funkhouser, Thomas and Halber, Maciej and Niessner, Matthias and Savva, Manolis and Song, Shuran and Zeng, Andy and Zhang, Yinda},
  journal={arXiv preprint arXiv:1709.06158},
  year={2017}
}
@article{straub2019replica,
  title={The Replica dataset: A digital replica of indoor spaces},
  author={Straub, Julian and Whelan, Thomas and Ma, Lingni and Chen, Yufan and Wijmans, Erik and Green, Simon and Engel, Jakob J and Mur-Artal, Raul and Ren, Carl and Verma, Shobhit and others},
  journal={arXiv preprint arXiv:1906.05797},
  year={2019}
}

@article{wang2022deep,
  title={Deep-learning-assisted sound source localization from a flying drone},
  author={Wang, Lin and Cavallaro, Andrea},
  journal={IEEE Sensors Journal},
  volume={22},
  number={21},
  pages={20828--20838},
  year={2022},
  publisher={IEEE}
}
@inproceedings{candeloro2020experimental,
  title={Experimental analysis of small-scale rotors with serrated trailing edge for quiet drone propulsion},
  author={Candeloro, Paolo and Nargi, Ranieri Emanuele and Patan{\'e}, Fabrizio and Pagliaroli, Tiziano},
  booktitle={Journal of Physics: Conference Series},
  volume={1589},
  number={1},
  pages={012007},
  year={2020},
  organization={IOP Publishing}
}