@article{allen1979image,
  title={Image method for efficiently simulating small-room acoustics},
  author={Allen, Jont B and Berkley, David A},
  journal={The Journal of the Acoustical Society of America},
  volume={65},
  number={4},
  pages={943--950},
  year={1979},
  publisher={Acoustical Society of America}
}

@article{luo2022learning,
  title={Learning neural acoustic fields},
  author={Luo, Andrew and Du, Yilun and Tarr, Michael and Tenenbaum, Josh and Torralba, Antonio and Gan, Chuang},
  journal={Advances in Neural Information Processing Systems},
  volume={35},
  pages={3165--3177},
  year={2022}
}

@inproceedings{scheibler2018pyroomacoustics,
  title={Pyroomacoustics: A python package for audio room simulation and array processing algorithms},
  author={Scheibler, Robin and Bezzam, Eric and Dokmani{\'c}, Ivan},
  booktitle={2018 IEEE international conference on acoustics, speech and signal processing (ICASSP)},
  pages={351--355},
  year={2018},
  organization={IEEE}
}

@inproceedings{shor2024active,
  title={Active propulsion noise shaping for multi-rotor aircraft localization},
  author={Shor, Tamir and Serussi, Gabriele and Hirshberg, Tom and Baskin, Chaim and Bronstein, Alex M},
  booktitle={2024 IEEE/RSJ International Conference on Intelligent Robots and Systems (IROS)},
  pages={472--479},
  year={2024},
  organization={IEEE}
}

