@article{ansari2024chronos,
  title={Chronos: Learning the language of time series},
  author={Ansari, Abdul Fatir and Stella, Lorenzo and Turkmen, Caner and Zhang, Xiyuan and Mercado, Pedro and Shen, Huibin and Shchur, Oleksandr and Rangapuram, Syama Sundar and Arango, Sebastian Pineda and Kapoor, Shubham and others},
  journal={arXiv preprint arXiv:2403.07815},
  year={2024}
}

@article{gao2024units,
  title={Units: Building a unified time series model},
  author={Gao, Shanghua and Koker, Teddy and Queen, Owen and Hartvigsen, Thomas and Tsiligkaridis, Theodoros and Zitnik, Marinka},
  journal={arXiv preprint arXiv:2403.00131},
  year={2024}
}

@inproceedings{lin2003symbolic,
  title={A symbolic representation of time series, with implications for streaming algorithms},
  author={Lin, Jessica and Keogh, Eamonn and Lonardi, Stefano and Chiu, Bill},
  booktitle={Proceedings of the 8th ACM SIGMOD workshop on Research issues in data mining and knowledge discovery},
  pages={2--11},
  year={2003}
}

@inproceedings{rasul2023lag,
  title={Lag-llama: Towards foundation models for time series forecasting},
  author={Rasul, Kashif and Ashok, Arjun and Williams, Andrew Robert and Khorasani, Arian and Adamopoulos, George and Bhagwatkar, Rishika and Bilo{\v{s}}, Marin and Ghonia, Hena and Hassen, Nadhir and Schneider, Anderson and others},
  booktitle={R0-FoMo: Robustness of Few-shot and Zero-shot Learning in Large Foundation Models},
  year={2023}
}

