@article{yang2021self,
  title={Self-supervised eeg representation learning for automatic sleep staging},
  author={Yang, Chaoqi and Xiao, Danica and Westover, M Brandon and Sun, Jimeng},
  journal={JMIR AI},
  pages={e46769},
  year={2023}
}

@inproceedings{chenIJCAI,
  author  = {Chen, Zheng and Zhu, Lingwei and Yang, Ziwei and Zhang, Renyuan},
  year    = {2022},
  title   = {Multi-Tier Platform for Cognizing Massive Electroencephalogram},
  booktitle={IJCAI-22}, 
  pages   = {2464-2470}
}

@article{AAAI20_EvolveGCN, 
title={EvolveGCN: Evolving Graph Convolutional Networks for Dynamic Graphs}, 
journal={Proceedings of the AAAI Conference on Artificial Intelligence}, author={Pareja, Aldo and Domeniconi, Giacomo and Chen, Jie and Ma, Tengfei and Suzumura, Toyotaro and Kanezashi, Hiroki and Kaler, Tim and Schardl, Tao and Leiserson, Charles}, year={2020}, 
pages={5363-5370} }

@misc{esser2020taming,
      title={Taming Transformers for High-Resolution Image Synthesis}, 
      author={Patrick Esser and Robin Rombach and Björn Ommer},
      year={2020},
      eprint={2012.09841},
      archivePrefix={arXiv},
      primaryClass={cs.CV}
}

@inproceedings{GNN_ICLR22,
title={Self-Supervised Graph Neural Networks for Improved Electroencephalographic Seizure Analysis},
author={Siyi Tang and Jared Dunnmon and Khaled Kamal Saab and Xuan Zhang and Qianying Huang and Florian Dubost and Daniel Rubin and Christopher Lee-Messer},
booktitle={International Conference on Learning Representations},
year={2022}
}

@inproceedings{NEURIPS2023_AMAG,
 author = {Li, Jingyuan and Scholl, Leo and Le, Trung and Rajeswaran, Pavithra and Orsborn, Amy and Shlizerman, Eli},
 booktitle = {Advances in Neural Information Processing Systems},
 pages = {8988--9014},
 publisher = {Curran Associates, Inc.},
 title = {AMAG: Additive, Multiplicative and Adaptive Graph Neural Network For Forecasting Neuron Activity},
 year = {2023}
}

@InProceedings{ICML2012Precup_850,
  author =    {Doina Precup and Philip Bachman},
  title =     {Improved Estimation in Time Varying Models},
  booktitle = {Proceedings of the 29th International Conference on Machine Learning (ICML)},
  year =      {2012},
  pages=      {1735--1742}
}

@inproceedings{Lukas2022ICML,
  author       = {Lukas Wolf and
                  Ard Kastrati and
                  Martyna Beata Plomecka and
                  Jie{-}Ming Li and
                  Dustin Klebe and
                  Alexander Veicht and
                  Roger Wattenhofer and
                  Nicolas Langer},
  title        = {A Deep Learning Approach for the Segmentation of Electroencephalography
                  Data in Eye Tracking Applications},
  booktitle    = {International Conference on Machine Learning, {ICML}},
  pages        = {23912--23932},
  year         = {2022}
}

 @inproceedings{
afzal2024ICMLrest,
title={{REST}: Efficient and Accelerated {EEG} Seizure Analysis through Residual State Updates},
author={Arshia Afzal and Grigorios Chrysos and Volkan Cevher and Mahsa Shoaran},
booktitle={International Conference on Machine Learning, {ICML}},
year={2024},
pages={271 - 290}
}

@inproceedings{duan2023dewave,
  title={DeWave: Discrete Encoding of EEG Waves for EEG to Text Translation},
  author={Duan, Yiqun and Zhou, Charles and Wang, Zhen and Wang, Yu-Kai and Lin, Chin-teng},
  booktitle={Thirty-seventh Conference on Neural Information Processing Systems},
  Pages = {9907 - 9918},
  year={2023}
}


@article{pradeepkumar2024towards,
  title={Towards interpretable sleep stage classification using cross-modal transformers},
  author={Pradeepkumar, Jathurshan and Anandakumar, Mithunjha and Kugathasan, Vinith and Suntharalingham, Dhinesh and Kappel, Simon L and De Silva, Anjula C and Edussooriya, Chamira US},
  journal={IEEE Transactions on Neural Systems and Rehabilitation Engineering},
  year={2024},
  publisher={IEEE}
}

@article{phan2022sleeptransformer,
  title={Sleeptransformer: Automatic sleep staging with interpretability and uncertainty quantification},
  author={Phan, Huy and Mikkelsen, Kaare and Ch{\'e}n, Oliver Y and Koch, Philipp and Mertins, Alfred and De Vos, Maarten},
  journal={IEEE Transactions on Biomedical Engineering},
  volume={69},
  number={8},
  pages={2456--2467},
  year={2022},
  publisher={IEEE}
}

@article{NatNeuroscience2021,
author = {Li, Adam and Huynh, Chester and Fitzgerald, Zachary and Cajigas, Iahn and Brusko, Damian and Jagid, Jonathan and Claudio, Angel and Kanner, Andres and Hopp, Jennifer and Chen, Stephanie and Haagensen, Jennifer and Johnson, Emily and Anderson, William and Crone, Nathan and Inati, Sara and Zaghloul, Kareem and Bulacio, Juan and Gonzalez-Martinez, Jorge and Sarma, Sridevi},
year = {2021},
pages = {1-10},
title = {Neural fragility as an EEG marker of the seizure onset zone},
volume = {24},
journal = {Nature Neuroscience}
}

@article{OxfordBrain2019,
    author = {Conrad, Erin C and Tomlinson, Samuel B and Wong, Jeremy N and Oechsel, Kelly F and Shinohara, Russell T and Litt, Brian and Davis, Kathryn A and Marsh, Eric D},
    title = "{Spatial distribution of interictal spikes fluctuates over time and localizes seizure onset}",
    journal = {Brain},
    pages = {554-569},
    year = {2019}
}

@ARTICLE{Chen2023TNSRE,
  author={Chen, Zheng and Yang, Ziwei and Zhu, Lingwei and Chen, Wei and Tamura, Toshiyo and Ono, Naoaki and Altaf-Ul-Amin, Md and Kanaya, Shigehiko and Huang, Ming},
  journal={IEEE Transactions on Neural Systems and Rehabilitation Engineering}, 
  title={Automated Sleep Staging via Parallel Frequency-Cut Attention}, 
  year={2023},
  pages={1974-1985}
}

@article{jing2023development,
  title={Development of expert-level classification of seizures and rhythmic and periodic patterns during eeg interpretation},
  author={Jing, Jin and Ge, Wendong and Hong, Shenda and Fernandes, Marta Bento and Lin, Zhen and Yang, Chaoqi and An, Sungtae and Struck, Aaron F and Herlopian, Aline and Karakis, Ioannis and others},
  journal={Neurology},
  volume={100},
  number={17},
  pages={e1750--e1762},
  year={2023},
  publisher={AAN Enterprises}
}

@article{zhang2020investigation,
  title={An investigation of deep learning models for EEG-based emotion recognition},
  author={Zhang, Yaqing and Chen, Jinling and Tan, Jen Hong and Chen, Yuxuan and Chen, Yunyi and Li, Dihan and Yang, Lei and Su, Jian and Huang, Xin and Che, Wenliang},
  journal={Frontiers in neuroscience},
  volume={14},
  pages={622759},
  year={2020},
  publisher={Frontiers Media SA}
}

@article{sharma2022evolutionary,
  title={Evolutionary inspired approach for mental stress detection using EEG signal},
  author={Sharma, Lakhan Dev and Bohat, Vijay Kumar and Habib, Maria and Ala’M, Al-Zoubi and Faris, Hossam and Aljarah, Ibrahim},
  journal={Expert systems with applications},
  volume={197},
  pages={116634},
  year={2022},
  publisher={Elsevier}
}

@article{amin2019deep,
  title={Deep Learning for EEG motor imagery classification based on multi-layer CNNs feature fusion},
  author={Amin, Syed Umar and Alsulaiman, Mansour and Muhammad, Ghulam and Mekhtiche, Mohamed Amine and Hossain, M Shamim},
  journal={Future Generation computer systems},
  volume={101},
  pages={542--554},
  year={2019},
  publisher={Elsevier}
}

@article{touvron2023llama,
  title={Llama: Open and efficient foundation language models},
  author={Touvron, Hugo and Lavril, Thibaut and Izacard, Gautier and Martinet, Xavier and Lachaux, Marie-Anne and Lacroix, Timoth{\'e}e and Rozi{\`e}re, Baptiste and Goyal, Naman and Hambro, Eric and Azhar, Faisal and others},
  journal={arXiv preprint arXiv:2302.13971},
  year={2023}
}

@article{team2024gemma,
  title={Gemma 2: Improving open language models at a practical size},
  author={Team, Gemma and Riviere, Morgane and Pathak, Shreya and Sessa, Pier Giuseppe and Hardin, Cassidy and Bhupatiraju, Surya and Hussenot, L{\'e}onard and Mesnard, Thomas and Shahriari, Bobak and Ram{\'e}, Alexandre and others},
  journal={arXiv preprint arXiv:2408.00118},
  year={2024}
}

@article{jiang2023mistral,
  title={Mistral 7B},
  author={Jiang, Albert Q and Sablayrolles, Alexandre and Mensch, Arthur and Bamford, Chris and Chaplot, Devendra Singh and Casas, Diego de las and Bressand, Florian and Lengyel, Gianna and Lample, Guillaume and Saulnier, Lucile and others},
  journal={arXiv preprint arXiv:2310.06825},
  year={2023}
}

@article{song2020fast,
  title={Fast wordpiece tokenization},
  author={Song, Xinying and Salcianu, Alex and Song, Yang and Dopson, Dave and Zhou, Denny},
  journal={arXiv preprint arXiv:2012.15524},
  year={2020}
}

@article{devlin2018bert,
  title={Bert: Pre-training of deep bidirectional transformers for language understanding},
  author={Devlin, Jacob},
  journal={arXiv preprint arXiv:1810.04805},
  year={2018}
}

@article{gage1994new,
  title={A new algorithm for data compression},
  author={Gage, Philip},
  journal={The C Users Journal},
  volume={12},
  number={2},
  pages={23--38},
  year={1994},
  publisher={R \& D Publications, Inc. Lawrence, KS, USA}
}

@article{ansari2024chronos,
  title={Chronos: Learning the language of time series},
  author={Ansari, Abdul Fatir and Stella, Lorenzo and Turkmen, Caner and Zhang, Xiyuan and Mercado, Pedro and Shen, Huibin and Shchur, Oleksandr and Rangapuram, Syama Sundar and Arango, Sebastian Pineda and Kapoor, Shubham and others},
  journal={arXiv preprint arXiv:2403.07815},
  year={2024}
}

@inproceedings{rasul2023lag,
  title={Lag-llama: Towards foundation models for time series forecasting},
  author={Rasul, Kashif and Ashok, Arjun and Williams, Andrew Robert and Khorasani, Arian and Adamopoulos, George and Bhagwatkar, Rishika and Bilo{\v{s}}, Marin and Ghonia, Hena and Hassen, Nadhir and Schneider, Anderson and others},
  booktitle={R0-FoMo: Robustness of Few-shot and Zero-shot Learning in Large Foundation Models},
  year={2023}
}

@article{goswami2024moment,
  title={Moment: A family of open time-series foundation models},
  author={Goswami, Mononito and Szafer, Konrad and Choudhry, Arjun and Cai, Yifu and Li, Shuo and Dubrawski, Artur},
  journal={arXiv preprint arXiv:2402.03885},
  year={2024}
}

@article{woo2024unified,
  title={Unified training of universal time series forecasting transformers},
  author={Woo, Gerald and Liu, Chenghao and Kumar, Akshat and Xiong, Caiming and Savarese, Silvio and Sahoo, Doyen},
  journal={arXiv preprint arXiv:2402.02592},
  year={2024}
}

@inproceedings{lin2003symbolic,
  title={A symbolic representation of time series, with implications for streaming algorithms},
  author={Lin, Jessica and Keogh, Eamonn and Lonardi, Stefano and Chiu, Bill},
  booktitle={Proceedings of the 8th ACM SIGMOD workshop on Research issues in data mining and knowledge discovery},
  pages={2--11},
  year={2003}
}

@article{yang2024biot,
  title={Biot: Biosignal transformer for cross-data learning in the wild},
  author={Yang, Chaoqi and Westover, M and Sun, Jimeng},
  journal={Advances in Neural Information Processing Systems},
  volume={36},
  year={2024}
}

@inproceedings{
jiang2024large,
title={Large Brain Model for Learning Generic Representations with Tremendous {EEG} Data in {BCI}},
author={Weibang Jiang and Liming Zhao and Bao-liang Lu},
booktitle={The Twelfth International Conference on Learning Representations},
year={2024}
}

@article{zhang2024brant,
  title={Brant: Foundation model for intracranial neural signal},
  author={Zhang, Daoze and Yuan, Zhizhang and Yang, Yang and Chen, Junru and Wang, Jingjing and Li, Yafeng},
  journal={Advances in Neural Information Processing Systems},
  year={2024}
}

@article{achiam2023gpt,
  title={Gpt-4 technical report},
  author={Achiam, Josh and Adler, Steven and Agarwal, Sandhini and Ahmad, Lama and Akkaya, Ilge and Aleman, Florencia Leoni and Almeida, Diogo and Altenschmidt, Janko and Altman, Sam and Anadkat, Shyamal and others},
  journal={arXiv preprint arXiv:2303.08774},
  year={2023}
}

@inproceedings{mohammadi2024eeg2rep,
  title={Eeg2rep: enhancing self-supervised EEG representation through informative masked inputs},
  author={Mohammadi Foumani, Navid and Mackellar, Geoffrey and Ghane, Soheila and Irtza, Saad and Nguyen, Nam and Salehi, Mahsa},
  booktitle={Proceedings of the 30th ACM SIGKDD Conference on Knowledge Discovery and Data Mining},
  pages={5544--5555},
  year={2024}
}

@article{yi2024learning,
  title={Learning topology-agnostic eeg representations with geometry-aware modeling},
  author={Yi, Ke and Wang, Yansen and Ren, Kan and Li, Dongsheng},
  journal={Advances in Neural Information Processing Systems},
  volume={36},
  year={2024}
}



@article{iber2007aasm,
  title={The AASM manual for the scoring of sleep and associated events: rules, terminology, and technical specification},
  author={Iber, Conrad},
  journal={(No Title)},
  year={2007}
}

@article{niemic2004studies,
  title={Studies of emotion: a theoretical and empirical review of psychophysiological studies of emotion.},
  author={Niemic, Christopher},
  year={2004}
}

@article{noachtar2009role,
  title={The role of EEG in epilepsy: a critical review},
  author={Noachtar, Soheyl and R{\'e}mi, Jan},
  journal={Epilepsy \& Behavior},
  volume={15},
  number={1},
  pages={22--33},
  year={2009},
  publisher={Elsevier}
}

@article{kotoge2024splitsee,
  title={SplitSEE: A Splittable Self-supervised Framework for Single-Channel EEG Representation Learning},
  author={Kotoge, Rikuto and Chen, Zheng and Kimura, Tasuku and Matsubara, Yasuko and Yanagisawa, Takufumi and Kishima, Haruhiko and Sakurai, Yasushi},
  journal={arXiv preprint arXiv:2410.11200},
  year={2024}
}

@article{weng2024self,
  title={Self-supervised Learning for Electroencephalogram: A Systematic Survey},
  author={Weng, Weining and Gu, Yang and Guo, Shuai and Ma, Yuan and Yang, Zhaohua and Liu, Yuchen and Chen, Yiqiang},
  journal={arXiv preprint arXiv:2401.05446},
  year={2024}
}


@article{gao2024units,
  title={Units: Building a unified time series model},
  author={Gao, Shanghua and Koker, Teddy and Queen, Owen and Hartvigsen, Thomas and Tsiligkaridis, Theodoros and Zitnik, Marinka},
  journal={arXiv preprint arXiv:2403.00131},
  year={2024}
}

@article{van2017neural,
  title={Neural discrete representation learning},
  author={Van Den Oord, Aaron and Vinyals, Oriol and others},
  journal={Advances in neural information processing systems},
  volume={30},
  year={2017}
}

@article{vaswani2017attention,
  title={Attention is all you need},
  author={Vaswani, A},
  journal={Advances in Neural Information Processing Systems},
  year={2017}
}

@article{wang2020linformer,
  title={Linformer: Self-attention with linear complexity},
  author={Wang, Sinong and Li, Belinda Z and Khabsa, Madian and Fang, Han and Ma, Hao},
  journal={arXiv preprint arXiv:2006.04768},
  year={2020}
}
@inproceedings{katharopoulos2020transformers,
  title={Transformers are rnns: Fast autoregressive transformers with linear attention},
  author={Katharopoulos, Angelos and Vyas, Apoorv and Pappas, Nikolaos and Fleuret, Fran{\c{c}}ois},
  booktitle={International conference on machine learning},
  pages={5156--5165},
  year={2020},
  organization={PMLR}
}

@article{lu2021data,
  title={Data-efficient and weakly supervised computational pathology on whole-slide images},
  author={Lu, Ming Y and Williamson, Drew FK and Chen, Tiffany Y and Chen, Richard J and Barbieri, Matteo and Mahmood, Faisal},
  journal={Nature biomedical engineering},
  volume={5},
  number={6},
  pages={555--570},
  year={2021},
  publisher={Nature Publishing Group UK London}
}

@inproceedings{harati2015improved,
  title={Improved EEG event classification using differential energy},
  author={Harati, Amir and Golmohammadi, Meysam and Lopez, Silvia and Obeid, Iyad and Picone, Joseph},
  booktitle={2015 IEEE Signal Processing in Medicine and Biology Symposium (SPMB)},
  pages={1--4},
  year={2015},
  organization={IEEE}
}

@article{obeid2016temple,
  title={The temple university hospital EEG data corpus},
  author={Obeid, Iyad and Picone, Joseph},
  journal={Frontiers in neuroscience},
  volume={10},
  pages={196},
  year={2016},
  publisher={Frontiers Media SA}
}
@article{agarwal2025cosmos,
  title={Cosmos world foundation model platform for physical ai},
  author={Agarwal, Niket and Ali, Arslan and Bala, Maciej and Balaji, Yogesh and Barker, Erik and Cai, Tiffany and Chattopadhyay, Prithvijit and Chen, Yongxin and Cui, Yin and Ding, Yifan and others},
  journal={arXiv preprint arXiv:2501.03575},
  year={2025}
}
@article{hendrycks2016gaussian,
  title={Gaussian error linear units (gelus)},
  author={Hendrycks, Dan and Gimpel, Kevin},
  journal={arXiv preprint arXiv:1606.08415},
  year={2016}
}


@article{ge2021deep,
  title={Deep active learning for interictal ictal injury continuum EEG patterns},
  author={Ge, Wendong and Jing, Jin and An, Sungtae and Herlopian, Aline and Ng, Marcus and Struck, Aaron F and Appavu, Brian and Johnson, Emily L and Osman, Gamaleldin and Haider, Hiba A and others},
  journal={Journal of neuroscience methods},
  volume={351},
  pages={108966},
  year={2021},
  publisher={Elsevier}
}

@phdthesis{shoeb2009application,
  title={Application of machine learning to epileptic seizure onset detection and treatment},
  author={Shoeb, Ali Hossam},
  year={2009},
  school={Massachusetts Institute of Technology}
}

@inproceedings{lopez2015automated,
  title={Automated identification of abnormal adult EEGs},
  author={Lopez, Sebas and Suarez, G and Jungreis, D and Obeid, I and Picone, Joseph},
  booktitle={2015 IEEE signal processing in medicine and biology symposium (SPMB)},
  pages={1--5},
  year={2015},
  organization={IEEE}
}



%%%Park relatedworks Sec.2.3
%%%Park relatedworks Sec.2.3
%%%Park relatedworks Sec.2.3

@article{Zhi_Qin_John_Xu_2020_frequencyprinciple,
   title={Frequency Principle: Fourier Analysis Sheds Light on Deep Neural Networks},
   volume={28},
   number={5},
   journal={Communications in Computational Physics},
   author={Zhi-Qin John Xu, Zhi-Qin John Xu and Yaoyu Zhang, Yaoyu Zhang and Tao Luo, Tao Luo and Yanyang Xiao, Yanyang Xiao and Zheng Ma, Zheng Ma},
   year={2020}, 
   pages={1746–1767}
}

@article{time_frequency_decomposition_1998,
  author={Huang Norden E Shen Zheng, Long Steven R Wu Manli C Shih Hsing H Zheng Quanan Yen Nai-Chyuan Tung Chi Chao and Liu Henry H},
  journal={Proceedings of the Royal Society of London. Series A: mathematical, physical, and engineering sciences}, 
  title={The Empirical Mode Decomposition and the Hilbert Spectrum for Nonlinear and Non-stationary Time Series Analysis}, 
  year={1998},
  pages={903-995}
}

@article{almost_harmonics_2020,
  author={Elvander, Filip and Jakobsson, Andreas},
  year={2020},
  title={Defining Fundamental Frequency for Almost Harmonic Signals},
  journal={IEEE TRANSACTIONS ON SIGNAL PROCESSING}
}

@article{long_and_short_SiGIR18,
  author={Lai, Guokun and Chang, Wei-Cheng and Yang, Yiming and Liu, Hanxiao},
  title={Modeling Long- and Short-Term Temporal Patterns with Deep Neural Networks},
  year={2018},
  booktitle={The International ACM SIGIR Conference on Research \& Development in Information Retrieval},
  pages={95–104},
}

@article{logtrans2019,
  author={Li, Shiyang and Jin, Xiaoyong and Xuan, Yao and Zhou, Xiyou and Chen, Wenhu and Wang, Yu-Xiang and Yan, Xifeng},
  title={Enhancing the Locality and Breaking the Memory Bottleneck of Transformer on Time Series Forecasting},
  year={2019},
  booktitle={Proceedings of the 33rd International Conference on Neural Information Processing Systems},
}

@article{Timesnet,
  title={TimesNet: Temporal 2D-Variation Modeling for General Time Series Analysis},
  author={Haixu Wu and Tengge Hu and Yong Liu and Hang Zhou and Jianmin Wang and Mingsheng Long},
  booktitle={International Conference on Learning Representations},
  year={2023},
}

@article{Autoformer,
  title={Autoformer: Decomposition Transformers with Auto-Correlation for Long-Term Series Forecasting},
  author={Haixu Wu and Jiehui Xu and Jianmin Wang and Mingsheng Long},
  booktitle={Advances in Neural Information Processing Systems},
  year={2021}
}

@article{Etsformer,
  title={ETSformer: Exponential Smoothing Transformers for Time-series Forecasting},
  author={Gerald Woo and Chenghao Liu and Doyen Sahoo and Akshat Kumar and Steven C. H. Hoi},
  year={2022},
  archivePrefix={arXiv}
}

@article{ICMLFedformer,
  title={FEDformer: Frequency Enhanced Decomposed Transformer for Long-term Series Forecasting},
  author={Zhou, Tian and Ma, Ziqing and Wen, Qingsong and Wang, Xue and Sun, Liang and Jin, Rong},
  booktitle={Proc. 39th International Conference on Machine Learning},
  pages={1-12},
  year={2022}
}

@article{antioversmooth_2022_ICLR,
  title={Anti-Oversmoothing in Deep Vision Transformers via the Fourier Domain Analysis: From Theory to Practice},
  author={Wang, Peihao and Zheng, Wenqing and Chen, Tianlong and Wang, Zhangyang},
  booktitle={International Conference on Learning Representations},
  year={2022}
}

@article{howTransWork_2022_ICLR,
  title={How Do Vision Transformers Work?},
  author={Namuk Park and Songkuk Kim},
  booktitle={International Conference on Learning Representations},
  year={2022}
}

@article{NIPS2023scan,
  title={Scan and Snap: Understanding Training Dynamics and Token Composition in 1-layer Transformer}, 
  author={Yuandong Tian and Yiping Wang and Beidi Chen and Simon Du},
  booktitle={Advances in Neural Information Processing Systems},
  year={2023}
}

@article{contranorm_2023_ICLR,
  title={ContraNorm: A Contrastive Learning Perspective on Oversmoothing and Beyond},
  author={Xiaojun Guo and Yifei Wang and Tianqi Du and Yisen Wang},
  booktitle={The Eleventh International Conference on Learning Representations},
  year={2023}
}

@article{app_elec,
  author={Crespo Cuaresma, Jesus and Hlouskova, Jaroslava and Kossmeier, Stephan and Obersteiner, Michael},
  year={2004},
  pages={87-106},
  title={Forecasting Electricity Spot-Prices Using Linear Univariate Time-Series Models},
  volume={77},
  journal={Applied Energy}
}

@article{financialsupoort,
  title={Multifractal Detrended Fluctuation Analysis: Practical Applications to Financial Time Series},
  journal={Mathematics and Computers in Simulation},
  volume={126},
  pages={63-88},
  year={2016},
  author={James R. Thompson and James R. Wilson}
}

@article{Waterresearch2023,
  title={High-frequency Sensor Data Capture Short-term Variability In Fe and Mn Concentrations Due to Hypolimnetic Oxygenation and Seasonal Dynamics in a Drinking Water Reservoir},
  journal={Water Research},
  volume={240},
  year={2023},
  author={Nicholas W. Hammond and François Birgand and Cayelan C. Carey and Bethany Bookout and Adrienne Breef-Pilz and Madeline E. Schreiber}
}

@article{VLDB2002StatStream,
  title={StatStream: Statistical Monitoring of Thousands of Data Streams in Real Time},
  booktitle={Proceedings of the 28th International Conference on Very Large Databases},
  pages={358-369},
  year={2002},
  author={Yunyue Zhu and Dennis Shasha}
}

@inproceedings{Piao2024fredformer,
  title={Fredformer: Frequency Debiased Transformer for Time Series Forecasting},
  author={Xihao Piao and Zheng Chen and Taichi Murayama and Yasuko Matsubara and Yasushi Sakurai},
  booktitle={Proceedings of the 30th ACM SIGKDD Conference on Knowledge Discovery and Data Mining},
  series = {KDD '24},
  year={2024}
}

@article{nguyen2023mitigating_oversmoothing,
  title={Mitigating over-smoothing in transformers via regularized nonlocal functionals},
  author={Nguyen, Tam and Nguyen, Tan and Baraniuk, Richard},
  journal={Advances in Neural Information Processing Systems},
  volume={36},
  pages={80233--80256},
  year={2023}
}

@inproceedings{yin2024textgt_oversmoothing,
  title={TextGT: A Double-View Graph Transformer on Text for Aspect-Based Sentiment Analysis},
  author={Yin, Shuo and Zhong, Guoqiang},
  booktitle={Proceedings of the AAAI Conference on Artificial Intelligence},
  volume={38},
  number={17},
  pages={19404--19412},
  year={2024}
}

@article{wang2024larp,
  title={Larp: Tokenizing videos with a learned autoregressive generative prior},
  author={Wang, Hanyu and Suri, Saksham and Ren, Yixuan and Chen, Hao and Shrivastava, Abhinav},
  journal={arXiv preprint arXiv:2410.21264},
  year={2024}
}

@article{dar2020cnn,
  title={CNN and LSTM-based emotion charting using physiological signals},
  author={Dar, Muhammad Najam and Akram, Muhammad Usman and Khawaja, Sajid Gul and Pujari, Amit N},
  journal={Sensors},
  volume={20},
  number={16},
  pages={4551},
  year={2020},
  publisher={MDPI}
}

@article{cui2020eeg,
  title={EEG-based emotion recognition using an end-to-end regional-asymmetric convolutional neural network},
  author={Cui, Heng and Liu, Aiping and Zhang, Xu and Chen, Xiang and Wang, Kongqiao and Chen, Xun},
  journal={Knowledge-Based Systems},
  volume={205},
  pages={106243},
  year={2020},
  publisher={Elsevier}
}

@article{biswal2018expert,
  title={Expert-level sleep scoring with deep neural networks},
  author={Biswal, Siddharth and Sun, Haoqi and Goparaju, Balaji and Westover, M Brandon and Sun, Jimeng and Bianchi, Matt T},
  journal={Journal of the American Medical Informatics Association},
  volume={25},
  number={12},
  pages={1643--1650},
  year={2018},
  publisher={Oxford University Press}
}


@article{xu2020one,
  title={A one-dimensional CNN-LSTM model for epileptic seizure recognition using EEG signal analysis},
  author={Xu, Gaowei and Ren, Tianhe and Chen, Yu and Che, Wenliang},
  journal={Frontiers in neuroscience},
  volume={14},
  pages={578126},
  year={2020},
  publisher={Frontiers Media SA}
}


@article{eldele2021time,
  title={Time-series representation learning via temporal and contextual contrasting},
  author={Eldele, Emadeldeen and Ragab, Mohamed and Chen, Zhenghua and Wu, Min and Kwoh, Chee Keong and Li, Xiaoli and Guan, Cuntai},
  journal={arXiv preprint arXiv:2106.14112},
  year={2021}
}

@article{zhang2022self,
  title={Self-supervised contrastive pre-training for time series via time-frequency consistency},
  author={Zhang, Xiang and Zhao, Ziyuan and Tsiligkaridis, Theodoros and Zitnik, Marinka},
  journal={Advances in Neural Information Processing Systems},
  volume={35},
  pages={3988--4003},
  year={2022}
}

@article{kostas2021bendr,
  title={BENDR: Using transformers and a contrastive self-supervised learning task to learn from massive amounts of EEG data},
  author={Kostas, Demetres and Aroca-Ouellette, Stephane and Rudzicz, Frank},
  journal={Frontiers in Human Neuroscience},
  volume={15},
  pages={653659},
  year={2021},
  publisher={Frontiers Media SA}
}

@article{chien2022maeeg,
  title={Maeeg: Masked auto-encoder for eeg representation learning},
  author={Chien, Hsiang-Yun Sherry and Goh, Hanlin and Sandino, Christopher M and Cheng, Joseph Y},
  journal={arXiv preprint arXiv:2211.02625},
  year={2022}
}

@article{liu2024eeg2text,
  title={EEG2TEXT: Open Vocabulary EEG-to-Text Decoding with EEG Pre-Training and Multi-View Transformer},
  author={Liu, Hanwen and Hajialigol, Daniel and Antony, Benny and Han, Aiguo and Wang, Xuan},
  journal={arXiv preprint arXiv:2405.02165},
  year={2024}
}

@inproceedings{wang2022open,
  title={Open vocabulary electroencephalography-to-text decoding and zero-shot sentiment classification},
  author={Wang, Zhenhailong and Ji, Heng},
  booktitle={Proceedings of the AAAI Conference on Artificial Intelligence},
  volume={36},
  number={5},
  pages={5350--5358},
  year={2022}
}

@article{wang2024enhancing,
  title={Enhancing EEG-to-Text Decoding through Transferable Representations from Pre-trained Contrastive EEG-Text Masked Autoencoder},
  author={Wang, Jiaqi and Song, Zhenxi and Ma, Zhengyu and Qiu, Xipeng and Zhang, Min and Zhang, Zhiguo},
  journal={arXiv preprint arXiv:2402.17433},
  year={2024}
}


@inproceedings{peh2022transformer,
  title={Transformer convolutional neural networks for automated artifact detection in scalp EEG},
  author={Peh, Wei Yan and Yao, Yuanyuan and Dauwels, Justin},
  booktitle={2022 44th Annual International Conference of the IEEE Engineering in Medicine \& Biology Society (EMBC)},
  pages={3599--3602},
  year={2022},
  organization={IEEE}
}

@article{li2022motor,
  title={Motor imagery EEG classification algorithm based on CNN-LSTM feature fusion network},
  author={Li, Hongli and Ding, Man and Zhang, Ronghua and Xiu, Chunbo},
  journal={Biomedical signal processing and control},
  volume={72},
  pages={103342},
  year={2022},
  publisher={Elsevier}
}

@article{song2021transformer,
  title={Transformer-based spatial-temporal feature learning for EEG decoding},
  author={Song, Yonghao and Jia, Xueyu and Yang, Lie and Xie, Longhan},
  journal={arXiv preprint arXiv:2106.11170},
  year={2021}
}

@inproceedings{pradeepkumar2021decoding,
  title={Decoding of hand gestures from electrocorticography with LSTM based deep neural network},
  author={Pradeepkumar, Jathurshan and Anandakumar, Mithunjha and Kugathasan, Vinith and Lalitharatne, Thilina D and De Silva, Anjula C and Kappel, Simon L},
  booktitle={2021 43rd Annual International Conference of the IEEE Engineering in Medicine \& Biology Society (EMBC)},
  pages={420--423},
  year={2021},
  organization={IEEE}
}

@article{xu2023rebar,
  title={Rebar: Retrieval-based reconstruction for time-series contrastive learning},
  author={Xu, Maxwell A and Moreno, Alexander and Wei, Hui and Marlin, Benjamin M and Rehg, James M},
  journal={arXiv preprint arXiv:2311.00519},
  year={2023}
}

%%%Park relatedworks Sec.2.3
%%%Park relatedworks Sec.2.3
%%%Park relatedworks Sec.2.3