@inproceedings{Andre2015,
author = {André, Rémi and Trainini, Tual and Luciani, Xavier and Moreau, Eric},
year = {2015},
month = {08},
pages = {1316-1320},
title = {A fast algorithm for joint eigenvalue decomposition of real matrices},
}

@article{Kamani2022,
author = {Kamani, Mohammad Mahdi and Haddadpour, Farzin and Forsati, Rana and Mahdavi, Mehrdad},
year = {2022},
month = {01},
pages = {1-32},
title = {Efficient fair principal component analysis},
volume = {111},
journal = {Machine Learning},
}

@inproceedings{Lee2022,
author = {Lee, Junghyun and Kim, Gwangsu and Olfat, Mahbod and Hasegawa-Johnson, Mark and Yoo, Chang},
year = {2022},
month = {06},
pages = {7363-7371},
title = {Fast and Efficient MMD-Based Fair PCA via Optimization over Stiefel Manifold},
volume = {36},
journal = {AAAI},
}

@inproceedings{Lee2024,
author = {Lee, Junghyun and Cho, Hanseul and Yun, Se-Young and Yun, Chulhee},
year = {2024},
month = {05},
pages = {},
title = {Fair Streaming Principal Component Analysis: Statistical and Algorithmic Viewpoint}
}

@inproceedings{Luciani2010,
author = {Luciani, Xavier and Albera, Laurent},
year = {2010},
month = {09},
pages = {555-562},
title = {Joint Eigenvalue Decomposition Using Polar Matrix Factorization},
volume = {6365},
}

@article{Mesloub2013,
author = {Mesloub, Ammar and abed-meraim, Karim and Belouchrani, Adel},
year = {2013},
month = {06},
pages = {},
title = {A New Algorithm for Complex Non-Orthogonal Joint Diagonalization Based on Shear and Givens Rotations},
volume = {62},
journal = {IEEE Transactions on Signal Processing},
}

@inproceedings{Mesloub2018,
author = {Mesloub, Ammar and Belouchrani, Adel and abed-meraim, Karim},
year = {2018},
month = {09},
pages = {1247-1251},
title = {Efficient and Stable Joint Eigenvalue Decomposition Based on Generalized Givens Rotations},
}

@inproceedings{Olfat2019,
author = {Olfat, Matt and Aswani, Anil},
title = {Convex formulations for fair principal component analysis},
year = {2019},
booktitle = {Proceedings of the Thirty-Third AAAI Conference on Artificial Intelligence},
articleno = {82},
series = {AAAI'19/IAAI'19/EAAI'19}
}

@article{Pelegrina2023,
author = {Pelegrina, Guilherme and Duarte, Leonardo},
year = {2023},
month = {01},
pages = {1-12},
title = {A Novel Approach for Fair Principal Component Analysis Based on Eigendecomposition},
volume = {PP},
journal = {IEEE Transactions on Artificial Intelligence},
}

@article{Remi2020,
author = {André, Rémi and Luciani, Xavier and Moreau, Eric},
year = {2020},
month = {02},
pages = {1-1},
title = {Joint EigenValue Decomposition Algorithms Based on First-Order Taylor Expansion},
volume = {PP},
journal = {IEEE Transactions on Signal Processing},
}

@inproceedings{Samadi2018,
    author = {S. Samadi and U. T. Tantipongpipat and J. Morgenstern and M. Singh and and S. S. Vempala},
    title = {The Price of Fair PCA: One Extra Dimension},
    booktitle = {Proceedings of Neural Information Processing Systems},
    year = {2018},
}

