@book{10.5555/2621980, author = {Shalev-Shwartz, Shai and Ben-David, Shai}, title = {Understanding Machine Learning: From Theory to Algorithms}, year = {2014}, isbn = {1107057132}, publisher = {Cambridge University Press}, address = {USA}, 
}

@book{doi:10.1137/1.9781421407944,
author = {Golub, Gene H. and Van Loan, Charles F.},
title = {Matrix Computations - 4th Edition},
publisher = {Johns Hopkins University Press},
year = {2013},
}


@unknown{unknown,
author = {Kleindessner, Matthäus and Donini, Michele and Russell, Chris and Zafar, Muhammad},
year = {2023},
month = {02},
pages = {},
title = {Efficient fair PCA for fair representation learning},
}


@article{c2b0b5419f17418caad1f85e147da714,
title = "Efficient fair principal component analysis",
author = "Kamani, {Mohammad Mahdi} and Farzin Haddadpour and Rana Forsati and Mehrdad Mahdavi",
year = "2022",
month = oct,
volume = "111",
pages = "3671--3702",
journal = "Machine Learning",
number = "10",
}


@inproceedings{inproceedings,
title = {Fast and Efficient MMD-based Fair PCA via Optimization over Stiefel Manifold},
author = {Lee, Junghyun and Kim, Gwangsu and Olfat, Mahbod and Hasegawa-Johnson, Mark and Yoo, Chang},
year = {2022},
month = {06},
pages = {7363-7371},
volume = {36},
journal = {AAAI},
}

@INPROCEEDINGS{9892809,
author={Pelegrina, Guilherme D. and Brotto, Renan D. B. and Duarte, Leonardo T. and Attux, Romis and Romano, João M. T.},
booktitle={2022 International Joint Conference on Neural Networks (IJCNN)}, 
title={Analysis of Trade-offs in Fair Principal Component Analysis Based on Multi-objective Optimization}, 
year={2022},
volume={},
number={},
pages={1-8},
}



@misc{angwin2016compas,
  author       = {Julia Angwin and Jeff Larson and Surya Mattu and Lauren Kirchner},
  title        = {Machine Bias},
  howpublished = {\url{https://www.propublica.org/article/machine-bias-risk-assessments-in-criminal-sentencing}},
  year         = {2016},
}

@inproceedings{zafar2015,
    author = {M. Zafar and I. Valera and M. Rodriguez and K.P. Gummadi},
    title = {Fairness Constraints: A Mechanism for Fair Classification},
    booktitle = {Proceedings of the 21st ACM SIGKDD International Conference on Knowledge Discovery and Data Mining},
    year = {2015}, 
}

@article{c2b0b5419f17418caad1f85e147da714,
title = "Efficient fair principal component analysis",
year = "2022",
month = oct,
volume = "111",
pages = "3671--3702",
journal = "Machine Learning",
number = "10",
}


@inproceedings{Lipton2017DoesMM,
  title={Does mitigating ML's impact disparity require treatment disparity?},
  author={Zachary Chase Lipton and Julian McAuley and Alexandra Chouldechova},
  booktitle={Neural Information Processing Systems},
  year={2017},
}
@inproceedings{agarwal2018,
    author = {A. Agarwal and A. Beygelzimer and M. Dudík and J. Langford and H. Wallach},
    title = {A Reductions Approach to Fair Classification},
    booktitle = {ICML},
    year = {2018},
}


@article{Pelegrina2023,
author = {Pelegrina, Guilherme and Duarte, Leonardo},
year = {2023},
month = {01},
pages = {1-12},
title = {A Novel Approach for Fair Principal Component Analysis Based on Eigendecomposition},
volume = {PP},
journal = {IEEE Transactions on Artificial Intelligence},
}

@inproceedings{Pelegrina2022,
author = {Pelegrina, Guilherme and Brotto, Renan and Duarte, Leonardo and Attux, Romis and Romano, João},
year = {2022},
month = {07},
pages = {1-8},
title = {Analysis of Trade-offs in Fair Principal Component Analysis Based on Multi-objective Optimization},
}

@inproceedings{Olfat2019,
author = {Olfat, Matt and Aswani, Anil},
title = {Convex formulations for fair principal component analysis},
year = {2019},
booktitle = {Proceedings of the Thirty-Third AAAI Conference on Artificial Intelligence},
articleno = {82},
series = {AAAI'19/IAAI'19/EAAI'19}
}

@article{Kleindessner2023EfficientFP,
  title={Efficient fair PCA for fair representation learning},
  author={Matth{\"a}us Kleindessner and Michele Donini and Chris Russell and Muhammad Bilal Zafar},
  journal={ArXiv},
  year={2023},
  volume={abs/2302.13319},
}

@article{Kamani2022,
author = {Kamani, Mohammad Mahdi and Haddadpour, Farzin and Forsati, Rana and Mahdavi, Mehrdad},
year = {2022},
month = {01},
pages = {1-32},
title = {Efficient fair principal component analysis},
volume = {111},
journal = {Machine Learning},
}

@inproceedings{Lee2024,
author = {Lee, Junghyun and Cho, Hanseul and Yun, Se-Young and Yun, Chulhee},
year = {2024},
month = {05},
pages = {},
title = {Fair Streaming Principal Component Analysis: Statistical and Algorithmic Viewpoint}
}

@inproceedings{Lee2022,
author = {Lee, Junghyun and Kim, Gwangsu and Olfat, Mahbod and Hasegawa-Johnson, Mark and Yoo, Chang},
year = {2022},
month = {06},
pages = {7363-7371},
title = {Fast and Efficient MMD-Based Fair PCA via Optimization over Stiefel Manifold},
volume = {36},
journal = {AAAI},
}

@inproceedings{hardt2016,
    author = {M. Hardt and E. Price and N. Srebro},
    title = {Equality of Opportunity in Supervised Learning},
    booktitle = {Proceedings of the 30th International Conference on Neural Information Processing Systems},
    year = {2016},
}

@inproceedings{Samadi2018,
    author = {S. Samadi and U. T. Tantipongpipat and J. Morgenstern and M. Singh and and S. S. Vempala},
    title = {The Price of Fair PCA: One Extra Dimension},
    booktitle = {Proceedings of Neural Information Processing Systems},
    year = {2018},
}

@inproceedings{Luciani2010,
author = {Luciani, Xavier and Albera, Laurent},
year = {2010},
month = {09},
pages = {555-562},
title = {Joint Eigenvalue Decomposition Using Polar Matrix Factorization},
volume = {6365},
}

@article{Remi2020,
author = {André, Rémi and Luciani, Xavier and Moreau, Eric},
year = {2020},
month = {02},
pages = {1-1},
title = {Joint EigenValue Decomposition Algorithms Based on First-Order Taylor Expansion},
volume = {PP},
journal = {IEEE Transactions on Signal Processing},
}

@inproceedings{Mesloub2018,
author = {Mesloub, Ammar and Belouchrani, Adel and abed-meraim, Karim},
year = {2018},
month = {09},
pages = {1247-1251},
title = {Efficient and Stable Joint Eigenvalue Decomposition Based on Generalized Givens Rotations},
}

@article{Mesloub2013,
author = {Mesloub, Ammar and abed-meraim, Karim and Belouchrani, Adel},
year = {2013},
month = {06},
pages = {},
title = {A New Algorithm for Complex Non-Orthogonal Joint Diagonalization Based on Shear and Givens Rotations},
volume = {62},
journal = {IEEE Transactions on Signal Processing},
}

@inproceedings{Andre2015,
author = {André, Rémi and Trainini, Tual and Luciani, Xavier and Moreau, Eric},
year = {2015},
month = {08},
pages = {1316-1320},
title = {A fast algorithm for joint eigenvalue decomposition of real matrices},
}

@misc{national_poll_on_healthy_aging_(npha)_936,
  title        = {{National Poll on Healthy Aging (NPHA)}},
  year         = {2017},
  howpublished = {UCI Machine Learning Repository},
  note         = {{DOI}: https://doi.org/10.3886/ICPSR37305.v1}
}

@misc{estimation_of_obesity_levels_based_on_eating_habits_and_physical_condition__544,
  title        = {{Estimation of Obesity Levels Based On Eating Habits and Physical Condition }},
  year         = {2019},
  howpublished = {UCI Machine Learning Repository},
}

@misc{predict_students'_dropout_and_academic_success_697,
  author       = {Realinho, Valentim, Vieira Martins, Mónica, Machado, Jorge, and Baptista, Luís},
  title        = {{Predict Students' Dropout and Academic Success}},
  year         = {2021},
  howpublished = {UCI Machine Learning Repository},
  note         = {{DOI}: https://doi.org/10.24432/C5MC89}
}

@Inbook{Jolliffe2011,
author="Jolliffe, Ian",
title="Principal Component Analysis",
bookTitle="International Encyclopedia of Statistical Science",
year="2011",
publisher="Springer Berlin Heidelberg",
pages="1094--1096",
}


@misc{pelegrina_2023,
  author    = {Guilherme Pelegrina},
  title     = {Datasets for Fair PCA (FPCA)},
  year      = {2023},
  url       = {https://github.com/GuilhermePelegrina/Datasets/tree/main/FPCA},
}


@misc{teboul_2023,
  author    = {Alex Teboul},
  title     = {Diabetes Health Indicators Dataset},
  year      = {2023},
  url       = {https://www.kaggle.com/datasets/alexteboul/diabetes-health-indicators-dataset},
  note      = {Accessed: 2024-12-01}
}


@misc{turing_bias_facial_recognition,
  author       = {The Turing Institute},
  title        = {Understanding Bias in Facial Recognition Technology},
  year         = {2020},
}
 % url          = {https://www.turing.ac.uk/sites/default/files/2020-10/understanding_bias_in_facial_recognition_technology.pdf},
  note         = {Accessed: 2024-12-01}
}

@misc{ghojogh2023,
      title={Eigenvalue and Generalized Eigenvalue Problems: Tutorial}, 
      author={Benyamin Ghojogh and Fakhri Karray and Mark Crowley},
      year={2023},
      eprint={1903.11240},
      archivePrefix={arXiv},
      primaryClass={stat.ML},
      url={https://arxiv.org/abs/1903.11240}, 
}
