@article{allen2019learning,
  title={Learning and generalization in overparameterized neural networks, going beyond two layers},
  author={Allen-Zhu, Zeyuan and Li, Yuanzhi and Liang, Yingyu},
  journal={Advances in neural information processing systems},
  volume={32},
  year={2019}
}

@article{awasthi2024best,
  title={Best-effort adaptation},
  author={Awasthi, Pranjal and Cortes, Corinna and Mohri, Mehryar},
  journal={Annals of Mathematics and Artificial Intelligence},
  volume={92},
  number={2},
  pages={393--438},
  year={2024},
  publisher={Springer}
}

@inproceedings{bakshi2019learning,
  title={Learning two layer rectified neural networks in polynomial time},
  author={Bakshi, Ainesh and Jayaram, Rajesh and Woodruff, David P},
  booktitle={Conference on Learning Theory},
  pages={195--268},
  year={2019},
  organization={PMLR}
}

@article{ben2006analysis,
  title={Analysis of representations for domain adaptation},
  author={Ben-David, Shai and Blitzer, John and Crammer, Koby and Pereira, Fernando},
  journal={Advances in neural information processing systems},
  volume={19},
  year={2006}
}

@article{ben2010theory,
  title={A theory of learning from different domains},
  author={Ben-David, Shai and Blitzer, John and Crammer, Koby and Kulesza, Alex and Pereira, Fernando and Vaughan, Jennifer Wortman},
  journal={Machine learning},
  volume={79},
  pages={151--175},
  year={2010},
  publisher={Springer}
}

@article{blitzer2007learning,
  title={Learning bounds for domain adaptation},
  author={Blitzer, John and Crammer, Koby and Kulesza, Alex and Pereira, Fernando and Wortman, Jennifer},
  journal={Advances in neural information processing systems},
  volume={20},
  year={2007}
}

@inproceedings{brutzkus2017globally,
  title={Globally optimal gradient descent for a convnet with gaussian inputs},
  author={Brutzkus, Alon and Globerson, Amir},
  booktitle={International conference on machine learning},
  pages={605--614},
  year={2017},
  organization={PMLR}
}

@article{chandrasekaran2024efficient,
  title={Efficient Discrepancy Testing for Learning with Distribution Shift},
  author={Chandrasekaran, Gautam and Klivans, Adam R and Kontonis, Vasilis and Stavropoulos, Konstantinos and Vasilyan, Arsen},
  journal={arXiv preprint arXiv:2406.09373},
  year={2024}
}

@article{chen2022hardness,
  title={Hardness of noise-free learning for two-hidden-layer neural networks},
  author={Chen, Sitan and Gollakota, Aravind and Klivans, Adam and Meka, Raghu},
  journal={Advances in Neural Information Processing Systems},
  volume={35},
  pages={10709--10724},
  year={2022}
}

@inproceedings{chen2022learning,
  title={Learning deep relu networks is fixed-parameter tractable},
  author={Chen, Sitan and Klivans, Adam R and Meka, Raghu},
  booktitle={2021 IEEE 62nd Annual Symposium on Foundations of Computer Science (FOCS)},
  pages={696--707},
  year={2022},
  organization={IEEE}
}

@inproceedings{chen2023learning,
  title={Learning narrow one-hidden-layer relu networks},
  author={Chen, Sitan and Dou, Zehao and Goel, Surbhi and Klivans, Adam and Meka, Raghu},
  booktitle={The Thirty Sixth Annual Conference on Learning Theory},
  pages={5580--5614},
  year={2023},
  organization={PMLR}
}

@inproceedings{david2010impossibility,
  title={Impossibility theorems for domain adaptation},
  author={David, Shai Ben and Lu, Tyler and Luu, Teresa and P{\'a}l, D{\'a}vid},
  booktitle={Proceedings of the Thirteenth International Conference on Artificial Intelligence and Statistics},
  pages={129--136},
  year={2010},
  organization={JMLR Workshop and Conference Proceedings}
}

@inproceedings{diakonikolas2020algorithms,
  title={Algorithms and sq lower bounds for pac learning one-hidden-layer relu networks},
  author={Diakonikolas, Ilias and Kane, Daniel M and Kontonis, Vasilis and Zarifis, Nikos},
  booktitle={Conference on Learning Theory},
  pages={1514--1539},
  year={2020},
  organization={PMLR}
}

@inproceedings{diakonikolas2020approximation,
  title={Approximation schemes for relu regression},
  author={Diakonikolas, Ilias and Goel, Surbhi and Karmalkar, Sushrut and Klivans, Adam R and Soltanolkotabi, Mahdi},
  booktitle={Conference on learning theory},
  pages={1452--1485},
  year={2020},
  organization={PMLR}
}

@article{diakonikolas2020near,
  title={Near-optimal sq lower bounds for agnostically learning halfspaces and relus under gaussian marginals},
  author={Diakonikolas, Ilias and Kane, Daniel and Zarifis, Nikos},
  journal={Advances in Neural Information Processing Systems},
  volume={33},
  pages={13586--13596},
  year={2020}
}

@inproceedings{diakonikolas2022learning,
  title={Learning a single neuron with adversarial label noise via gradient descent},
  author={Diakonikolas, Ilias and Kontonis, Vasilis and Tzamos, Christos and Zarifis, Nikos},
  booktitle={Conference on Learning Theory},
  pages={4313--4361},
  year={2022},
  organization={PMLR}
}

@article{diakonikolas2023efficient,
  title={Efficient testable learning of halfspaces with adversarial label noise},
  author={Diakonikolas, Ilias and Kane, Daniel and Kontonis, Vasilis and Liu, Sihan and Zarifis, Nikos},
  journal={Advances in Neural Information Processing Systems},
  volume={36},
  year={2023}
}

@inproceedings{diakonikolas2024efficiently,
  title={Efficiently Learning One-Hidden-Layer ReLU Networks via SchurPolynomials},
  author={Diakonikolas, Ilias and Kane, Daniel M},
  booktitle={The Thirty Seventh Annual Conference on Learning Theory},
  pages={1364--1378},
  year={2024},
  organization={PMLR}
}

@inproceedings{diakonikolas2024testable,
  title={Testable Learning of General Halfspaces with Adversarial Label Noise},
  author={Diakonikolas, Ilias and Kane, Daniel and Liu, Sihan and Zarifis, Nikos},
  booktitle={The Thirty Seventh Annual Conference on Learning Theory},
  pages={1308--1335},
  year={2024},
  organization={PMLR}
}

@inproceedings{du2018convolutional,
  title={When is a convolutional filter easy to learn?},
  author={Du, Simon S and Lee, Jason D and Tian, Yuandong},
  booktitle={6th International Conference on Learning Representations, ICLR 2018},
  year={2018}
}

@inproceedings{gao2019learning,
  title={Learning one-hidden-layer neural networks under general input distributions},
  author={Gao, Weihao and Makkuva, Ashok V and Oh, Sewoong and Viswanath, Pramod},
  booktitle={The 22nd International Conference on Artificial Intelligence and Statistics},
  pages={1950--1959},
  year={2019},
  organization={PMLR}
}

@inproceedings{ge2018learning,
  title={Learning one-hidden-layer neural networks with landscape design},
  author={Ge, Rong and Lee, Jason D and Ma, Tengyu},
  booktitle={6th International Conference on Learning Representations, ICLR 2018},
  year={2018}
}

@inproceedings{ge2019learning,
  title={Learning Two-Layer Neural Networks with Symmetric Inputs},
  author={Ge, Rong and Kuditipudi, Rohith and Li, Zhize and Wang, Xiang},
  booktitle={International Conference on Learning Representations},
  year={2019}
}

@inproceedings{goel2018learning,
  title={Learning one convolutional layer with overlapping patches},
  author={Goel, Surbhi and Klivans, Adam and Meka, Raghu},
  booktitle={International conference on machine learning},
  pages={1783--1791},
  year={2018},
  organization={PMLR}
}

@inproceedings{goel2019learning,
  title={Learning neural networks with two nonlinear layers in polynomial time},
  author={Goel, Surbhi and Klivans, Adam R},
  booktitle={Conference on Learning Theory},
  pages={1470--1499},
  year={2019},
  organization={PMLR}
}

@article{goel2020statistical,
  title={Statistical-query lower bounds via functional gradients},
  author={Goel, Surbhi and Gollakota, Aravind and Klivans, Adam},
  journal={Advances in Neural Information Processing Systems},
  volume={33},
  pages={2147--2158},
  year={2020}
}

@inproceedings{goel2020superpolynomial,
  title={Superpolynomial lower bounds for learning one-layer neural networks using gradient descent},
  author={Goel, Surbhi and Gollakota, Aravind and Jin, Zhihan and Karmalkar, Sushrut and Klivans, Adam},
  booktitle={International Conference on Machine Learning},
  pages={3587--3596},
  year={2020},
  organization={PMLR}
}

@article{goel2024tolerant,
  title={Tolerant Algorithms for Learning with Arbitrary Covariate Shift},
  author={Goel, Surbhi and Shetty, Abhishek and Stavropoulos, Konstantinos and Vasilyan, Arsen},
  journal={arXiv preprint arXiv:2406.02742},
  year={2024}
}

@article{goldwasser2020beyond,
  title={Beyond perturbations: Learning guarantees with arbitrary adversarial test examples},
  author={Goldwasser, Shafi and Kalai, Adam Tauman and Kalai, Yael and Montasser, Omar},
  journal={Advances in Neural Information Processing Systems},
  volume={33},
  pages={15859--15870},
  year={2020}
}

@article{gollakota2022moment,
  title={A Moment-Matching Approach to Testable Learning and a New Characterization of Rademacher Complexity},
  author={Gollakota, Aravind and Klivans, Adam R and Kothari, Pravesh K},
  journal={Proceedings of the fifty-fifth annual ACM Symposium on Theory of Computing},
  year={2023}
}

@article{gollakota2023efficient,
  title={An Efficient Tester-Learner for Halfspaces},
  author={Gollakota, Aravind and Klivans, Adam R and Stavropoulos, Konstantinos and Vasilyan, Arsen},
  journal={The Twelfth International Conference on Learning Representations},
  year={2024}
}

@article{gollakota2024agnostically,
  title={Agnostically learning single-index models using omnipredictors},
  author={Gollakota, Aravind and Gopalan, Parikshit and Klivans, Adam and Stavropoulos, Konstantinos},
  journal={Advances in Neural Information Processing Systems},
  volume={36},
  year={2024}
}

@article{gollakota2024tester,
  title={Tester-learners for halfspaces: Universal algorithms},
  author={Gollakota, Aravind and Klivans, Adam and Stavropoulos, Konstantinos and Vasilyan, Arsen},
  journal={Advances in Neural Information Processing Systems},
  volume={36},
  year={2024}
}

@article{hanneke2019value,
  title={On the value of target data in transfer learning},
  author={Hanneke, Steve and Kpotufe, Samory},
  journal={Advances in Neural Information Processing Systems},
  volume={32},
  year={2019}
}

@article{hanneke2024more,
  title={A More Unified Theory of Transfer Learning},
  author={Hanneke, Steve and Kpotufe, Samory},
  journal={arXiv preprint arXiv:2408.16189},
  year={2024}
}

@article{janzamin2015beating,
  title={Beating the perils of non-convexity: Guaranteed training of neural networks using tensor methods},
  author={Janzamin, Majid and Sedghi, Hanie and Anandkumar, Anima},
  journal={arXiv preprint arXiv:1506.08473},
  year={2015}
}

@article{kalavasis2024transfer,
  title={Transfer Learning Beyond Bounded Density Ratios},
  author={Kalavasis, Alkis and Zadik, Ilias and Zampetakis, Manolis},
  journal={arXiv preprint arXiv:2403.11963},
  year={2024}
}

@article{kearns1998efficient,
  title={Efficient noise-tolerant learning from statistical queries},
  author={Kearns, Michael},
  journal={Journal of the ACM (JACM)},
  volume={45},
  number={6},
  pages={983--1006},
  year={1998},
  publisher={ACM New York, NY, USA}
}

@article{klivans2023testable,
  title={Testable Learning with Distribution Shift},
  author={Klivans, Adam R and Stavropoulos, Konstantinos and Vasilyan, Arsen},
  journal={The Thirty Seventh Annual Conference on Learning Theory},
  year={2024},
  organization={PMLR}
}

@article{klivans2024learning,
  title={Learning Intersections of Halfspaces with Distribution Shift: Improved Algorithms and SQ Lower Bounds},
  author={Klivans, Adam R and Stavropoulos, Konstantinos and Vasilyan, Arsen},
  journal={The Thirty Seventh Annual Conference on Learning Theory},
  year={2024},
  organization={PMLR}
}

@inproceedings{lei2021near,
  title={Near-optimal linear regression under distribution shift},
  author={Lei, Qi and Hu, Wei and Lee, Jason},
  booktitle={International Conference on Machine Learning},
  pages={6164--6174},
  year={2021},
  organization={PMLR}
}

@article{li2017convergence,
  title={Convergence analysis of two-layer neural networks with relu activation},
  author={Li, Yuanzhi and Yuan, Yang},
  journal={Advances in neural information processing systems},
  volume={30},
  year={2017}
}

@inproceedings{li2020learning,
  title={Learning over-parametrized two-layer neural networks beyond ntk},
  author={Li, Yuanzhi and Ma, Tengyu and Zhang, Hongyang R},
  booktitle={Conference on learning theory},
  pages={2613--2682},
  year={2020},
  organization={PMLR}
}

@inproceedings{mansour2009domadapt,
title	= {Domain Adaptation: Learning Bounds and Algorithms},
author	= {Yishay Mansour and Mehryar Mohri and Afshin Rostamizadeh},
year	= {2009},
URL	= {http://www.cs.nyu.edu/~mohri/postscript/nadap.pdf},
booktitle	= {Proceedings of The 22nd Annual Conference on Learning Theory (COLT 2009)},
address	= {Montr\'eal, Canada}
}

@article{manurangsi2018computational,
  title={The computational complexity of training relu (s)},
  author={Manurangsi, Pasin and Reichman, Daniel},
  journal={arXiv preprint arXiv:1810.04207},
  year={2018}
}

@article{mousavi2020minimax,
  title={Minimax lower bounds for transfer learning with linear and one-hidden layer neural networks},
  author={Mousavi Kalan, Mohammadreza and Fabian, Zalan and Avestimehr, Salman and Soltanolkotabi, Mahdi},
  journal={Advances in Neural Information Processing Systems},
  volume={33},
  pages={1959--1969},
  year={2020}
}

@article{redko2020survey,
  title={A survey on domain adaptation theory: learning bounds and theoretical guarantees},
  author={Redko, Ievgen and Morvant, Emilie and Habrard, Amaury and Sebban, Marc and Bennani, Youn{\`e}s},
  journal={arXiv preprint arXiv:2004.11829},
  year={2020}
}

@inproceedings{reliable_goel2017,
	author = {Goel, Surbhi and Kanade, Varun and Klivans, Adam and Thaler, Justin},
	booktitle = {Proceedings of the 2017 Conference on Learning Theory},
	editor = {Kale, Satyen and Shamir, Ohad},
	month = {07--10 Jul},
	pages = {1004--1042},
	publisher = {PMLR},
	series = {Proceedings of Machine Learning Research},
	title = {Reliably Learning the ReLU in Polynomial Time},
	volume = {65},
	year = {2017}}

@article{rubinfeld2022testing,
	author = {Rubinfeld, Ronitt and Vasilyan, Arsen},
	journal = {Proceedings of the fifty-fifth annual ACM Symposium on Theory of Computing},
	title = {Testing distributional assumptions of learning algorithms},
	year = {2023}}

@article{slot2024testably,
  title={Testably Learning Polynomial Threshold Functions},
  author={Slot, Lucas and Tiegel, Stefan and Wiedmer, Manuel},
  journal={arXiv preprint arXiv:2406.06106},
  year={2024}
}

@inproceedings{tian2017analytical,
  title={An analytical formula of population gradient for two-layered relu network and its applications in convergence and critical point analysis},
  author={Tian, Yuandong},
  booktitle={International conference on machine learning},
  pages={3404--3413},
  year={2017},
  organization={PMLR}
}

@inproceedings{vempala2019gradient,
  title={Gradient descent for one-hidden-layer neural networks: Polynomial convergence and sq lower bounds},
  author={Vempala, Santosh and Wilmes, John},
  booktitle={Conference on Learning Theory},
  pages={3115--3117},
  year={2019},
  organization={PMLR}
}

@inproceedings{wang2023robustly,
  title={Robustly learning a single neuron via sharpness},
  author={Wang, Puqian and Zarifis, Nikos and Diakonikolas, Ilias and Diakonikolas, Jelena},
  booktitle={International Conference on Machine Learning},
  pages={36541--36577},
  year={2023},
  organization={PMLR}
}

@inproceedings{zhang2016l1,
  title={l1-regularized neural networks are improperly learnable in polynomial time},
  author={Zhang, Yuchen and Lee, Jason D and Jordan, Michael I},
  booktitle={International Conference on Machine Learning},
  pages={993--1001},
  year={2016},
  organization={PMLR}
}

@inproceedings{zhang2019learning,
  title={Learning one-hidden-layer relu networks via gradient descent},
  author={Zhang, Xiao and Yu, Yaodong and Wang, Lingxiao and Gu, Quanquan},
  booktitle={The 22nd international conference on artificial intelligence and statistics},
  pages={1524--1534},
  year={2019},
  organization={PMLR}
}

@inproceedings{zhong2017recovery,
  title={Recovery guarantees for one-hidden-layer neural networks},
  author={Zhong, Kai and Song, Zhao and Jain, Prateek and Bartlett, Peter L and Dhillon, Inderjit S},
  booktitle={International conference on machine learning},
  pages={4140--4149},
  year={2017},
  organization={PMLR}
}

