@article{Mercer1909FunctionsOP,
  title={Functions of Positive and Negative Type, and their Connection with the Theory of Integral Equations},
  author={James Mercer},
  journal={Philosophical Transactions of the Royal Society A},
  year={1909},
  volume={209},
  pages={415-446},
  url={https://api.semanticscholar.org/CorpusID:121070291}
}

@inproceedings{ben2018classical,
  title={Classical lower bounds from quantum upper bounds},
  author={Ben-David, Shalev and Bouland, Adam and Garg, Ankit and Kothari, Robin},
  booktitle={2018 IEEE 59th Annual Symposium on Foundations of Computer Science (FOCS)},
  pages={339--349},
  year={2018},
  organization={IEEE}
}

%% This BibTeX bibliography file was created using BibDesk.
%% https://bibdesk.sourceforge.io/

%% Created for Aravind Gollakota at 2022-10-13 14:29:51 -0500 


%% Saved with string encoding Unicode (UTF-8) 



@article{braverman2008polylogarithmic,
  title={Polylogarithmic independence fools AC 0 circuits},
  author={Braverman, Mark},
  journal={Journal of the ACM (JACM)},
  volume={57},
  number={5},
  pages={1--10},
  year={2008},
  publisher={ACM New York, NY, USA}
}

@article{gollakota2024tester,
  title={Tester-learners for halfspaces: Universal algorithms},
  author={Gollakota, Aravind and Klivans, Adam and Stavropoulos, Konstantinos and Vasilyan, Arsen},
  journal={Advances in Neural Information Processing Systems},
  volume={36},
  year={2024}
}

@incollection {MR889476,
    AUTHOR = {Bakry, D. and \'{E}mery, Michel},
     TITLE = {Diffusions hypercontractives},
 BOOKTITLE = {S\'{e}minaire de probabilit\'{e}s, {XIX}, 1983/84},
    SERIES = {Lecture Notes in Math.},
    VOLUME = {1123},
     PAGES = {177--206},
 PUBLISHER = {Springer, Berlin},
      YEAR = {1985},
   MRCLASS = {60J60 (58C40 58G32)},
  MRNUMBER = {889476},
MRREVIEWER = {Jacques Vauthier},
       DOI = {10.1007/BFb0075847},
       URL = {https://doi-org.cmu.idm.oclc.org/10.1007/BFb0075847},
}
		
@article{braverman2010polylogarithmic,
	author = {Braverman, Mark},
	journal = {Journal of the ACM (JACM)},
	number = {5},
	pages = {1--10},
	publisher = {ACM New York, NY, USA},
	title = {Polylogarithmic independence fools {$AC^0$} circuits},
	volume = {57},
	year = {2010}}

@article{diakonikolas2010bounded,
	author = {Diakonikolas, Ilias and Gopalan, Parikshit and Jaiswal, Ragesh and Servedio, Rocco A and Viola, Emanuele},
	journal = {SIAM Journal on Computing},
	number = {8},
	pages = {3441--3462},
	publisher = {SIAM},
	title = {Bounded independence fools halfspaces},
	volume = {39},
	year = {2010}}

@article{bazzi2009polylogarithmic,
	author = {Bazzi, Louay MJ},
	journal = {SIAM Journal on Computing},
	number = {6},
	pages = {2220--2272},
	publisher = {SIAM},
	title = {Polylogarithmic independence can fool DNF formulas},
	volume = {38},
	year = {2009}}

@article{kalai2008agnostically,
	author = {Kalai, Adam Tauman and Klivans, Adam R and Mansour, Yishay and Servedio, Rocco A},
	journal = {SIAM Journal on Computing},
	number = {6},
	pages = {1777--1805},
	publisher = {SIAM},
	title = {Agnostically learning halfspaces},
	volume = {37},
	year = {2008}}

@article{klivans2013moment,
	author = {Klivans, Adam and Meka, Raghu},
	journal = {arXiv preprint arXiv:1301.0820},
	title = {Moment-matching polynomials},
	year = {2013}}

@inproceedings{kane2013learning,
  title={Learning halfspaces under log-concave densities: Polynomial approximations and moment matching},
  author={Kane, Daniel and Klivans, Adam and Meka, Raghu},
  booktitle={Conference on Learning Theory},
  pages={522--545},
  year={2013},
  organization={PMLR}
}

@article{alon2003almost,
	author = {Alon, Noga and Goldreich, Oded and Mansour, Yishay},
	journal = {Information Processing Letters},
	number = {3},
	pages = {107--110},
	publisher = {Elsevier},
	title = {Almost k-wise independence versus k-wise independence},
	volume = {88},
	year = {2003}}

@article{rubinfeld2022testing,
	author = {Rubinfeld, Ronitt and Vasilyan, Arsen},
	journal = {Proceedings of the fifty-fifth annual ACM Symposium on Theory of Computing},
	title = {Testing distributional assumptions of learning algorithms},
	year = {2023}}

@article{klebanov1996proximity,
	author = {Klebanov, LB and Rachev, ST},
	journal = {Lecture Notes-Monograph Series},
	pages = {162--174},
	publisher = {JSTOR},
	title = {Proximity of probability measures with common marginals in a finite number of directions},
	year = {1996}}

@incollection{shapiro2001duality,
  title={On duality theory of conic linear problems},
  author={Shapiro, Alexander},
  booktitle={Semi-infinite programming},
  pages={135--165},
  year={2001},
  publisher={Springer}
}

@article{FERGER201496,
title = {Optimal constants in the Marcinkiewiczâ€“Zygmund inequalities},
journal = {Statistics \& Probability Letters},
volume = {84},
pages = {96-101},
year = {2014},
issn = {0167-7152},
doi = {https://doi.org/10.1016/j.spl.2013.09.029},
url = {https://www.sciencedirect.com/science/article/pii/S0167715213003271},
author = {Dietmar Ferger},
keywords = {Moment bounds, Khintchine inequalities, Symmetrization}
}

@inproceedings{bousquet2003introduction,
  title={Introduction to statistical learning theory},
  author={Bousquet, Olivier and Boucheron, St{\'e}phane and Lugosi, G{\'a}bor},
  booktitle={Summer school on machine learning},
  pages={169--207},
  year={2003},
  organization={Springer}
}

@article{bartlett2021deep,
  title={Deep learning: a statistical viewpoint},
  author={Bartlett, Peter L and Montanari, Andrea and Rakhlin, Alexander},
  journal={Acta numerica},
  volume={30},
  pages={87--201},
  year={2021},
  publisher={Cambridge University Press}
}

@inproceedings{klivans2008learning,
  title={Learning geometric concepts via Gaussian surface area},
  author={Klivans, Adam R and O'Donnell, Ryan and Servedio, Rocco A},
  booktitle={2008 49th Annual IEEE Symposium on Foundations of Computer Science},
  pages={541--550},
  year={2008},
  organization={IEEE}
}

@article{bshouty1996fourier,
  title={On the Fourier spectrum of monotone functions},
  author={Bshouty, Nader H and Tamon, Christino},
  journal={Journal of the ACM (JACM)},
  volume={43},
  number={4},
  pages={747--770},
  year={1996},
  publisher={ACM New York, NY, USA}
}

@article{benedek1991learnability,
  title={Learnability with respect to fixed distributions},
  author={Benedek, Gyora M and Itai, Alon},
  journal={Theoretical Computer Science},
  volume={86},
  number={2},
  pages={377--389},
  year={1991},
  publisher={Elsevier}
}

@article{zolotarev1984probability,
  title={Probability metrics},
  author={Zolotarev, Vladimir Mikhailovich},
  journal={Theory of Probability \& Its Applications},
  volume={28},
  number={2},
  pages={278--302},
  year={1984},
  publisher={SIAM}
}

@article{klebanov1986estimation,
  title={Estimation of the closeness of distributions in terms of identical moments},
  author={Klebanov, LB and Mkrtchyan, ST},
  journal={Journal of Soviet Mathematics},
  volume={32},
  number={1},
  pages={54--60},
  year={1986},
  publisher={Springer}
}

@book{o2014analysis,
  title={Analysis of boolean functions},
  author={O'Donnell, Ryan},
  year={2014},
  publisher={Cambridge University Press}
}

@article{robbins1955remark,
  title={A remark on Stirling's formula},
  author={Robbins, Herbert},
  journal={The American mathematical monthly},
  volume={62},
  number={1},
  pages={26--29},
  year={1955},
  publisher={JSTOR}
}

@misc{bartlett2014notes,
  author = "Peter L Bartlett",
  title  = "{UC Berkeley CS281B/Stat241B: Statistical Learning Theory, Lecture 7}",
  note   = "URL: \url{https://www.stat.berkeley.edu/~bartlett/courses/2014spring-cs281bstat241b/lectures/07-notes.pdf}. 
            Last visited on 2022/10/29",
  year   = 2014,
}
@misc{kane2011kindependent,
      title={$k$-Independent Gaussians Fool Polynomial Threshold Functions}, 
      author={Daniel M. Kane},
      year={2011},
      eprint={1012.1614},
      archivePrefix={arXiv},
      primaryClass={cs.CC}
}

@inproceedings{sherstov2012making,
  title={Making polynomials robust to noise},
  author={Sherstov, Alexander A},
  booktitle={Proceedings of the forty-fourth annual ACM symposium on Theory of computing},
  pages={747--758},
  year={2012}
}

@book{shalev2014understanding,
  title={Understanding machine learning: From theory to algorithms},
  author={{Shalev-Shwartz}, Shai and {Ben-David}, Shai},
  year={2014},
  publisher={Cambridge university press}
}

@article{shalev2010learnability,
  title={Learnability, stability and uniform convergence},
  author={{Shalev-Shwartz}, Shai and Shamir, Ohad and Srebro, Nathan and Sridharan, Karthik},
  journal={The Journal of Machine Learning Research},
  volume={11},
  pages={2635--2670},
  year={2010},
  publisher={JMLR. org}
}

@article{bartlett2005local,
  title={Local rademacher complexities},
  author={Bartlett, Peter L and Bousquet, Olivier and Mendelson, Shahar},
  journal={The Annals of Statistics},
  volume={33},
  number={4},
  pages={1497--1537},
  year={2005},
  publisher={Institute of Mathematical Statistics}
}

@article{koltchinskii2006local,
  title={Local Rademacher complexities and oracle inequalities in risk minimization},
  author={Koltchinskii, Vladimir},
  journal={The Annals of Statistics},
  volume={34},
  number={6},
  pages={2593--2656},
  year={2006},
  publisher={Institute of Mathematical Statistics}
}

@article{bartlett2002model,
  title={Model selection and error estimation},
  author={Bartlett, Peter L and Boucheron, St{\'e}phane and Lugosi, G{\'a}bor},
  journal={Machine Learning},
  volume={48},
  number={1},
  pages={85--113},
  year={2002},
  publisher={Springer}
}

@inproceedings{kothari2018improper,
  title={Improper learning by refuting},
  author={Kothari, Pravesh K and Livni, Roi},
  booktitle={9th Innovations in Theoretical Computer Science Conference (ITCS 2018)},
  year={2018},
  organization={Schloss Dagstuhl-Leibniz-Zentrum fuer Informatik}
}

@article{de2022convex,
  title={Convex Influences},
  author={De, Anindya and Nadimpalli, Shivam and Servedio, Rocco},
  journal={Innovations in Theoretical Computer Science},
  year={2022}
}

@inproceedings{kearns1992toward,
  title={Toward efficient agnostic learning},
  author={Kearns, Michael J and Schapire, Robert E and Sellie, Linda M},
  booktitle={Proceedings of the fifth annual workshop on Computational learning theory},
  pages={341--352},
  year={1992}
}

@book{vapnik1998statistical,
  title={Statistical Learning Theory},
  author={Vapnik, V.N.},
  isbn={9780471030034},
  lccn={97037075},
  series={A Wiley-Interscience publication},
  year={1998},
  publisher={Wiley}
}

@inproceedings{kur2021minimal,
  title={On the Minimal Error of Empirical Risk Minimization},
  author={Kur, Gil and Rakhlin, Alexander},
  booktitle={Conference on Learning Theory},
  pages={2849--2852},
  year={2021},
  organization={PMLR}
}

@incollection{koltchinskii2000rademacher,
  title={Rademacher processes and bounding the risk of function learning},
  author={Koltchinskii, Vladimir and Panchenko, Dmitriy},
  booktitle={High dimensional probability II},
  pages={443--457},
  year={2000},
  publisher={Springer}
}

@article{bartlett2002rademacher,
  title={Rademacher and Gaussian complexities: Risk bounds and structural results},
  author={Bartlett, Peter L and Mendelson, Shahar},
  journal={Journal of Machine Learning Research},
  volume={3},
  number={Nov},
  pages={463--482},
  year={2002}
}

@article{koltchinskii2001rademacher,
  title={Rademacher penalties and structural risk minimization},
  author={Koltchinskii, Vladimir},
  journal={IEEE Transactions on Information Theory},
  volume={47},
  number={5},
  pages={1902--1914},
  year={2001},
  publisher={IEEE}
}

@incollection{birge1997model,
  title={From model selection to adaptive estimation},
  author={Birg{\'e}, Lucien and Massart, Pascal},
  booktitle={Festschrift for lucien le cam},
  pages={55--87},
  year={1997},
  publisher={Springer}
}

@book{tsybakov2008introduction,
  title={Introduction to Nonparametric Estimation},
  author={Tsybakov, A.B.},
  isbn={9780387790527},
  lccn={2008939894},
  series={Springer Series in Statistics},
  year={2008},
  publisher={Springer New York}
}

@book{van2000empirical,
  title={Empirical Processes in M-estimation},
  author={Van de Geer, Sara A},
  volume={6},
  year={2000},
  publisher={Cambridge university press}
}

@article{belkin2021fit,
  title={Fit without fear: remarkable mathematical phenomena of deep learning through the prism of interpolation},
  author={Belkin, Mikhail},
  journal={Acta Numerica},
  volume={30},
  pages={203--248},
  year={2021},
  publisher={Cambridge University Press}
}


@article{hastie2022surprises,
  title={Surprises in high-dimensional ridgeless least squares interpolation},
  author={Hastie, Trevor and Montanari, Andrea and Rosset, Saharon and Tibshirani, Ryan J},
  journal={The Annals of Statistics},
  volume={50},
  number={2},
  pages={949--986},
  year={2022},
  publisher={Institute of Mathematical Statistics}
}

@article{bartlett2020benign,
  title={Benign overfitting in linear regression},
  author={Bartlett, Peter L and Long, Philip M and Lugosi, G{\'a}bor and Tsigler, Alexander},
  journal={Proceedings of the National Academy of Sciences},
  volume={117},
  number={48},
  pages={30063--30070},
  year={2020},
  publisher={National Acad Sciences}
}


@article{zhang2021understanding,
  title={Understanding deep learning (still) requires rethinking generalization},
  author={Zhang, Chiyuan and Bengio, Samy and Hardt, Moritz and Recht, Benjamin and Vinyals, Oriol},
  journal={Communications of the ACM},
  volume={64},
  number={3},
  pages={107--115},
  year={2021},
  publisher={ACM New York, NY, USA}
}

@article{nagarajan2019uniform,
  title={Uniform convergence may be unable to explain generalization in deep learning},
  author={Nagarajan, Vaishnavh and Kolter, J Zico},
  journal={Advances in Neural Information Processing Systems},
  volume={32},
  year={2019}
}

@inproceedings{zhang16,
	address = {New York, New York, USA},
	author = {Zhang, Yuchen and Lee, Jason D. and Jordan, Michael I.},
	booktitle = {Proceedings of The 33rd International Conference on Machine Learning},
	editor = {Balcan, Maria Florina and Weinberger, Kilian Q.},
	month = {20--22 Jun},
	pages = {993--1001},
	publisher = {PMLR},
	series = {Proceedings of Machine Learning Research},
	title = {L1-regularized Neural Networks are Improperly Learnable in Polynomial Time},
	volume = {48},
	year = {2016}}


@inproceedings{vadhan2017learning,
  title={On learning vs. refutation},
  author={Vadhan, Salil},
  booktitle={Conference on Learning Theory},
  pages={1835--1848},
  year={2017},
  organization={PMLR}
}

@inproceedings{diakonikolas2010ptf,
  title={Bounded independence fools degree-2 threshold functions},
  author={Diakonikolas, Ilias and Kane, Daniel M and Nelson, Jelani},
  booktitle={2010 IEEE 51st Annual Symposium on Foundations of Computer Science},
  pages={11--20},
  year={2010},
  organization={IEEE}
}

@article{gabovich1981stability,
  title={Stability of the characterization of the multivariate normal distribution in the Skitovich-Darmois theorem},
  author={Gabovich, Yu R},
  journal={Journal of Soviet Mathematics},
  volume={16},
  number={5},
  pages={1341--1349},
  year={1981},
  publisher={Springer}
}

@article{guruswami2009hardness,
  title={Hardness of learning halfspaces with noise},
  author={Guruswami, Venkatesan and Raghavendra, Prasad},
  journal={SIAM Journal on Computing},
  volume={39},
  number={2},
  pages={742--765},
  year={2009},
  publisher={SIAM}
}

@article{klivans2009cryptographic,
  title={Cryptographic hardness for learning intersections of halfspaces},
  author={Klivans, Adam R and Sherstov, Alexander A},
  journal={Journal of Computer and System Sciences},
  volume={75},
  number={1},
  pages={2--12},
  year={2009},
  publisher={Elsevier}
}
@inproceedings{livni14,
author = {Livni, Roi and Shalev-Shwartz, Shai and Shamir, Ohad},
title = {On the computational efficiency of training neural networks},
year = {2014},
publisher = {MIT Press},
address = {Cambridge, MA, USA},
booktitle = {Proceedings of the 27th International Conference on Neural Information Processing Systems - Volume 1},
pages = {855â€“863},
numpages = {9},
location = {Montreal, Canada},
series = {NIPS'14}
}@article{feldman2012agnostic,
  title={Agnostic learning of monomials by halfspaces is hard},
  author={Feldman, Vitaly and Guruswami, Venkatesan and Raghavendra, Prasad and Wu, Yi},
  journal={SIAM Journal on Computing},
  volume={41},
  number={6},
  pages={1558--1590},
  year={2012},
  publisher={SIAM}
}

@book{kearns1994introduction,
  title={An introduction to computational learning theory},
  author={Kearns, Michael J and Vazirani, Umesh},
  year={1994},
  publisher={MIT press}
}

@inproceedings{daniely2016complexity,
  title={Complexity theoretic limitations on learning halfspaces},
  author={Daniely, Amit},
  booktitle={Proceedings of the forty-eighth annual ACM symposium on Theory of Computing},
  pages={105--117},
  year={2016}
}

@inproceedings{daniely2016dnf,
  title={Complexity theoretic limitations on learning DNFâ€™s},
  author={Daniely, Amit and Shalev-Shwartz, Shai},
  booktitle={Conference on Learning Theory},
  pages={815--830},
  year={2016},
  organization={PMLR}
}

@article{kearns1994cryptographic,
  title={Cryptographic limitations on learning boolean formulae and finite automata},
  author={Kearns, Michael and Valiant, Leslie},
  journal={Journal of the ACM (JACM)},
  volume={41},
  number={1},
  pages={67--95},
  year={1994},
  publisher={ACM New York, NY, USA}
}

@article{linial1993constant,
  title={Constant depth circuits, Fourier transform, and learnability},
  author={Linial, Nathan and Mansour, Yishay and Nisan, Noam},
  journal={Journal of the ACM (JACM)},
  volume={40},
  number={3},
  pages={607--620},
  year={1993},
  publisher={ACM New York, NY, USA}
}

@article{kane2011gaussian,
  title={The Gaussian surface area and noise sensitivity of degree-d polynomial threshold functions},
  author={Kane, Daniel M},
  journal={computational complexity},
  volume={20},
  number={2},
  pages={389--412},
  year={2011},
  publisher={Springer}
}

@book{vershynin2018high,
  title={High-dimensional probability: An introduction with applications in data science},
  author={Vershynin, Roman},
  volume={47},
  year={2018},
  publisher={Cambridge university press}
}

@article{diakonikolas2020near,
  title={Near-optimal sq lower bounds for agnostically learning halfspaces and relus under gaussian marginals},
  author={Diakonikolas, Ilias and Kane, Daniel and Zarifis, Nikos},
  journal={Advances in Neural Information Processing Systems},
  volume={33},
  pages={13586--13596},
  year={2020}
}

@inproceedings{diakonikolas2021optimality,
  title={The optimality of polynomial regression for agnostic learning under gaussian marginals in the SQ model},
  author={Diakonikolas, Ilias and Kane, Daniel M and Pittas, Thanasis and Zarifis, Nikos},
  booktitle={Conference on Learning Theory},
  pages={1552--1584},
  year={2021},
  organization={PMLR}
}

@article{goel2020statistical,
  title={Statistical-query lower bounds via functional gradients},
  author={Goel, Surbhi and Gollakota, Aravind and Klivans, Adam},
  journal={Advances in Neural Information Processing Systems},
  volume={33},
  pages={2147--2158},
  year={2020}
}

@article{saumard2014log,
  title={Log-concavity and strong log-concavity: a review},
  author={Saumard, Adrien and Wellner, Jon A},
  journal={Statistics surveys},
  volume={8},
  pages={45},
  year={2014},
  publisher={NIH Public Access}
}

@book{ledoux2001concentration,
  title={The concentration of measure phenomenon},
  author={Ledoux, Michel},
  number={89},
  year={2001},
  publisher={American Mathematical Soc.}
}

@book{rachev2013methods,
  title={The methods of distances in the theory of probability and statistics},
  author={Rachev, Svetlozar T and Klebanov, Lev B and Stoyanov, Stoyan V and Fabozzi, Frank},
  volume={10},
  year={2013},
  publisher={Springer}
}

@inproceedings{dachman2014approximate,
  title={Approximate resilience, monotonicity, and the complexity of agnostic learning},
  author={Dachman-Soled, Dana and Feldman, Vitaly and Tan, Li-Yang and Wan, Andrew and Wimmer, Karl},
  booktitle={Proceedings of the twenty-sixth annual ACM-SIAM symposium on Discrete algorithms},
  pages={498--511},
  year={2014},
  organization={SIAM}
}

@inproceedings{tal2017tight,
  title={{Tight bounds on the Fourier spectrum of $AC^0$}},
  author={Tal, Avishay},
  booktitle={32nd Computational Complexity Conference (CCC 2017)},
  year={2017},
  organization={Schloss Dagstuhl-Leibniz-Zentrum fuer Informatik}
}

@article{harsha2019polynomial,
  title={{On polynomial approximations to $AC^0$}},
  author={Harsha, Prahladh and Srinivasan, Srikanth},
  journal={Random Structures \& Algorithms},
  volume={54},
  number={2},
  pages={289--303},
  year={2019},
  publisher={Wiley Online Library}
}

@article{gollakota2022moment,
  title={A Moment-Matching Approach to Testable Learning and a New Characterization of Rademacher Complexity},
  author={Gollakota, Aravind and Klivans, Adam R and Kothari, Pravesh K},
  journal={Proceedings of the fifty-fifth annual ACM Symposium on Theory of Computing},
  year={2023}
}

@article{diakonikolas2020non,
  title={Non-convex SGD learns halfspaces with adversarial label noise},
  author={Diakonikolas, Ilias and Kontonis, Vasilis and Tzamos, Christos and Zarifis, Nikos},
  journal={Advances in Neural Information Processing Systems},
  volume={33},
  pages={18540--18549},
  year={2020}
}

@inproceedings{diakonikolas2020learning,
  title={Learning halfspaces with massart noise under structured distributions},
  author={Diakonikolas, Ilias and Kontonis, Vasilis and Tzamos, Christos and Zarifis, Nikos},
  booktitle={Conference on Learning Theory},
  pages={1486--1513},
  year={2020},
  organization={PMLR}
}

@article{awasthi2017power,
  title={The power of localization for efficiently learning linear separators with noise},
  author={Awasthi, Pranjal and Balcan, Maria Florina and Long, Philip M},
  journal={Journal of the ACM (JACM)},
  volume={63},
  number={6},
  pages={1--27},
  year={2017},
  publisher={ACM New York, NY, USA}
}

@inproceedings{daniely2015ptas,
  title={A PTAS for agnostically learning halfspaces},
  author={Daniely, Amit},
  booktitle={Conference on Learning Theory},
  pages={484--502},
  year={2015},
  organization={PMLR}
}

@article{lovasz2007geometry,
  title={The geometry of logconcave functions and sampling algorithms},
  author={Lov{\'a}sz, L{\'a}szl{\'o} and Vempala, Santosh},
  journal={Random Structures \& Algorithms},
  volume={30},
  number={3},
  pages={307--358},
  year={2007},
  publisher={Wiley Online Library}
}

@article{klivans2009learning,
  title={Learning Halfspaces with Malicious Noise.},
  author={Klivans, Adam R and Long, Philip M and Servedio, Rocco A},
  journal={Journal of Machine Learning Research},
  volume={10},
  number={12},
  year={2009}
}

@inproceedings{diakonikolas2018learning,
  title={Learning geometric concepts with nasty noise},
  author={Diakonikolas, Ilias and Kane, Daniel M and Stewart, Alistair},
  booktitle={Proceedings of the 50th Annual ACM SIGACT Symposium on Theory of Computing},
  pages={1061--1073},
  year={2018}
}
@article{ball93,
author = {Ball, Keith},
title = {The reverse isoperimetric problem for Gaussian measure},
year = {1993},
issue_date = {December  1993},
publisher = {Springer-Verlag},
address = {Berlin, Heidelberg},
volume = {10},
number = {4},
issn = {0179-5376},
url = {https://doi.org/10.1007/BF02573986},
doi = {10.1007/BF02573986},
abstract = {It is shown that ifg is the standard Gaussian density on n andC is a convex body in n $$int_{partial C} {g leqslant 4n^{1/4} }$$ .The arguments presented raise several questions in integral geometry.},
journal = {Discrete Comput. Geom.},
month = {dec},
pages = {411â€“420},
numpages = {10}
}

@article{balcan2017sample,
  title={Sample and computationally efficient learning algorithms under s-concave distributions},
  author={Balcan, Maria-Florina F and Zhang, Hongyang},
  journal={Advances in Neural Information Processing Systems},
  volume={30},
  year={2017}
}

@inproceedings{awasthi2015efficient,
  title={Efficient learning of linear separators under bounded noise},
  author={Awasthi, Pranjal and Balcan, Maria-Florina and Haghtalab, Nika and Urner, Ruth},
  booktitle={Conference on Learning Theory},
  pages={167--190},
  year={2015},
  organization={PMLR}
}

@inproceedings{awasthi2016learning,
  title={Learning and 1-bit compressed sensing under asymmetric noise},
  author={Awasthi, Pranjal and Balcan, Maria-Florina and Haghtalab, Nika and Zhang, Hongyang},
  booktitle={Conference on Learning Theory},
  pages={152--192},
  year={2016},
  organization={PMLR}
}

@article{diakonikolas2019distribution,
  title={Distribution-independent pac learning of halfspaces with massart noise},
  author={Diakonikolas, Ilias and Gouleakis, Themis and Tzamos, Christos},
  journal={Advances in Neural Information Processing Systems},
  volume={32},
  year={2019}
}

@inproceedings{diakonikolas2022near,
  title={Near-optimal statistical query hardness of learning halfspaces with massart noise},
  author={Diakonikolas, Ilias and Kane, Daniel},
  booktitle={Conference on Learning Theory},
  pages={4258--4282},
  year={2022},
  organization={PMLR}
}

@inproceedings{diakonikolas2022cryptographic,
title={Cryptographic Hardness of Learning Halfspaces with Massart Noise},
author={Ilias Diakonikolas and Daniel Kane and Pasin Manurangsi and Lisheng Ren},
booktitle={Advances in Neural Information Processing Systems},
year={2022},
}

@inproceedings{diakonikolas2022learning_general,
  title={Learning general halfspaces with general massart noise under the gaussian distribution},
  author={Diakonikolas, Ilias and Kane, Daniel M and Kontonis, Vasilis and Tzamos, Christos and Zarifis, Nikos},
  booktitle={Proceedings of the 54th Annual ACM SIGACT Symposium on Theory of Computing},
  pages={874--885},
  year={2022}
}

@article{diakonikolas2021forster,
  title={Forster decomposition and learning halfspaces with noise},
  author={Diakonikolas, Ilias and Kane, Daniel and Tzamos, Christos},
  journal={Advances in Neural Information Processing Systems},
  volume={34},
  pages={7732--7744},
  year={2021}
}

@article{diakonikolas2022strongly,
  title={A Strongly Polynomial Algorithm for Approximate Forster Transforms and its Application to Halfspace Learning},
  author={Diakonikolas, Ilias and Tzamos, Christos and Kane, Daniel M},
  journal={arXiv preprint arXiv:2212.03008},
  year={2022}
}

@article{balcan2021noise,
  title={Noise in Classification},
  author={Balcan, Maria-Florina and Haghtalab, Nika},
  journal={Beyond the Worst-Case Analysis of Algorithms},
  pages={361},
  year={2021},
  publisher={Cambridge University Press}
}

@inproceedings{zhang2018efficient,
  title={Efficient active learning of sparse halfspaces},
  author={Zhang, Chicheng},
  booktitle={Conference on Learning Theory},
  pages={1856--1880},
  year={2018},
  organization={PMLR}
}

@article{zhang2020efficient,
  title={Efficient active learning of sparse halfspaces with arbitrary bounded noise},
  author={Zhang, Chicheng and Shen, Jie and Awasthi, Pranjal},
  journal={Advances in Neural Information Processing Systems},
  volume={33},
  pages={7184--7197},
  year={2020}
}

@inproceedings{zhang2021improved,
  title={Improved algorithms for efficient active learning halfspaces with massart and tsybakov noise},
  author={Zhang, Chicheng and Li, Yinan},
  booktitle={Conference on Learning Theory},
  pages={4526--4527},
  year={2021},
  organization={PMLR}
}

@article{yan2017revisiting,
  title={Revisiting perceptron: Efficient and label-optimal learning of halfspaces},
  author={Yan, Songbai and Zhang, Chicheng},
  journal={Advances in Neural Information Processing Systems},
  volume={30},
  year={2017}
}

@inproceedings{diakonikolas2022learning_online,
  title={Learning General Halfspaces with Adversarial Label Noise via Online Gradient Descent},
  author={Diakonikolas, Ilias and Kontonis, Vasilis and Tzamos, Christos and Zarifis, Nikos},
  booktitle={International Conference on Machine Learning},
  pages={5118--5141},
  year={2022},
  organization={PMLR}
}

@inproceedings{klivans2009baumsalgo,
author = {Klivans, Adam and Long, Philip and Tang, Alex},
year = {2009},
month = {01},
pages = {588-600},
title = {Baumâ€™s Algorithm Learns Intersections of Halfspaces with Respect to Log-Concave Distributions},
isbn = {978-3-642-03684-2},
journal = {Lecture Notes in Computer Science},
doi = {10.1007/978-3-642-03685-9_44}
}

@book{gyorfi2002distribution,
  title={A distribution-free theory of nonparametric regression},
  author={Gy{\"o}rfi, L{\'a}szl{\'o} and Kohler, Michael and Walk, Harro and others},
  volume={1},
  publisher={Springer}
}

@book{mohri2018foundations,
  title={Foundations of machine learning},
  author={Mohri, Mehryar and Rostamizadeh, Afshin and Talwalkar, Ameet},
  year={2018},
  edition={Second},
  publisher={MIT press}
}

@inproceedings{gopalan2010fooling,
  title={Fooling functions of halfspaces under product distributions},
  author={Gopalan, Parikshit and O'Donnell, Ryan and Wu, Yi and Zuckerman, David},
  booktitle={2010 IEEE 25th Annual Conference on Computational Complexity},
  pages={223--234},
  year={2010},
  organization={IEEE}
}

@article{wolff2007hypercontractivity,
  title={Hypercontractivity of simple random variables},
  author={Wolff, Pawe{\l}},
  journal={Studia Mathematica},
  volume={3},
  number={180},
  pages={219--236},
  year={2007}
}

@article{krakowiak1988hypercontraction,
  title={Hypercontraction principle and random multilinear forms},
  author={Krakowiak, Wieslaw and Szulga, Jerzy},
  journal={Probability Theory and Related Fields},
  volume={77},
  number={3},
  pages={325--342},
  year={1988},
  publisher={Springer}
}

@inproceedings{mossel2005noise,
  title={Noise stability of functions with low influences: invariance and optimality},
  author={Mossel, Elchanan and O'Donnell, Ryan and Oleszkiewicz, Krzysztof},
  booktitle={46th Annual IEEE Symposium on Foundations of Computer Science (FOCS'05)},
  pages={21--30},
  year={2005},
  organization={IEEE}
}

@inproceedings{o2003newdegreebounds,
  title={New degree bounds for polynomial threshold functions},
  author={O'Donnell, Ryan and Servedio, Rocco A},
  booktitle={Proceedings of the thirty-fifth annual ACM symposium on Theory of computing},
  pages={325--334},
  year={2003}
}

@article{ben2006analysis,
  title={Analysis of representations for domain adaptation},
  author={Ben-David, Shai and Blitzer, John and Crammer, Koby and Pereira, Fernando},
  journal={Advances in neural information processing systems},
  volume={19},
  year={2006}
}
@article{blitzer2007learning,
  title={Learning bounds for domain adaptation},
  author={Blitzer, John and Crammer, Koby and Kulesza, Alex and Pereira, Fernando and Wortman, Jennifer},
  journal={Advances in neural information processing systems},
  volume={20},
  year={2007}
}

@article{ben2010theory,
  title={A theory of learning from different domains},
  author={Ben-David, Shai and Blitzer, John and Crammer, Koby and Kulesza, Alex and Pereira, Fernando and Vaughan, Jennifer Wortman},
  journal={Machine learning},
  volume={79},
  pages={151--175},
  year={2010},
  publisher={Springer}
}

@inproceedings{mansour2009domadapt,
title	= {Domain Adaptation: Learning Bounds and Algorithms},
author	= {Yishay Mansour and Mehryar Mohri and Afshin Rostamizadeh},
year	= {2009},
URL	= {http://www.cs.nyu.edu/~mohri/postscript/nadap.pdf},
booktitle	= {Proceedings of The 22nd Annual Conference on Learning Theory (COLT 2009)},
address	= {Montr\'eal, Canada}
}


@inproceedings{david2010impossibility,
  title={Impossibility theorems for domain adaptation},
  author={David, Shai Ben and Lu, Tyler and Luu, Teresa and P{\'a}l, D{\'a}vid},
  booktitle={Proceedings of the Thirteenth International Conference on Artificial Intelligence and Statistics},
  pages={129--136},
  year={2010},
  organization={JMLR Workshop and Conference Proceedings}
}

@article{hanneke2014theory,
  title={Theory of disagreement-based active learning},
  author={Hanneke, Steve},
  journal={Foundations and Trends{\textregistered} in Machine Learning},
  volume={7},
  number={2-3},
  pages={131--309},
  year={2014},
  publisher={Now Publishers, Inc.}
}

@inproceedings{hanneke2007bound,
  title={A bound on the label complexity of agnostic active learning},
  author={Hanneke, Steve},
  booktitle={Proceedings of the 24th international conference on Machine learning},
  pages={353--360},
  year={2007}
}

@article{balcan2010true,
  title={The true sample complexity of active learning},
  author={Balcan, Maria-Florina and Hanneke, Steve and Vaughan, Jennifer Wortman},
  journal={Machine learning},
  volume={80},
  pages={111--139},
  year={2010},
  publisher={Springer}
}

@article{cohn1994improving,
  title={Improving generalization with active learning},
  author={Cohn, David and Atlas, Les and Ladner, Richard},
  journal={Machine learning},
  volume={15},
  pages={201--221},
  year={1994},
  publisher={Springer}
}
@book{bogachev1998gaussian,
  title={Gaussian measures},
  author={Bogachev, Vladimir Igorevich},
  number={62},
  year={1998},
  publisher={American Mathematical Soc.}
}


@article{NELSON1973211,
	author = {Edward Nelson},
	doi = {https://doi.org/10.1016/0022-1236(73)90025-6},
	issn = {0022-1236},
	journal = {Journal of Functional Analysis},
	number = {2},
	pages = {211-227},
	title = {The free Markoff field},
	url = {https://www.sciencedirect.com/science/article/pii/0022123673900256},
	volume = {12},
	year = {1973},
	bdsk-url-1 = {https://www.sciencedirect.com/science/article/pii/0022123673900256},
	bdsk-url-2 = {https://doi.org/10.1016/0022-1236(73)90025-6}}

@article{kelley2021random,
  title={Random restrictions and PRGs for PTFs in gaussian space},
  author={Kelley, Zander and Meka, Raghu},
  journal={arXiv preprint arXiv:2103.14134},
  year={2021}
}
@InProceedings{ptf_hardness,
  title = 	 {Hardness of Learning Noisy Halfspaces using Polynomial Thresholds},
  author =       {Bhattacharyya, Arnab and Ghoshal, Suprovat and Saket, Rishi},
  booktitle = 	 {Proceedings of the 31st  Conference On Learning Theory},
  pages = 	 {876--917},
  year = 	 {2018},
  editor = 	 {Bubeck, SÃ©bastien and Perchet, Vianney and Rigollet, Philippe},
  volume = 	 {75},
  series = 	 {Proceedings of Machine Learning Research},
  month = 	 {06--09 Jul},
  publisher =    {PMLR},
  pdf = 	 {http://proceedings.mlr.press/v75/bhattacharyya18a/bhattacharyya18a.pdf},
  url = 	 {https://proceedings.mlr.press/v75/bhattacharyya18a.html},
  abstract = 	 {We prove the hardness of weakly learning halfspaces in the presence of adversarial noise using polynomial threshold functions (PTFs). In particular, we prove that for any constants $d \in \mathbb{Z}^+$ and $\eps &gt; 0$, it is NP-hard to decide: given a set of $\{-1,1\}$-labeled points in $\mathbb{R}^n$  whether (YES Case) there exists a halfspace that classifies $(1-\eps)$-fraction of the points correctly, or (NO Case) any degree-$d$ PTF classifies at most $(1/2 + \eps)$-fraction of the points correctly. This strengthens to all constant degrees the previous NP-hardness of learning using degree-$2$ PTFs shown by Diakonikolas et al. (2011). The latter result had remained the only progress over the works of Feldman et al. (2006) and Guruswami et al. (2006) ruling out weakly proper learning adversarially noisy halfspaces.}
}

@inproceedings{balcan2006agnostic,
  title={Agnostic active learning},
  author={Balcan, Maria-Florina and Beygelzimer, Alina and Langford, John},
  booktitle={Proceedings of the 23rd international conference on Machine learning},
  pages={65--72},
  year={2006}
}

@article{hanneke2011rates,
  title={Rates of convergence in active learning},
  author={Hanneke, Steve},
  journal={The Annals of Statistics},
  pages={333--361},
  year={2011},
  publisher={JSTOR}
}

@book{hanneke2009theoretical,
  title={Theoretical foundations of active learning},
  author={Hanneke, Steve},
  year={2009},
  publisher={Carnegie Mellon University}
}

@article{el2012active,
  title={Active Learning via Perfect Selective Classification.},
  author={El-Yaniv, Ran and Wiener, Yair},
  journal={Journal of Machine Learning Research},
  volume={13},
  number={2},
  year={2012}
}


%%%%% ok
@article{goldwasser2020beyond,
  title={Beyond perturbations: Learning guarantees with arbitrary adversarial test examples},
  author={Goldwasser, Shafi and Kalai, Adam Tauman and Kalai, Yael and Montasser, Omar},
  journal={Advances in Neural Information Processing Systems},
  volume={33},
  pages={15859--15870},
  year={2020}
}
%%%%%
@article{fang2022out,
  title={Is out-of-distribution detection learnable?},
  author={Fang, Zhen and Li, Yixuan and Lu, Jie and Dong, Jiahua and Han, Bo and Liu, Feng},
  journal={Advances in Neural Information Processing Systems},
  volume={35},
  pages={37199--37213},
  year={2022}
}
%%%%% ok
@inproceedings{kalai2021efficient,
  title={Efficient learning with arbitrary covariate shift},
  author={Kalai, Adam Tauman and Kanade, Varun},
  booktitle={Algorithmic Learning Theory},
  pages={850--864},
  year={2021},
  organization={PMLR}
}
%%%%%
@inproceedings{balcan2022robustly,
  title={Robustly-reliable learners under poisoning attacks},
  author={Balcan, Maria-Florina and Blum, Avrim and Hanneke, Steve and Sharma, Dravyansh},
  booktitle={Conference on Learning Theory},
  pages={4498--4534},
  year={2022},
  organization={PMLR}
}
%%%%% ok
@article{kalai2012reliable,
  title={Reliable agnostic learning},
  author={Kalai, Adam Tauman and Kanade, Varun and Mansour, Yishay},
  journal={Journal of Computer and System Sciences},
  volume={78},
  number={5},
  pages={1481--1495},
  year={2012},
  publisher={Elsevier}
}

@book{goodman1983fact,
  title={Fact, fiction, and forecast},
  author={Goodman, Nelson},
  year={1983},
  publisher={Harvard University Press}
}

@article{gollakota2023efficient,
  title={An Efficient Tester-Learner for Halfspaces},
  author={Gollakota, Aravind and Klivans, Adam R and Stavropoulos, Konstantinos and Vasilyan, Arsen},
  journal={The Twelfth International Conference on Learning Representations},
  year={2024}
}

@article{canonne2022topics,
  title={Topics and Techniques in Distribution Testing: A Biased but Representative Sample},
  author={Canonne, Cl{\'e}ment},
  journal={Foundations and Trends{\textregistered} in Communications and Information Theory},
  volume={19},
  number={6},
  pages={1032--1198},
  year={2022},
  publisher={Now Publishers, Inc.}
}

@article{zech2018variable,
  title={Variable generalization performance of a deep learning model to detect pneumonia in chest radiographs: a cross-sectional study},
  author={Zech, John R and Badgeley, Marcus A and Liu, Manway and Costa, Anthony B and Titano, Joseph J and Oermann, Eric Karl},
  journal={PLoS medicine},
  volume={15},
  number={11},
  pages={e1002683},
  year={2018},
  publisher={Public Library of Science San Francisco, CA USA}
}

@article{wong2021external,
  title={External validation of a widely implemented proprietary sepsis prediction model in hospitalized patients},
  author={Wong, Andrew and Otles, Erkin and Donnelly, John P and Krumm, Andrew and McCullough, Jeffrey and DeTroyer-Cooley, Olivia and Pestrue, Justin and Phillips, Marie and Konye, Judy and Penoza, Carleen and others},
  journal={JAMA Internal Medicine},
  volume={181},
  number={8},
  pages={1065--1070},
  year={2021},
  publisher={American Medical Association}
}

@article{ternov2022generalizability,
  title={Generalizability and usefulness of artificial intelligence for skin cancer diagnostics: An algorithm validation study},
  author={Ternov, Niels K and Christensen, Anders N and Kampen, Peter JT and Als, Gustav and Vestergaard, Tine and Konge, Lars and Tolsgaard, Martin and H{\"o}lmich, Lisbet R and Guitera, Pascale and Chakera, Annette H and others},
  journal={JEADV Clinical Practice},
  volume={1},
  number={4},
  pages={344--354},
  year={2022},
  publisher={Wiley Online Library}
}

@article{redko2020survey,
  title={A survey on domain adaptation theory: learning bounds and theoretical guarantees},
  author={Redko, Ievgen and Morvant, Emilie and Habrard, Amaury and Sebban, Marc and Bennani, Youn{\`e}s},
  journal={arXiv preprint arXiv:2004.11829},
  year={2020}
}

@inproceedings{BenDavid2012OnTH,
  title={On the Hardness of Domain Adaptation and the Utility of Unlabeled Target Samples},
  author={Shai Ben-David and Ruth Urner},
  booktitle={International Conference on Algorithmic Learning Theory},
  year={2012},
  url={https://api.semanticscholar.org/CorpusID:5122114}
}

@article{lucien2001alternative,
  title={An alternative point of view on Lepskiâ€™s method, ser},
  author={Lucien, B},
  journal={Lecture Notes--Monograph Series. Beachwood, OH: Institute of Mathematical Statistics},
  pages={113--133},
  year={2001}
}

@inproceedings{diakonikolas2023near,
  title={Near-optimal cryptographic hardness of agnostically learning halfspaces and relu regression under gaussian marginals},
  author={Diakonikolas, Ilias and Kane, Daniel and Ren, Lisheng},
  booktitle={International Conference on Machine Learning},
  pages={7922--7938},
  year={2023},
  organization={PMLR}
}

@article{vempala2010random,
  title={A random-sampling-based algorithm for learning intersections of halfspaces},
  author={Vempala, Santosh S},
  journal={Journal of the ACM (JACM)},
  volume={57},
  number={6},
  pages={1--14},
  year={2010},
  publisher={ACM New York, NY, USA}
}

@inproceedings{vempala2010learning,
  title={Learning convex concepts from gaussian distributions with PCA},
  author={Vempala, Santosh S},
  booktitle={2010 IEEE 51st Annual Symposium on Foundations of Computer Science},
  pages={124--130},
  year={2010},
  organization={IEEE}
}


@article{klivans2023testable,
  title={Testable Learning with Distribution Shift},
  author={Klivans, Adam R and Stavropoulos, Konstantinos and Vasilyan, Arsen},
  journal={The Thirty Seventh Annual Conference on Learning Theory},
  year={2024},
  organization={PMLR}
}


@article{klivans2024learning,
  title={Learning Intersections of Halfspaces with Distribution Shift: Improved Algorithms and SQ Lower Bounds},
  author={Klivans, Adam R and Stavropoulos, Konstantinos and Vasilyan, Arsen},
  journal={The Thirty Seventh Annual Conference on Learning Theory},
  year={2024},
  organization={PMLR}
}

@inproceedings{chandrasekaran2024smoothed,
  title={Smoothed Analysis for Learning Concepts with Low Intrinsic Dimension},
  author={Chandrasekaran, Gautam and Klivans, Adam and Kontonis, Vasilis and Meka, Raghu and Stavropoulos, Konstantinos},
  booktitle={The Thirty Seventh Annual Conference on Learning Theory},
  pages={876--922},
  year={2024},
  organization={PMLR}
}

@inproceedings{o2008chow,
  title={The chow parameters problem},
  author={O'Donnell, Ryan and Servedio, Rocco A},
  booktitle={Proceedings of the fortieth annual ACM symposium on Theory of computing},
  pages={517--526},
  year={2008}
}

@article{de2023gaussian,
  title={Gaussian Approximation of Convex Sets by Intersections of Halfspaces},
  author={De, Anindya and Nadimpalli, Shivam and Servedio, Rocco A},
  journal={arXiv preprint arXiv:2311.08575},
  year={2023}
}

@article{zhang2020localized,
  title={On localized discrepancy for domain adaptation},
  author={Zhang, Yuchen and Long, Mingsheng and Wang, Jianmin and Jordan, Michael I},
  journal={arXiv preprint arXiv:2008.06242},
  year={2020}
}

@article{kpotufe2021marginal,
  title={Marginal singularity and the benefits of labels in covariate-shift},
  author={Kpotufe, Samory and Martinet, Guillaume},
  journal={The Annals of Statistics},
  volume={49},
  number={6},
  pages={3299--3323},
  year={2021},
  publisher={Institute of Mathematical Statistics}
}

@book{sugiyama2012density,
  title={Density ratio estimation in machine learning},
  author={Sugiyama, Masashi and Suzuki, Taiji and Kanamori, Takafumi},
  year={2012},
  publisher={Cambridge University Press}
}

@article{kalavasis2024transfer,
  title={Transfer Learning Beyond Bounded Density Ratios},
  author={Kalavasis, Alkis and Zadik, Ilias and Zampetakis, Manolis},
  journal={arXiv preprint arXiv:2403.11963},
  year={2024}
}

@inproceedings{hanneke2023limits,
  title={Limits of Model Selection under Transfer Learning},
  author={Hanneke, Steve and Kpotufe, Samory and Mahdaviyeh, Yasaman},
  booktitle={The Thirty Sixth Annual Conference on Learning Theory},
  pages={5781--5812},
  year={2023},
  organization={PMLR}
}

@article{diakonikolas2023efficient,
  title={Efficient testable learning of halfspaces with adversarial label noise},
  author={Diakonikolas, Ilias and Kane, Daniel and Kontonis, Vasilis and Liu, Sihan and Zarifis, Nikos},
  journal={Advances in Neural Information Processing Systems},
  volume={36},
  year={2023}
}

@inproceedings{KOS08,
  author       = {Adam R. Klivans and
                  Ryan O'Donnell and
                  Rocco A. Servedio},
  title        = {Learning Geometric Concepts via Gaussian Surface Area},
  booktitle    = {49th Annual {IEEE} Symposium on Foundations of Computer Science, {FOCS}
                  2008, October 25-28, 2008, Philadelphia, PA, {USA}},
  pages        = {541--550},
  publisher    = {{IEEE} Computer Society},
  year         = {2008},
  url          = {https://doi.org/10.1109/FOCS.2008.64},
  doi          = {10.1109/FOCS.2008.64},
  timestamp    = {Thu, 23 Mar 2023 23:57:54 +0100},
  biburl       = {https://dblp.org/rec/conf/focs/KlivansOS08.bib},
  bibsource    = {dblp computer science bibliography, https://dblp.org}
}

@inproceedings{GKM12,
  author       = {Parikshit Gopalan and
                  Adam R. Klivans and
                  Raghu Meka},
  editor       = {Shie Mannor and
                  Nathan Srebro and
                  Robert C. Williamson},
  title        = {Learning Functions of Halfspaces using Prefix Covers},
  booktitle    = {{COLT} 2012 - The 25th Annual Conference on Learning Theory, June
                  25-27, 2012, Edinburgh, Scotland},
  series       = {{JMLR} Proceedings},
  volume       = {23},
  pages        = {15.1--15.10},
  publisher    = {JMLR.org},
  year         = {2012},
  url          = {http://proceedings.mlr.press/v23/gopalan12/gopalan12.pdf},
  timestamp    = {Wed, 29 May 2019 08:41:47 +0200},
  biburl       = {https://dblp.org/rec/journals/jmlr/GopalanKM12.bib},
  bibsource    = {dblp computer science bibliography, https://dblp.org}
}

@inproceedings{KKM13,
  author       = {Daniel M. Kane and
                  Adam R. Klivans and
                  Raghu Meka},
  editor       = {Shai Shalev{-}Shwartz and
                  Ingo Steinwart},
  title        = {Learning Halfspaces Under Log-Concave Densities: Polynomial Approximations
                  and Moment Matching},
  booktitle    = {{COLT} 2013 - The 26th Annual Conference on Learning Theory, June
                  12-14, 2013, Princeton University, NJ, {USA}},
  series       = {{JMLR} Workshop and Conference Proceedings},
  volume       = {30},
  pages        = {522--545},
  publisher    = {JMLR.org},
  year         = {2013},
  url          = {http://proceedings.mlr.press/v30/Kane13.html},
  timestamp    = {Wed, 29 May 2019 08:41:47 +0200},
  biburl       = {https://dblp.org/rec/conf/colt/KaneKM13.bib},
  bibsource    = {dblp computer science bibliography, https://dblp.org}
}

@article{BlumK97,
  author       = {Avrim Blum and
                  Ravindran Kannan},
  title        = {Learning an Intersection of a Constant Number of Halfspaces over a
                  Uniform Distribution},
  journal      = {J. Comput. Syst. Sci.},
  volume       = {54},
  number       = {2},
  pages        = {371--380},
  year         = {1997},
  url          = {https://doi.org/10.1006/jcss.1997.1475},
  doi          = {10.1006/JCSS.1997.1475},
  timestamp    = {Tue, 16 Feb 2021 14:04:27 +0100},
  biburl       = {https://dblp.org/rec/journals/jcss/BlumK97.bib},
  bibsource    = {dblp computer science bibliography, https://dblp.org}
}

@article{LongW94,
  author       = {Philip M. Long and
                  Manfred K. Warmuth},
  title        = {Composite Geometric Concepts and Polynomial Predictability},
  journal      = {Inf. Comput.},
  volume       = {113},
  number       = {2},
  pages        = {230--252},
  year         = {1994},
  url          = {https://doi.org/10.1006/inco.1994.1071},
  doi          = {10.1006/INCO.1994.1071},
  timestamp    = {Fri, 12 Feb 2021 22:15:39 +0100},
  biburl       = {https://dblp.org/rec/journals/iandc/LongW94.bib},
  bibsource    = {dblp computer science bibliography, https://dblp.org}
}

@inproceedings{DKS18a,
  author       = {Ilias Diakonikolas and
                  Daniel M. Kane and
                  Alistair Stewart},
  editor       = {Ilias Diakonikolas and
                  David Kempe and
                  Monika Henzinger},
  title        = {Learning geometric concepts with nasty noise},
  booktitle    = {Proceedings of the 50th Annual {ACM} {SIGACT} Symposium on Theory
                  of Computing, {STOC} 2018, Los Angeles, CA, USA, June 25-29, 2018},
  pages        = {1061--1073},
  publisher    = {{ACM}},
  year         = {2018},
  url          = {https://doi.org/10.1145/3188745.3188754},
  doi          = {10.1145/3188745.3188754},
  timestamp    = {Wed, 21 Nov 2018 12:44:02 +0100},
  biburl       = {https://dblp.org/rec/conf/stoc/DiakonikolasKS18a.bib},
  bibsource    = {dblp computer science bibliography, https://dblp.org}
}

@article{KOSOS04,
  author       = {Adam R. Klivans and
                  Ryan O'Donnell and
                  Rocco A. Servedio},
  title        = {Learning intersections and thresholds of halfspaces},
  journal      = {J. Comput. Syst. Sci.},
  volume       = {68},
  number       = {4},
  pages        = {808--840},
  year         = {2004},
  url          = {https://doi.org/10.1016/j.jcss.2003.11.002},
  doi          = {10.1016/J.JCSS.2003.11.002},
  timestamp    = {Tue, 16 Feb 2021 14:04:44 +0100},
  biburl       = {https://dblp.org/rec/journals/jcss/KlivansOS04.bib},
  bibsource    = {dblp computer science bibliography, https://dblp.org}
}

@article{gollakota2024agnostically,
  title={Agnostically learning single-index models using omnipredictors},
  author={Gollakota, Aravind and Gopalan, Parikshit and Klivans, Adam and Stavropoulos, Konstantinos},
  journal={Advances in Neural Information Processing Systems},
  volume={36},
  year={2024}
}

@article{chandrasekaran2024efficient,
  title={Efficient Discrepancy Testing for Learning with Distribution Shift},
  author={Chandrasekaran, Gautam and Klivans, Adam R and Kontonis, Vasilis and Stavropoulos, Konstantinos and Vasilyan, Arsen},
  journal={arXiv preprint arXiv:2406.09373},
  year={2024}
}

@article{goel2024tolerant,
  title={Tolerant Algorithms for Learning with Arbitrary Covariate Shift},
  author={Goel, Surbhi and Shetty, Abhishek and Stavropoulos, Konstantinos and Vasilyan, Arsen},
  journal={arXiv preprint arXiv:2406.02742},
  year={2024}
}

@inproceedings{Valiant1984ATO,
  title={A theory of the learnable},
  author={Leslie G. Valiant},
  booktitle={STOC '84},
  year={1984}
}

@inproceedings{gopalan2022omnipredictors,
  title={Omnipredictors},
  author={Gopalan, Parikshit and Kalai, Adam Tauman and Reingold, Omer and Sharan, Vatsal and Wieder, Udi},
  booktitle={13th Innovations in Theoretical Computer Science Conference (ITCS 2022)},
  year={2022},
  organization={Schloss-Dagstuhl-Leibniz Zentrum f{\"u}r Informatik}
}

@inproceedings{gopalan2023loss,
  title={Loss Minimization Through the Lens Of Outcome Indistinguishability},
  author={Gopalan, Parikshit and Hu, Lunjia and Kim, Michael P and Reingold, Omer and Wieder, Udi},
  booktitle={14th Innovations in Theoretical Computer Science Conference (ITCS 2023)},
  year={2023}
}

@inproceedings{spielman2005smoothed,
  title={The smoothed analysis of algorithms},
  author={Spielman, Daniel A},
  booktitle={Fundamentals of Computation Theory: 15th International Symposium, FCT 2005, L{\"u}beck, Germany, August 17-20, 2005. Proceedings 15},
  pages={17--18},
  year={2005},
  organization={Springer}
}

@article{spielman2004smoothed,
  title={Smoothed analysis of algorithms: Why the simplex algorithm usually takes polynomial time},
  author={Spielman, Daniel A and Teng, Shang-Hua},
  journal={Journal of the ACM (JACM)},
  volume={51},
  number={3},
  pages={385--463},
  year={2004},
  publisher={ACM New York, NY, USA}
}

@inproceedings{glmtron,
	author = {Kakade, Sham M and Kanade, Varun and Shamir, Ohad and Kalai, Adam},
	booktitle = {Advances in Neural Information Processing Systems},
	editor = {J. Shawe-Taylor and R. Zemel and P. Bartlett and F. Pereira and K.Q. Weinberger},
	publisher = {Curran Associates, Inc.},
	title = {Efficient Learning of Generalized Linear and Single Index Models with Isotonic Regression},
	volume = {24},
	year = {2011}}

@inbook{Newman1964,
	address = {Basel},
	author = {Newman, D. J. and Shapiro, H. S.},
	pages = {208--219},
	publisher = {Springer Basel},
	title = {Jackson's Theorem in Higher Dimensions},
	year = {1964}}

@inproceedings{reliable_goel2017,
	author = {Goel, Surbhi and Kanade, Varun and Klivans, Adam and Thaler, Justin},
	booktitle = {Proceedings of the 2017 Conference on Learning Theory},
	editor = {Kale, Satyen and Shamir, Ohad},
	month = {07--10 Jul},
	pages = {1004--1042},
	publisher = {PMLR},
	series = {Proceedings of Machine Learning Research},
	title = {Reliably Learning the ReLU in Polynomial Time},
	volume = {65},
	year = {2017}}

@article{FERGER201496marcinkiewicz,
title = {Optimal constants in the Marcinkiewiczâ€“Zygmund inequalities},
journal = {Statistics \& Probability Letters},
volume = {84},
pages = {96-101},
year = {2014},
issn = {0167-7152},
doi = {https://doi.org/10.1016/j.spl.2013.09.029},
url = {https://www.sciencedirect.com/science/article/pii/S0167715213003271},
author = {Dietmar Ferger},
keywords = {Moment bounds, Khintchine inequalities, Symmetrization}
}

@article{hanneke2019value,
  title={On the value of target data in transfer learning},
  author={Hanneke, Steve and Kpotufe, Samory},
  journal={Advances in Neural Information Processing Systems},
  volume={32},
  year={2019}
}

@article{hanneke2024more,
  title={A More Unified Theory of Transfer Learning},
  author={Hanneke, Steve and Kpotufe, Samory},
  journal={arXiv preprint arXiv:2408.16189},
  year={2024}
}

@article{mousavi2020minimax,
  title={Minimax lower bounds for transfer learning with linear and one-hidden layer neural networks},
  author={Mousavi Kalan, Mohammadreza and Fabian, Zalan and Avestimehr, Salman and Soltanolkotabi, Mahdi},
  journal={Advances in Neural Information Processing Systems},
  volume={33},
  pages={1959--1969},
  year={2020}
}

@inproceedings{lei2021near,
  title={Near-optimal linear regression under distribution shift},
  author={Lei, Qi and Hu, Wei and Lee, Jason},
  booktitle={International Conference on Machine Learning},
  pages={6164--6174},
  year={2021},
  organization={PMLR}
}

@article{carbery2001distributional,
  title={Distributional and Lq norm inequalities for polynomials over convex bodies in Rn},
  author={Carbery, Anthony and Wright, James},
  journal={Mathematical research letters},
  volume={8},
  number={3},
  pages={233--248},
  year={2001},
  publisher={International Press of Boston}
}


%%% Neural Networks Efficient %%% + reliable_goel2017 goel2019learning chen2023learning chen2022hardness goel2020superpolynomial goel2020statistical diakonikolas2020algorithms diakonikolas2020near chen2022learning diakonikolas2022learning


@inproceedings{goel2019learning,
  title={Learning neural networks with two nonlinear layers in polynomial time},
  author={Goel, Surbhi and Klivans, Adam R},
  booktitle={Conference on Learning Theory},
  pages={1470--1499},
  year={2019},
  organization={PMLR}
}

@inproceedings{chen2023learning,
  title={Learning narrow one-hidden-layer relu networks},
  author={Chen, Sitan and Dou, Zehao and Goel, Surbhi and Klivans, Adam and Meka, Raghu},
  booktitle={The Thirty Sixth Annual Conference on Learning Theory},
  pages={5580--5614},
  year={2023},
  organization={PMLR}
}

@article{chen2022hardness,
  title={Hardness of noise-free learning for two-hidden-layer neural networks},
  author={Chen, Sitan and Gollakota, Aravind and Klivans, Adam and Meka, Raghu},
  journal={Advances in Neural Information Processing Systems},
  volume={35},
  pages={10709--10724},
  year={2022}
}

@inproceedings{goel2020superpolynomial,
  title={Superpolynomial lower bounds for learning one-layer neural networks using gradient descent},
  author={Goel, Surbhi and Gollakota, Aravind and Jin, Zhihan and Karmalkar, Sushrut and Klivans, Adam},
  booktitle={International Conference on Machine Learning},
  pages={3587--3596},
  year={2020},
  organization={PMLR}
}



@inproceedings{diakonikolas2020algorithms,
  title={Algorithms and sq lower bounds for pac learning one-hidden-layer relu networks},
  author={Diakonikolas, Ilias and Kane, Daniel M and Kontonis, Vasilis and Zarifis, Nikos},
  booktitle={Conference on Learning Theory},
  pages={1514--1539},
  year={2020},
  organization={PMLR}
}



@inproceedings{chen2022learning,
  title={Learning deep relu networks is fixed-parameter tractable},
  author={Chen, Sitan and Klivans, Adam R and Meka, Raghu},
  booktitle={2021 IEEE 62nd Annual Symposium on Foundations of Computer Science (FOCS)},
  pages={696--707},
  year={2022},
  organization={IEEE}
}

@inproceedings{diakonikolas2022learning,
  title={Learning a single neuron with adversarial label noise via gradient descent},
  author={Diakonikolas, Ilias and Kontonis, Vasilis and Tzamos, Christos and Zarifis, Nikos},
  booktitle={Conference on Learning Theory},
  pages={4313--4361},
  year={2022},
  organization={PMLR}
}


@inproceedings{wang2023robustly,
  title={Robustly learning a single neuron via sharpness},
  author={Wang, Puqian and Zarifis, Nikos and Diakonikolas, Ilias and Diakonikolas, Jelena},
  booktitle={International Conference on Machine Learning},
  pages={36541--36577},
  year={2023},
  organization={PMLR}
}

@inproceedings{diakonikolas2024efficiently,
  title={Efficiently Learning One-Hidden-Layer ReLU Networks via SchurPolynomials},
  author={Diakonikolas, Ilias and Kane, Daniel M},
  booktitle={The Thirty Seventh Annual Conference on Learning Theory},
  pages={1364--1378},
  year={2024},
  organization={PMLR}
}

@inproceedings{diakonikolas2020approximation,
  title={Approximation schemes for relu regression},
  author={Diakonikolas, Ilias and Goel, Surbhi and Karmalkar, Sushrut and Klivans, Adam R and Soltanolkotabi, Mahdi},
  booktitle={Conference on learning theory},
  pages={1452--1485},
  year={2020},
  organization={PMLR}
}


%% More NNs efficient: li2020learning,gao2019learning,zhang2019learning,vempala2019gradient,allen2019learning,bakshi2019learning,manurangsi2018computational,ge2019learning,ge2018learning,du2018convolutional,goel2018learning,tian2017analytical,li2017convergence,brutzkus2017globally,zhong2017recovery,zhang2016l1,janzamin2015beating

@inproceedings{li2020learning,
  title={Learning over-parametrized two-layer neural networks beyond ntk},
  author={Li, Yuanzhi and Ma, Tengyu and Zhang, Hongyang R},
  booktitle={Conference on learning theory},
  pages={2613--2682},
  year={2020},
  organization={PMLR}
}

@inproceedings{gao2019learning,
  title={Learning one-hidden-layer neural networks under general input distributions},
  author={Gao, Weihao and Makkuva, Ashok V and Oh, Sewoong and Viswanath, Pramod},
  booktitle={The 22nd International Conference on Artificial Intelligence and Statistics},
  pages={1950--1959},
  year={2019},
  organization={PMLR}
}

@inproceedings{zhang2019learning,
  title={Learning one-hidden-layer relu networks via gradient descent},
  author={Zhang, Xiao and Yu, Yaodong and Wang, Lingxiao and Gu, Quanquan},
  booktitle={The 22nd international conference on artificial intelligence and statistics},
  pages={1524--1534},
  year={2019},
  organization={PMLR}
}

@inproceedings{vempala2019gradient,
  title={Gradient descent for one-hidden-layer neural networks: Polynomial convergence and sq lower bounds},
  author={Vempala, Santosh and Wilmes, John},
  booktitle={Conference on Learning Theory},
  pages={3115--3117},
  year={2019},
  organization={PMLR}
}

@article{allen2019learning,
  title={Learning and generalization in overparameterized neural networks, going beyond two layers},
  author={Allen-Zhu, Zeyuan and Li, Yuanzhi and Liang, Yingyu},
  journal={Advances in neural information processing systems},
  volume={32},
  year={2019}
}

@inproceedings{bakshi2019learning,
  title={Learning two layer rectified neural networks in polynomial time},
  author={Bakshi, Ainesh and Jayaram, Rajesh and Woodruff, David P},
  booktitle={Conference on Learning Theory},
  pages={195--268},
  year={2019},
  organization={PMLR}
}

@article{manurangsi2018computational,
  title={The computational complexity of training relu (s)},
  author={Manurangsi, Pasin and Reichman, Daniel},
  journal={arXiv preprint arXiv:1810.04207},
  year={2018}
}

@inproceedings{ge2019learning,
  title={Learning Two-Layer Neural Networks with Symmetric Inputs},
  author={Ge, Rong and Kuditipudi, Rohith and Li, Zhize and Wang, Xiang},
  booktitle={International Conference on Learning Representations},
  year={2019}
}

@inproceedings{ge2018learning,
  title={Learning one-hidden-layer neural networks with landscape design},
  author={Ge, Rong and Lee, Jason D and Ma, Tengyu},
  booktitle={6th International Conference on Learning Representations, ICLR 2018},
  year={2018}
}

@inproceedings{du2018convolutional,
  title={When is a convolutional filter easy to learn?},
  author={Du, Simon S and Lee, Jason D and Tian, Yuandong},
  booktitle={6th International Conference on Learning Representations, ICLR 2018},
  year={2018}
}

@inproceedings{goel2018learning,
  title={Learning one convolutional layer with overlapping patches},
  author={Goel, Surbhi and Klivans, Adam and Meka, Raghu},
  booktitle={International conference on machine learning},
  pages={1783--1791},
  year={2018},
  organization={PMLR}
}

@inproceedings{tian2017analytical,
  title={An analytical formula of population gradient for two-layered relu network and its applications in convergence and critical point analysis},
  author={Tian, Yuandong},
  booktitle={International conference on machine learning},
  pages={3404--3413},
  year={2017},
  organization={PMLR}
}

@article{li2017convergence,
  title={Convergence analysis of two-layer neural networks with relu activation},
  author={Li, Yuanzhi and Yuan, Yang},
  journal={Advances in neural information processing systems},
  volume={30},
  year={2017}
}

@inproceedings{brutzkus2017globally,
  title={Globally optimal gradient descent for a convnet with gaussian inputs},
  author={Brutzkus, Alon and Globerson, Amir},
  booktitle={International conference on machine learning},
  pages={605--614},
  year={2017},
  organization={PMLR}
}

@inproceedings{zhong2017recovery,
  title={Recovery guarantees for one-hidden-layer neural networks},
  author={Zhong, Kai and Song, Zhao and Jain, Prateek and Bartlett, Peter L and Dhillon, Inderjit S},
  booktitle={International conference on machine learning},
  pages={4140--4149},
  year={2017},
  organization={PMLR}
}

@inproceedings{zhang2016l1,
  title={l1-regularized neural networks are improperly learnable in polynomial time},
  author={Zhang, Yuchen and Lee, Jason D and Jordan, Michael I},
  booktitle={International Conference on Machine Learning},
  pages={993--1001},
  year={2016},
  organization={PMLR}
}

@article{janzamin2015beating,
  title={Beating the perils of non-convexity: Guaranteed training of neural networks using tensor methods},
  author={Janzamin, Majid and Sedghi, Hanie and Anandkumar, Anima},
  journal={arXiv preprint arXiv:1506.08473},
  year={2015}
}

%%%%%%%%%%%%%%%%%%%%%%%%%%%%



@article{kearns1998efficient,
  title={Efficient noise-tolerant learning from statistical queries},
  author={Kearns, Michael},
  journal={Journal of the ACM (JACM)},
  volume={45},
  number={6},
  pages={983--1006},
  year={1998},
  publisher={ACM New York, NY, USA}
}

@inproceedings{diakonikolas2024testable,
  title={Testable Learning of General Halfspaces with Adversarial Label Noise},
  author={Diakonikolas, Ilias and Kane, Daniel and Liu, Sihan and Zarifis, Nikos},
  booktitle={The Thirty Seventh Annual Conference on Learning Theory},
  pages={1308--1335},
  year={2024},
  organization={PMLR}
}

@article{slot2024testably,
  title={Testably Learning Polynomial Threshold Functions},
  author={Slot, Lucas and Tiegel, Stefan and Wiedmer, Manuel},
  journal={arXiv preprint arXiv:2406.06106},
  year={2024}
}

@article{awasthi2024best,
  title={Best-effort adaptation},
  author={Awasthi, Pranjal and Cortes, Corinna and Mohri, Mehryar},
  journal={Annals of Mathematics and Artificial Intelligence},
  volume={92},
  number={2},
  pages={393--438},
  year={2024},
  publisher={Springer}
}