@article{Baykal2019SiPPingNN,
  title={SiPPing Neural Networks: Sensitivity-informed Provable Pruning of Neural Networks},
  author={Cenk Baykal and Lucas Liebenwein and Igor Gilitschenski and Dan Feldman and Daniela Rus},
  journal={ArXiv},
  year={2019},
  volume={abs/1910.05422},
  url={https://api.semanticscholar.org/CorpusID:204509176}
}

@article{Ding2019CentripetalSF,
  title={Centripetal SGD for Pruning Very Deep Convolutional Networks With Complicated Structure},
  author={Xiaohan Ding and Guiguang Ding and Yuchen Guo and J. Han},
  journal={2019 IEEE/CVF Conference on Computer Vision and Pattern Recognition (CVPR)},
  year={2019},
  pages={4938-4948},
  url={https://api.semanticscholar.org/CorpusID:102350555}
}

@INPROCEEDINGS{Guo9533741,
  author={Guo, Yangzi and She, Yiyuan and Barbu, Adrian},
  booktitle={2021 International Joint Conference on Neural Networks (IJCNN)}, 
  title={Network Pruning via Annealing and Direct Sparsity Control}, 
  year={2021},
  volume={},
  number={},
  pages={1-8},
  keywords={Training;Q-factor;Deep learning;Schedules;Art;Costs;Annealing},
  doi={10.1109/IJCNN52387.2021.9533741}
}

@INPROCEEDINGS{Guo9533833,
  author={Guo, Yangzi and Wu, Ying Nian and Barbu, Adrian},
  booktitle={2021 International Joint Conference on Neural Networks (IJCNN)}, 
  title={A Study of Local Optima for Learning Feature Interactions using Neural Networks}, 
  year={2021},
  volume={},
  number={},
  pages={1-8},
  keywords={Training;Biological system modeling;Neurons;Training data;Artificial neural networks;Predictive models;Feature extraction},
  doi={10.1109/IJCNN52387.2021.9533833}
}

@inproceedings{Kusupati2020SoftTW,
  title={Soft Threshold Weight Reparameterization for Learnable Sparsity},
  author={Aditya Kusupati and Vivek Ramanujan and Raghav Somani and Mitchell Wortsman and Prateek Jain and Sham M. Kakade and Ali Farhadi},
  booktitle={International Conference on Machine Learning},
  year={2020},
  url={https://api.semanticscholar.org/CorpusID:211069143}
}

@article{Lin2020DynamicMP,
  title={Dynamic Model Pruning with Feedback},
  author={Tao Lin and Sebastian U. Stich and Luis Barba and Daniil Dmitriev and Martin Jaggi},
  journal={ArXiv},
  year={2020},
  volume={abs/2006.07253},
  url={https://api.semanticscholar.org/CorpusID:213729382}
}

@article{Luo2018AutoPrunerAE,
  title={AutoPruner: An End-to-End Trainable Filter Pruning Method for Efficient Deep Model Inference},
  author={Jian-Hao Luo and Jianxin Wu},
  journal={ArXiv},
  year={2018},
  volume={abs/1805.08941},
  url={https://api.semanticscholar.org/CorpusID:43921311}
}

@article{Luo2019NeuralNP,
  title={Neural Network Pruning With Residual-Connections and Limited-Data},
  author={Jian-Hao Luo and Jianxin Wu},
  journal={2020 IEEE/CVF Conference on Computer Vision and Pattern Recognition (CVPR)},
  year={2019},
  pages={1455-1464},
  url={https://api.semanticscholar.org/CorpusID:208158386}
}

@article{Nayman2019XNASNA,
  title={XNAS: Neural Architecture Search with Expert Advice},
  author={Niv Nayman and Asaf Noy and T. Ridnik and Itamar Friedman and Rong Jin and Lihi Zelnik-Manor},
  journal={ArXiv},
  year={2019},
  volume={abs/1906.08031},
  url={https://api.semanticscholar.org/CorpusID:195069433}
}

@article{Savarese2019WinningTL,
  title={Winning the Lottery with Continuous Sparsification},
  author={Pedro H. P. Savarese and Hugo Silva and Michael Maire},
  journal={ArXiv},
  year={2019},
  volume={abs/1912.04427},
  url={https://api.semanticscholar.org/CorpusID:209140629}
}

@INCOLLECTION{Weigend1990-wf,
  title     = "Generalization by weight-elimination with application to
               forecasting",
  booktitle = "Advances in neural information processing systems",
  author    = "Weigend, Andreas and Rumelhart, David and Huberman, Bernardo",
  publisher = "NIPS",
  year      =  1990
}

@article{Zhang2021CarryingOC,
  title={Carrying Out CNN Channel Pruning in a White Box},
  author={Yu-xin Zhang and Mingbao Lin and Chia-Wen Lin and Jie Chen and Feiyue Huang and Yongjian Wu and Yonghong Tian and R. Ji},
  journal={IEEE Transactions on Neural Networks and Learning Systems},
  year={2021},
  volume={34},
  pages={7946-7955},
  url={https://api.semanticscholar.org/CorpusID:233394250}
}

@article{Zhu2017ToPO,
  title={To prune, or not to prune: exploring the efficacy of pruning for model compression},
  author={Michael Zhu and Suyog Gupta},
  journal={ArXiv},
  year={2017},
  volume={abs/1710.01878},
  url={https://api.semanticscholar.org/CorpusID:27494814}
}

@article{cheng2024survey,
  title={A survey on deep neural network pruning: Taxonomy, comparison, analysis, and recommendations},
  author={Cheng, Hongrong and Zhang, Miao and Shi, Javen Qinfeng},
  journal={IEEE Transactions on Pattern Analysis and Machine Intelligence},
  year={2024},
  publisher={IEEE}
}

@article{dhal2022comprehensive,
  title={A comprehensive survey on feature selection in the various fields of machine learning},
  author={Dhal, Pradip and Azad, Chandrashekhar},
  journal={Applied Intelligence},
  volume={52},
  number={4},
  pages={4543--4581},
  year={2022},
  publisher={Springer}
}

@inproceedings{guo2016dynamic,
  title={Dynamic network surgery for efficient dnns},
  author={Guo, Yiwen and Yao, Anbang and Chen, Yurong},
  booktitle={Advances In Neural Information Processing Systems},
  pages={1379--1387},
  year={2016}
}

@article{han2015learning,
  title={Learning both weights and connections for efficient neural network},
  author={Han, Song and Pool, Jeff and Tran, John and Dally, William},
  journal={Advances in neural information processing systems},
  volume={28},
  year={2015}
}

@inproceedings{hassibi1993second,
  title={Second order derivatives for network pruning: Optimal brain surgeon},
  author={Hassibi, Babak and Stork, David G},
  booktitle={Advances in neural information processing systems},
  pages={164--171},
  year={1993}
}

@inproceedings{he2019filter,
  title={Filter pruning via geometric median for deep convolutional neural networks acceleration},
  author={He, Yang and Liu, Ping and Wang, Ziwei and Hu, Zhilan and Yang, Yi},
  booktitle={Proceedings of the IEEE/CVF conference on computer vision and pattern recognition},
  pages={4340--4349},
  year={2019}
}

@article{he2023structured,
  title={Structured pruning for deep convolutional neural networks: A survey},
  author={He, Yang and Xiao, Lingao},
  journal={IEEE transactions on pattern analysis and machine intelligence},
  year={2023},
  publisher={IEEE}
}

@article{kishor2024early,
  title={Early and accurate prediction of diabetics based on FCBF feature selection and SMOTE},
  author={Kishor, Amit and Chakraborty, Chinmay},
  journal={International Journal of System Assurance Engineering and Management},
  volume={15},
  number={10},
  pages={4649--4657},
  year={2024},
  publisher={Springer}
}

@inproceedings{lecun1990optimal,
  title={Optimal brain damage},
  author={LeCun, Yann and Denker, John S and Solla, Sara A},
  booktitle={Advances in neural information processing systems},
  pages={598--605},
  year={1990}
}

@inproceedings{liu2017learning,
  title={Learning efficient convolutional networks through network slimming},
  author={Liu, Zhuang and Li, Jianguo and Shen, Zhiqiang and Huang, Gao and Yan, Shoumeng and Zhang, Changshui},
  booktitle={Proceedings of the IEEE international conference on computer vision},
  pages={2736--2744},
  year={2017}
}

@article{shakeela2021optimal,
  title={Optimal ensemble learning based on distinctive feature selection by univariate ANOVA-F statistics for IDS},
  author={Shakeela, Shaikh and Shankar, N Sai and Reddy, P Mohan and Tulasi, T Kavya and Koneru, M Mahesh},
  journal={International Journal of Electronics and Telecommunications},
  pages={267--275},
  year={2021},
  publisher={Polish Academy of Sciences Committee of Electronics and Telecommunications}
}

@article{wang2019screening,
  title={Are screening methods useful in feature selection? An empirical study},
  author={Wang, Mingyuan and Barbu, Adrian},
  journal={PloS one},
  volume={14},
  number={9},
  pages={e0220842},
  year={2019},
  publisher={Public Library of Science San Francisco, CA USA}
}

@inproceedings{wang2021feature,
  title={Feature selection method based on chi-square test and minimum redundancy},
  author={Wang, Yuxian and Zhou, Changyin},
  booktitle={Emerging Trends in Intelligent and Interactive Systems and Applications: Proceedings of the 5th International Conference on Intelligent, Interactive Systems and Applications (IISA2020)},
  pages={171--178},
  year={2021},
  organization={Springer}
}

@article{wang2022online,
  title={Online feature screening for data streams with concept drift},
  author={Wang, Mingyuan and Barbu, Adrian},
  journal={IEEE Transactions on Knowledge and Data Engineering},
  volume={35},
  number={11},
  pages={11693--11707},
  year={2022},
  publisher={IEEE}
}

@article{yin2023igrf,
  title={IGRF-RFE: a hybrid feature selection method for MLP-based network intrusion detection on UNSW-NB15 dataset},
  author={Yin, Yuhua and Jang-Jaccard, Julian and Xu, Wen and Singh, Amardeep and Zhu, Jinting and Sabrina, Fariza and Kwak, Jin},
  journal={Journal of Big Data},
  volume={10},
  number={1},
  pages={15},
  year={2023},
  publisher={Springer}
}

@article{zhou2022feature,
  title={Feature Screening via Mutual Information Learning Based on Nonparametric Density Estimation},
  author={Zhou, Shengbin and Wang, Tao and Huang, Yejin},
  journal={Journal of Mathematics},
  volume={2022},
  number={1},
  pages={7584374},
  year={2022},
  publisher={Wiley Online Library}
}

