@article{krizhevsky2012imagenet,
  title={Imagenet classification with deep convolutional neural networks},
  author={Krizhevsky, Alex and Sutskever, Ilya and Hinton, Geoffrey E},
  journal={Advances in neural information processing systems},
  volume={25},
  year={2012}
}

@inproceedings{redmon2016you,
  title={You only look once: Unified, real-time object detection},
  author={Redmon, J},
  booktitle={Proceedings of the IEEE conference on computer vision and pattern recognition},
  year={2016}
}

@inproceedings{he2017mask,
  title={Mask r-cnn},
  author={He, Kaiming and Gkioxari, Georgia and Doll{\'a}r, Piotr and Girshick, Ross},
  booktitle={Proceedings of the IEEE international conference on computer vision},
  pages={2961--2969},
  year={2017}
}

@article{mikolov2013efficient,
  title={Efficient estimation of word representations in vector space},
  author={Mikolov, Tomas},
  journal={arXiv preprint arXiv:1301.3781},
  volume={3781},
  year={2013}
}

@article{sutskever2014sequence,
  title={Sequence to Sequence Learning with Neural Networks},
  author={Sutskever, I},
  journal={arXiv preprint arXiv:1409.3215},
  year={2014}
}

@article{devlin2018bert,
  title={Bert: Pre-training of deep bidirectional transformers for language understanding},
  author={Devlin, Jacob},
  journal={arXiv preprint arXiv:1810.04805},
  year={2018}
}

@article{guo2017deepfm,
  title={DeepFM: a factorization-machine based neural network for CTR prediction},
  author={Guo, Huifeng and Tang, Ruiming and Ye, Yunming and Li, Zhenguo and He, Xiuqiang},
  journal={arXiv preprint arXiv:1703.04247},
  year={2017}
}

@article{arora2022probabilistic,
  title={Probabilistic wind power forecasting using optimized deep auto-regressive recurrent neural networks},
  author={Arora, Parul and Jalali, Seyed Mohammad Jafar and Ahmadian, Sajad and Panigrahi, Bijaya K and Suganthan, Ponnuthurai N and Khosravi, Abbas},
  journal={IEEE Transactions on Industrial Informatics},
  volume={19},
  number={3},
  pages={2814--2825},
  year={2022},
  publisher={IEEE}
}

@article{zhou2022feature,
  title={Feature Screening via Mutual Information Learning Based on Nonparametric Density Estimation},
  author={Zhou, Shengbin and Wang, Tao and Huang, Yejin},
  journal={Journal of Mathematics},
  volume={2022},
  number={1},
  pages={7584374},
  year={2022},
  publisher={Wiley Online Library}
}

@article{shakeela2021optimal,
  title={Optimal ensemble learning based on distinctive feature selection by univariate ANOVA-F statistics for IDS},
  author={Shakeela, Shaikh and Shankar, N Sai and Reddy, P Mohan and Tulasi, T Kavya and Koneru, M Mahesh},
  journal={International Journal of Electronics and Telecommunications},
  pages={267--275},
  year={2021},
  publisher={Polish Academy of Sciences Committee of Electronics and Telecommunications}
}

@article{lim2021temporal,
  title={Temporal fusion transformers for interpretable multi-horizon time series forecasting},
  author={Lim, Bryan and Ar{\i}k, Sercan {\"O} and Loeff, Nicolas and Pfister, Tomas},
  journal={International Journal of Forecasting},
  volume={37},
  number={4},
  pages={1748--1764},
  year={2021},
  publisher={Elsevier}
}

@article{simonyan2014very,
  title={Very deep convolutional networks for large-scale image recognition},
  author={Simonyan, Karen},
  journal={arXiv preprint arXiv:1409.1556},
  year={2014}
}

@inproceedings{huang2017densely,
  title={Densely connected convolutional networks},
  author={Huang, Gao and Liu, Zhuang and Van Der Maaten, Laurens and Weinberger, Kilian Q},
  booktitle={Proceedings of the IEEE conference on computer vision and pattern recognition},
  pages={4700--4708},
  year={2017}
}

@inproceedings{zhang2018shufflenet,
  title={Shufflenet: An extremely efficient convolutional neural network for mobile devices},
  author={Zhang, Xiangyu and Zhou, Xinyu and Lin, Mengxiao and Sun, Jian},
  booktitle={Proceedings of the IEEE conference on computer vision and pattern recognition},
  pages={6848--6856},
  year={2018}
}

@article{howard2017mobilenets,
  title={Mobilenets: Efficient convolutional neural networks for mobile vision applications},
  author={Howard, Andrew G},
  journal={arXiv preprint arXiv:1704.04861},
  year={2017}
}

@article{dosovitskiy2020image,
  title={An image is worth 16x16 words: Transformers for image recognition at scale},
  author={Dosovitskiy, Alexey},
  journal={arXiv preprint arXiv:2010.11929},
  year={2020}
}

@article{hinton2015distilling,
  title={Distilling the Knowledge in a Neural Network},
  author={Hinton, Geoffrey},
  journal={arXiv preprint arXiv:1503.02531},
  year={2015}
}

@article{tian2019contrastive,
  title={Contrastive representation distillation},
  author={Tian, Yonglong and Krishnan, Dilip and Isola, Phillip},
  journal={arXiv preprint arXiv:1910.10699},
  year={2019}
}

@inproceedings{jacob2018quantization,
  title={Quantization and training of neural networks for efficient integer-arithmetic-only inference},
  author={Jacob, Benoit and Kligys, Skirmantas and Chen, Bo and Zhu, Menglong and Tang, Matthew and Howard, Andrew and Adam, Hartwig and Kalenichenko, Dmitry},
  booktitle={Proceedings of the IEEE conference on computer vision and pattern recognition},
  pages={2704--2713},
  year={2018}
}

@article{wu2018training,
  title={Training and inference with integers in deep neural networks},
  author={Wu, Shuang and Li, Guoqi and Chen, Feng and Shi, Luping},
  journal={arXiv preprint arXiv:1802.04680},
  year={2018}
}

@inproceedings{sun2017svdnet,
  title={Svdnet for pedestrian retrieval},
  author={Sun, Yifan and Zheng, Liang and Deng, Weijian and Wang, Shengjin},
  booktitle={Proceedings of the IEEE international conference on computer vision},
  pages={3800--3808},
  year={2017}
}

@article{haeffele2015global,
  title={Global optimality in tensor factorization, deep learning, and beyond},
  author={Haeffele, Benjamin D and Vidal, Ren{\'e}},
  journal={arXiv preprint arXiv:1506.07540},
  year={2015}
}

@article{zoph2016neural,
  title={Neural architecture search with reinforcement learning},
  author={Zoph, B},
  journal={arXiv preprint arXiv:1611.01578},
  year={2016}
}

@inproceedings{wu2018deep,
  title={Deep k-means: Re-training and parameter sharing with harder cluster assignments for compressing deep convolutions},
  author={Wu, Junru and Wang, Yue and Wu, Zhenyu and Wang, Zhangyang and Veeraraghavan, Ashok and Lin, Yingyan},
  booktitle={International Conference on Machine Learning},
  pages={5363--5372},
  year={2018},
  organization={PMLR}
}

@article{he2023structured,
  title={Structured pruning for deep convolutional neural networks: A survey},
  author={He, Yang and Xiao, Lingao},
  journal={IEEE transactions on pattern analysis and machine intelligence},
  year={2023},
  publisher={IEEE}
}

@inproceedings{he2017channel,
  title={Channel pruning for accelerating very deep neural networks},
  author={He, Yihui and Zhang, Xiangyu and Sun, Jian},
  booktitle={Proceedings of the IEEE international conference on computer vision},
  pages={1389--1397},
  year={2017}
}

@article{lin2017runtime,
  title={Runtime neural pruning},
  author={Lin, Ji and Rao, Yongming and Lu, Jiwen and Zhou, Jie},
  journal={Advances in neural information processing systems},
  volume={30},
  year={2017}
}

@article{hua2019channel,
  title={Channel gating neural networks},
  author={Hua, Weizhe and Zhou, Yuan and De Sa, Christopher M and Zhang, Zhiru and Suh, G Edward},
  journal={Advances in Neural Information Processing Systems},
  volume={32},
  year={2019}
}

@inproceedings{guo-etal-2021-parameter,
    title = "Parameter-Efficient Transfer Learning with Diff Pruning",
    author = "Guo, Demi  and
      Rush, Alexander  and
      Kim, Yoon",
    booktitle = "Proceedings of the 59th Annual Meeting of the Association for Computational Linguistics and the 11th International Joint Conference on Natural Language Processing (Volume 1: Long Papers)",
    month = aug,
    year = "2021",
    doi = "10.18653/v1/2021.acl-long.378",
    pages = "4884--4896",
}


@InProceedings{pmlr-v119-tan20a,
  title = 	 {{D}rop{N}et: Reducing Neural Network Complexity via Iterative Pruning},
  author =       {Tan, Chong Min John and Motani, Mehul},
  booktitle = 	 {Proceedings of the 37th International Conference on Machine Learning},
  pages = 	 {9356--9366},
  year = 	 {2020},
  editor = 	 {III, Hal Daum√© and Singh, Aarti},
  volume = 	 {119},
  series = 	 {Proceedings of Machine Learning Research},
  month = 	 {13--18 Jul},
  publisher =    {PMLR},
  pdf = 	 {http://proceedings.mlr.press/v119/tan20a/tan20a.pdf},
  url = 	 {https://proceedings.mlr.press/v119/tan20a.html},
}

@INPROCEEDINGS{Guo9533741,
  author={Guo, Yangzi and She, Yiyuan and Barbu, Adrian},
  booktitle={2021 International Joint Conference on Neural Networks (IJCNN)}, 
  title={Network Pruning via Annealing and Direct Sparsity Control}, 
  year={2021},
  volume={},
  number={},
  pages={1-8},
  keywords={Training;Q-factor;Deep learning;Schedules;Art;Costs;Annealing},
  doi={10.1109/IJCNN52387.2021.9533741}
}

@article{Amersfoort2020SingleSS,
  title={Single Shot Structured Pruning Before Training},
  author={Joost R. van Amersfoort and Milad Alizadeh and Sebastian Farquhar and Nicholas Donald Lane and Yarin Gal},
  journal={ArXiv},
  year={2020},
  volume={abs/2007.00389},
  url={https://api.semanticscholar.org/CorpusID:220280894}
}

@INCOLLECTION{Barbu_undated,
  title     = "A Novel Framework for Online Supervised Learning with Feature
               Selection",
  booktitle = "2021 Joint Mathematics Meetings ({JMM})",
  author    = "Barbu, Adrian and Sun, Lizhe and Wang, Mingyuan and Guo, Yangzi",
  publisher = "AMS",
  year = "2021"
}


@ARTICLE{Wang7967731,
  author={Wang, Zhisheng and Lin, Jun and Wang, Zhongfeng},
  journal={IEEE Transactions on Very Large Scale Integration (VLSI) Systems}, 
  title={Accelerating Recurrent Neural Networks: A Memory-Efficient Approach}, 
  year={2017},
  volume={25},
  number={10},
  pages={2763-2775},
  keywords={Hardware;Memory management;Recurrent neural networks;Training;Logic gates;Hardware;long‚Äìshort term memory (LSTM);network compression;recurrent neural networks (RNNs);VLSI},
  doi={10.1109/TVLSI.2017.2717950}
}

@article{Dawer2017GeneratingCT,
  title={Generating Compact Tree Ensembles via Annealing},
  author={Gitesh Dawer and Yangzi Guo and Adrian Barbu},
  journal={2020 International Joint Conference on Neural Networks (IJCNN)},
  year={2017},
  pages={1-8},
  url={https://api.semanticscholar.org/CorpusID:211205256}
}

@INCOLLECTION{Yang2021-iq,
  title     = "Graph neural networks inspired by classical iterative algorithms",
  booktitle = "International Conference on Machine Learning",
  author    = "Yang, Yongyi and Liu, Tang and Wang, Yangkun and Zhou, Jinjing
               and Gan, Quan and Wei, Zhewei and Zhang, Zheng and Huang,
               Zengfeng and Wipf, David",
  publisher = "PMLR",
  pages     = "11773--11783",
  year      =  2021
}

@inproceedings{lecun1990optimal,
  title={Optimal brain damage},
  author={LeCun, Yann and Denker, John S and Solla, Sara A},
  booktitle={Advances in neural information processing systems},
  pages={598--605},
  year={1990}
}

@inproceedings{hassibi1993second,
  title={Second order derivatives for network pruning: Optimal brain surgeon},
  author={Hassibi, Babak and Stork, David G},
  booktitle={Advances in neural information processing systems},
  pages={164--171},
  year={1993}
}

@INPROCEEDINGS{Guo9533833,
  author={Guo, Yangzi and Wu, Ying Nian and Barbu, Adrian},
  booktitle={2021 International Joint Conference on Neural Networks (IJCNN)}, 
  title={A Study of Local Optima for Learning Feature Interactions using Neural Networks}, 
  year={2021},
  volume={},
  number={},
  pages={1-8},
  keywords={Training;Biological system modeling;Neurons;Training data;Artificial neural networks;Predictive models;Feature extraction},
  doi={10.1109/IJCNN52387.2021.9533833}
}

@inproceedings{guo2016dynamic,
  title={Dynamic network surgery for efficient dnns},
  author={Guo, Yiwen and Yao, Anbang and Chen, Yurong},
  booktitle={Advances In Neural Information Processing Systems},
  pages={1379--1387},
  year={2016}
}

@INCOLLECTION{Weigend1990-wf,
  title     = "Generalization by weight-elimination with application to
               forecasting",
  booktitle = "Advances in neural information processing systems",
  author    = "Weigend, Andreas and Rumelhart, David and Huberman, Bernardo",
  publisher = "NIPS",
  year      =  1990
}

@article{Zhu2017ToPO,
  title={To prune, or not to prune: exploring the efficacy of pruning for model compression},
  author={Michael Zhu and Suyog Gupta},
  journal={ArXiv},
  year={2017},
  volume={abs/1710.01878},
  url={https://api.semanticscholar.org/CorpusID:27494814}
}

@inproceedings{Kusupati2020SoftTW,
  title={Soft Threshold Weight Reparameterization for Learnable Sparsity},
  author={Aditya Kusupati and Vivek Ramanujan and Raghav Somani and Mitchell Wortsman and Prateek Jain and Sham M. Kakade and Ali Farhadi},
  booktitle={International Conference on Machine Learning},
  year={2020},
  url={https://api.semanticscholar.org/CorpusID:211069143}
}

@article{Lin2020DynamicMP,
  title={Dynamic Model Pruning with Feedback},
  author={Tao Lin and Sebastian U. Stich and Luis Barba and Daniil Dmitriev and Martin Jaggi},
  journal={ArXiv},
  year={2020},
  volume={abs/2006.07253},
  url={https://api.semanticscholar.org/CorpusID:213729382}
}

@article{Li2016PruningFF,
  title={Pruning Filters for Efficient ConvNets},
  author={Hao Li and Asim Kadav and Igor Durdanovic and Hanan Samet and Hans Peter Graf},
  journal={ArXiv},
  year={2016},
  volume={abs/1608.08710},
  url={https://api.semanticscholar.org/CorpusID:14089312}
}

@article{Luo2017ThiNetAF,
  title={ThiNet: A Filter Level Pruning Method for Deep Neural Network Compression},
  author={Jian-Hao Luo and Jianxin Wu and Weiyao Lin},
  journal={2017 IEEE International Conference on Computer Vision (ICCV)},
  year={2017},
  pages={5068-5076},
  url={https://api.semanticscholar.org/CorpusID:11169209}
}

@article{Luo2018AutoPrunerAE,
  title={AutoPruner: An End-to-End Trainable Filter Pruning Method for Efficient Deep Model Inference},
  author={Jian-Hao Luo and Jianxin Wu},
  journal={ArXiv},
  year={2018},
  volume={abs/1805.08941},
  url={https://api.semanticscholar.org/CorpusID:43921311}
}

@article{Ding2019CentripetalSF,
  title={Centripetal SGD for Pruning Very Deep Convolutional Networks With Complicated Structure},
  author={Xiaohan Ding and Guiguang Ding and Yuchen Guo and J. Han},
  journal={2019 IEEE/CVF Conference on Computer Vision and Pattern Recognition (CVPR)},
  year={2019},
  pages={4938-4948},
  url={https://api.semanticscholar.org/CorpusID:102350555}
}

@article{Zhang2021CarryingOC,
  title={Carrying Out CNN Channel Pruning in a White Box},
  author={Yu-xin Zhang and Mingbao Lin and Chia-Wen Lin and Jie Chen and Feiyue Huang and Yongjian Wu and Yonghong Tian and R. Ji},
  journal={IEEE Transactions on Neural Networks and Learning Systems},
  year={2021},
  volume={34},
  pages={7946-7955},
  url={https://api.semanticscholar.org/CorpusID:233394250}
}

@article{Luo2019NeuralNP,
  title={Neural Network Pruning With Residual-Connections and Limited-Data},
  author={Jian-Hao Luo and Jianxin Wu},
  journal={2020 IEEE/CVF Conference on Computer Vision and Pattern Recognition (CVPR)},
  year={2019},
  pages={1455-1464},
  url={https://api.semanticscholar.org/CorpusID:208158386}
}

@article{Nayman2019XNASNA,
  title={XNAS: Neural Architecture Search with Expert Advice},
  author={Niv Nayman and Asaf Noy and T. Ridnik and Itamar Friedman and Rong Jin and Lihi Zelnik-Manor},
  journal={ArXiv},
  year={2019},
  volume={abs/1906.08031},
  url={https://api.semanticscholar.org/CorpusID:195069433}
}

@article{Baykal2019SiPPingNN,
  title={SiPPing Neural Networks: Sensitivity-informed Provable Pruning of Neural Networks},
  author={Cenk Baykal and Lucas Liebenwein and Igor Gilitschenski and Dan Feldman and Daniela Rus},
  journal={ArXiv},
  year={2019},
  volume={abs/1910.05422},
  url={https://api.semanticscholar.org/CorpusID:204509176}
}

@article{Savarese2019WinningTL,
  title={Winning the Lottery with Continuous Sparsification},
  author={Pedro H. P. Savarese and Hugo Silva and Michael Maire},
  journal={ArXiv},
  year={2019},
  volume={abs/1912.04427},
  url={https://api.semanticscholar.org/CorpusID:209140629}
}

@article{krizhevsky2009learning,
  title={Learning multiple layers of features from tiny images},
  author={Krizhevsky, Alex and Hinton, Geoffrey and others},
  year={2009},
  publisher={Citeseer}
}

@inproceedings{luo2017thinet,
  title={Thinet: A filter level pruning method for deep neural network compression},
  author={Luo, Jian-Hao and Wu, Jianxin and Lin, Weiyao},
  booktitle={Proceedings of the IEEE international conference on computer vision},
  pages={5058--5066},
  year={2017}
}

@article{lecun1998gradient,
  title={Gradient-based learning applied to document recognition},
  author={LeCun, Yann and Bottou, L{\'e}on and Bengio, Yoshua and Haffner, Patrick},
  journal={Proceedings of the IEEE},
  volume={86},
  number={11},
  pages={2278--2324},
  year={1998},
  publisher={Ieee}
}

@inproceedings{Sutskever2013OnTI,
  title={On the importance of initialization and momentum in deep learning},
  author={Ilya Sutskever and James Martens and George E. Dahl and Geoffrey E. Hinton},
  booktitle={International Conference on Machine Learning},
  year={2013},
  url={https://api.semanticscholar.org/CorpusID:10940950}
}

@article{lecun-mnisthandwrittendigit-2010,
  added-at = {2010-06-28T21:16:30.000+0200},
  author = {LeCun, Yann and Cortes, Corinna},
  biburl = {https://www.bibsonomy.org/bibtex/2935bad99fa1f65e03c25b315aa3c1032/mhwombat},
  groups = {public},
  howpublished = {http://yann.lecun.com/exdb/mnist/},
  interhash = {21b9d0558bd66279df9452562df6e6f3},
  intrahash = {935bad99fa1f65e03c25b315aa3c1032},
  keywords = {MSc _checked character_recognition mnist network neural},
  lastchecked = {2016-01-14 14:24:11},
  timestamp = {2016-07-12T19:25:30.000+0200},
  title = {{MNIST} handwritten digit database},
  url = {http://yann.lecun.com/exdb/mnist/},
  username = {mhwombat},
  year = 2010
}

@inproceedings{dawer2020neural,
  title={Neural rule ensembles: Encoding sparse feature interactions into neural networks},
  author={Dawer, Gitesh and Guo, Yangzi and Liu, Sida and Barbu, Adrian},
  booktitle={2020 International Joint Conference on Neural Networks (IJCNN)},
  pages={1--8},
  year={2020},
  organization={IEEE}
}

@article{liu2018darts,
  title={Darts: Differentiable architecture search},
  author={Liu, Hanxiao and Simonyan, Karen and Yang, Yiming},
  journal={arXiv preprint arXiv:1806.09055},
  year={2018}
}

@inproceedings{lemaire2019structured,
  title={Structured pruning of neural networks with budget-aware regularization},
  author={Lemaire, Carl and Achkar, Andrew and Jodoin, Pierre-Marc},
  booktitle={Proceedings of the IEEE/CVF Conference on Computer Vision and Pattern Recognition},
  pages={9108--9116},
  year={2019}
}

@article{vadera2022methods,
  title={Methods for pruning deep neural networks},
  author={Vadera, Sunil and Ameen, Salem},
  journal={IEEE Access},
  volume={10},
  pages={63280--63300},
  year={2022},
  publisher={IEEE}
}

@article{sun2024novel,
  title={A novel framework for online supervised learning with feature selection},
  author={Sun, Lizhe and Wang, Mingyuan and Zhu, Siquan and Barbu, Adrian},
  journal={Journal of Nonparametric Statistics},
  pages={1--27},
  year={2024},
  publisher={Taylor \& Francis}
}

@inproceedings{he2016identity,
  title={Identity mappings in deep residual networks},
  author={He, Kaiming and Zhang, Xiangyu and Ren, Shaoqing and Sun, Jian},
  booktitle={Computer Vision--ECCV 2016: 14th European Conference, Amsterdam, The Netherlands, October 11--14, 2016, Proceedings, Part IV 14},
  pages={630--645},
  year={2016},
  organization={Springer}
}

@article{cheng2024survey,
  title={A survey on deep neural network pruning: Taxonomy, comparison, analysis, and recommendations},
  author={Cheng, Hongrong and Zhang, Miao and Shi, Javen Qinfeng},
  journal={IEEE Transactions on Pattern Analysis and Machine Intelligence},
  year={2024},
  publisher={IEEE}
}

@inproceedings{he2019filter,
  title={Filter pruning via geometric median for deep convolutional neural networks acceleration},
  author={He, Yang and Liu, Ping and Wang, Ziwei and Hu, Zhilan and Yang, Yi},
  booktitle={Proceedings of the IEEE/CVF conference on computer vision and pattern recognition},
  pages={4340--4349},
  year={2019}
}

@inproceedings{liu2017learning,
  title={Learning efficient convolutional networks through network slimming},
  author={Liu, Zhuang and Li, Jianguo and Shen, Zhiqiang and Huang, Gao and Yan, Shoumeng and Zhang, Changshui},
  booktitle={Proceedings of the IEEE international conference on computer vision},
  pages={2736--2744},
  year={2017}
}

@article{han2015deep,
  title={Deep compression: Compressing deep neural networks with pruning, trained quantization and huffman coding},
  author={Han, Song and Mao, Huizi and Dally, William J},
  journal={arXiv preprint arXiv:1510.00149},
  year={2015}
}

@inproceedings{he2016deep,
  title={Deep residual learning for image recognition},
  author={He, Kaiming and Zhang, Xiangyu and Ren, Shaoqing and Sun, Jian},
  booktitle={Proceedings of the IEEE conference on computer vision and pattern recognition},
  pages={770--778},
  year={2016}
}

@article{hanson1988comparing,
  title={Comparing biases for minimal network construction with back-propagation},
  author={Hanson, Stephen and Pratt, Lorien},
  journal={Advances in neural information processing systems},
  volume={1},
  year={1988}
}

@article{zhu2017prune,
  title={To prune, or not to prune: exploring the efficacy of pruning for model compression},
  author={Zhu, Michael and Gupta, Suyog},
  journal={arXiv preprint arXiv:1710.01878},
  year={2017}
}

@article{han2015learning,
  title={Learning both weights and connections for efficient neural network},
  author={Han, Song and Pool, Jeff and Tran, John and Dally, William},
  journal={Advances in neural information processing systems},
  volume={28},
  year={2015}
}


@inproceedings{lee2021layer,
  title={LAYER-ADAPTIVE SPARSITY FOR THE MAGNITUDE-BASED PRUNING},
  author={Lee, Jaeho and Park, Sejun and Mo, Sangwoo and Ahn, Sungsoo and Shin, Jinwoo},
  booktitle={9th International Conference on Learning Representations, ICLR 2021},
  year={2021}
}
@article{dhal2022comprehensive,
  title={A comprehensive survey on feature selection in the various fields of machine learning},
  author={Dhal, Pradip and Azad, Chandrashekhar},
  journal={Applied Intelligence},
  volume={52},
  number={4},
  pages={4543--4581},
  year={2022},
  publisher={Springer}
}

@inproceedings{wang2021feature,
  title={Feature selection method based on chi-square test and minimum redundancy},
  author={Wang, Yuxian and Zhou, Changyin},
  booktitle={Emerging Trends in Intelligent and Interactive Systems and Applications: Proceedings of the 5th International Conference on Intelligent, Interactive Systems and Applications (IISA2020)},
  pages={171--178},
  year={2021},
  organization={Springer}
}

@article{wang2014t,
  title={t-Test feature selection approach based on term frequency for text categorization},
  author={Wang, Deqing and Zhang, Hui and Liu, Rui and Lv, Weifeng and Wang, Datao},
  journal={Pattern Recognition Letters},
  volume={45},
  pages={1--10},
  year={2014},
  publisher={Elsevier}
}

@article{wang2019screening,
  title={Are screening methods useful in feature selection? An empirical study},
  author={Wang, Mingyuan and Barbu, Adrian},
  journal={PloS one},
  volume={14},
  number={9},
  pages={e0220842},
  year={2019},
  publisher={Public Library of Science San Francisco, CA USA}
}

@article{wang2022online,
  title={Online feature screening for data streams with concept drift},
  author={Wang, Mingyuan and Barbu, Adrian},
  journal={IEEE Transactions on Knowledge and Data Engineering},
  volume={35},
  number={11},
  pages={11693--11707},
  year={2022},
  publisher={IEEE}
}

@article{estevez2009normalized,
  title={Normalized mutual information feature selection},
  author={Est{\'e}vez, Pablo A and Tesmer, Michel and Perez, Claudio A and Zurada, Jacek M},
  journal={IEEE Transactions on neural networks},
  volume={20},
  number={2},
  pages={189--201},
  year={2009},
  publisher={IEEE}
}

@article{may2008non,
  title={Non-linear variable selection for artificial neural networks using partial mutual information},
  author={May, Robert J and Maier, Holger R and Dandy, Graeme C and Fernando, TMK Gayani},
  journal={Environmental Modelling \& Software},
  volume={23},
  number={10-11},
  pages={1312--1326},
  year={2008},
  publisher={Elsevier}
}

@article{yin2023igrf,
  title={IGRF-RFE: a hybrid feature selection method for MLP-based network intrusion detection on UNSW-NB15 dataset},
  author={Yin, Yuhua and Jang-Jaccard, Julian and Xu, Wen and Singh, Amardeep and Zhu, Jinting and Sabrina, Fariza and Kwak, Jin},
  journal={Journal of Big Data},
  volume={10},
  number={1},
  pages={15},
  year={2023},
  publisher={Springer}
}

@article{kishor2024early,
  title={Early and accurate prediction of diabetics based on FCBF feature selection and SMOTE},
  author={Kishor, Amit and Chakraborty, Chinmay},
  journal={International Journal of System Assurance Engineering and Management},
  volume={15},
  number={10},
  pages={4649--4657},
  year={2024},
  publisher={Springer}
}

@article{deng2012mnist,
  title={The mnist database of handwritten digit images for machine learning research},
  author={Deng, Li},
  journal={IEEE Signal Processing Magazine},
  volume={29},
  number={6},
  pages={141--142},
  year={2012},
  publisher={IEEE}
}

@article{fisher1934statistical,
  title={Statistical methods for research workers.},
  author={Fisher, Ronald Aylmer},
  year={1934}
}