@article{abusitta2024survey,
  title={Survey on explainable ai: techniques, challenges and open issues},
  author={Abusitta, Adel and Li, Miles Q and Fung, Benjamin CM},
  journal={Expert Systems with Applications},
  volume={255},
  pages={124710},
  year={2024},
  publisher={Elsevier}
}

@article{adadi2018peeking,
  title={Peeking inside the black-box: a survey on explainable artificial intelligence (XAI)},
  author={Adadi, Amina and Berrada, Mohammed},
  journal={IEEE access},
  volume={6},
  pages={52138--52160},
  year={2018},
  publisher={IEEE}
}

@article{ahmed2023transformers,
  title={Transformers in time-series analysis: A tutorial},
  author={Ahmed, Sabeen and Nielsen, Ian E and Tripathi, Aakash and Siddiqui, Shamoon and Ramachandran, Ravi P and Rasool, Ghulam},
  journal={Circuits, Systems, and Signal Processing},
  volume={42},
  number={12},
  pages={7433--7466},
  year={2023},
  publisher={Springer}
}

@article{angelini2023visual,
  title={A visual analytics conceptual framework for explorable and steerable partial dependence analysis},
  author={Angelini, Marco and Blasilli, Graziano and Lenti, Simone and Santucci, Giuseppe},
  journal={IEEE Transactions on Visualization and Computer Graphics},
  year={2023},
  publisher={IEEE}
}

@article{ansuini2015predicting,
  title={Predicting object size from hand kinematics: a temporal perspective},
  author={Ansuini, Caterina and Cavallo, Andrea and Koul, Atesh and Jacono, Marco and Yang, Yuan and Becchio, Cristina},
  journal={PLoS One},
  volume={10},
  number={3},
  pages={e0120432},
  year={2015},
  publisher={Public Library of Science San Francisco, CA USA}
}

@article{betti2018reach,
  title={Reach-to-grasp movements: a multimodal techniques study},
  author={Betti, Sonia and Zani, Giovanni and Guerra, Silvia and Castiello, Umberto and Sartori, Luisa},
  journal={Frontiers in psychology},
  volume={9},
  pages={990},
  year={2018},
  publisher={Frontiers Media SA}
}

@article{chieffi1993coordination,
  title={Coordination between the transport and the grasp components during prehension movements},
  author={Chieffi, Sergio and Gentilucci, Maurizio},
  journal={Experimental brain research},
  volume={94},
  pages={471--477},
  year={1993},
  publisher={Springer}
}

@inproceedings{daiber2012towards,
  title={Towards object prediction based on hand postures for reach to grasp interaction},
  author={Daiber, Florian and Valkov, Dimitar and Steinicke, Frank and Hinrichs, Klaus H and Kr{\"u}ger, Antonio},
  booktitle={Proceedings of the ACM CHI Workshop on The 3rd Dimension of CHI: Touching and Designing 3D User Interfaces (3DCHI)},
  year={2012}
}

@article{dwivedi2023explainable,
  title={Explainable AI (XAI): Core ideas, techniques, and solutions},
  author={Dwivedi, Rudresh and Dave, Devam and Naik, Het and Singhal, Smiti and Omer, Rana and Patel, Pankesh and Qian, Bin and Wen, Zhenyu and Shah, Tejal and Morgan, Graham and others},
  journal={ACM Computing Surveys},
  volume={55},
  number={9},
  pages={1--33},
  year={2023},
  publisher={ACM New York, NY}
}

@article{egmose2018shaping,
  title={Shaping of reach-to-grasp kinematics by intentions: A meta-analysis},
  author={Egmose, Ida and K{\o}ppe, Simo},
  journal={Journal of Motor Behavior},
  volume={50},
  number={2},
  pages={155--165},
  year={2018},
  publisher={Taylor \& Francis}
}

@article{friedman2001greedy,
  title={Greedy function approximation: a gradient boosting machine},
  author={Friedman, Jerome H},
  journal={Annals of statistics},
  pages={1189--1232},
  year={2001},
  publisher={JSTOR}
}

@book{kamath2021explainable,
  title={Explainable artificial intelligence: an introduction to interpretable machine learning},
  author={Kamath, Uday and Liu, John},
  volume={2},
  year={2021},
  publisher={Springer}
}

@article{middlehurst2024bake,
  title={Bake off redux: a review and experimental evaluation of recent time series classification algorithms},
  author={Middlehurst, Matthew and Sch{\"a}fer, Patrick and Bagnall, Anthony},
  journal={Data Mining and Knowledge Discovery},
  pages={1--74},
  year={2024},
  publisher={Springer}
}

@inproceedings{molina2002neural,
  title={A neural model of spatio temporal coordination in prehension},
  author={Molina-Vilaplana, Javier and Batlle, Jorge Feliu and Coronado, Juan L{\'o}pez},
  booktitle={Artificial Neural Networks—ICANN 2002: International Conference Madrid, Spain, August 28--30, 2002 Proceedings 12},
  pages={9--14},
  year={2002},
  organization={Springer}
}

@article{nazar2021systematic,
  title={A systematic review of human--computer interaction and explainable artificial intelligence in healthcare with artificial intelligence techniques},
  author={Nazar, Mobeen and Alam, Muhammad Mansoor and Yafi, Eiad and Su’ud, Mazliham Mohd},
  journal={IEEE Access},
  volume={9},
  pages={153316--153348},
  year={2021},
  publisher={IEEE}
}

@article{nourani2022detoxer,
  title={DETOXER: a visual debugging tool with multiscope explanations for temporal multilabel classification},
  author={Nourani, Mahsan and Roy, Chiradeep and Honeycutt, Donald R and Ragan, Eric D and Gogate, Vibhav},
  journal={IEEE Computer Graphics and Applications},
  volume={42},
  number={6},
  pages={37--46},
  year={2022},
  publisher={IEEE}
}

@article{santello1998gradual,
  title={Gradual molding of the hand to object contours},
  author={Santello, Marco and Soechting, John F},
  journal={Journal of neurophysiology},
  volume={79},
  number={3},
  pages={1307--1320},
  year={1998},
  publisher={American Physiological Society Bethesda, MD}
}

@article{theissler2022explainable,
  title={Explainable AI for time series classification: a review, taxonomy and research directions},
  author={Theissler, Andreas and Spinnato, Francesco and Schlegel, Udo and Guidotti, Riccardo},
  journal={Ieee Access},
  volume={10},
  pages={100700--100724},
  year={2022},
  publisher={IEEE}
}

@inproceedings{valkov2023reach,
  title={Reach prediction using finger motion dynamics},
  author={Valkov, Dimitar and Kockwelp, Pascal and Daiber, Florian and Kr{\"u}ger, Antonio},
  booktitle={Extended Abstracts of the 2023 CHI Conference on Human Factors in Computing Systems},
  pages={1--8},
  year={2023}
}

@inproceedings{wen2023transformers,
  title={Transformers in time series: a survey},
  author={Wen, Qingsong and Zhou, Tian and Zhang, Chaoli and Chen, Weiqi and Ma, Ziqing and Yan, Junchi and Sun, Liang},
  booktitle={Proceedings of the Thirty-Second International Joint Conference on Artificial Intelligence},
  pages={6778--6786},
  year={2023}
}

@article{zhao2023interpretation,
  title={Interpretation of time-series deep models: A survey},
  author={Zhao, Ziqi and Shi, Yucheng and Wu, Shushan and Yang, Fan and Song, Wenzhan and Liu, Ninghao},
  journal={arXiv preprint arXiv:2305.14582},
  year={2023}
}

