% dimitar's paper in CHI
@inproceedings{valkov2023reach,
  title={Reach prediction using finger motion dynamics},
  author={Valkov, Dimitar and Kockwelp, Pascal and Daiber, Florian and Kr{\"u}ger, Antonio},
  booktitle={Extended Abstracts of the 2023 CHI Conference on Human Factors in Computing Systems},
  pages={1--8},
  year={2023}
}
%
@inproceedings{clemente2020helena,
  title={Helena: Real-time contact-free monitoring of sleep activities and events around the bed},
  author={Clemente, Jose and Valero, Maria and Li, Fangyu and Wang, Chengliang and Song, WenZhan},
  booktitle={2020 IEEE International Conference on Pervasive Computing and Communications (PerCom)},
  pages={1--10},
  year={2020},
  organization={IEEE}
}
@article{idrees2019prediction,
  title={A prediction approach for stock market volatility based on time series data},
  author={Idrees, Sheikh Mohammad and Alam, M Afshar and Agarwal, Parul},
  journal={IEEE Access},
  volume={7},
  pages={17287--17298},
  year={2019},
  publisher={IEEE}
}
@article{marcellino2007comparison,
  title={A comparison of time series models for forecasting GDP growth and inflation},
  author={Marcellino, Massimiliano},
  journal={Bocconi University, Italia},
  year={2007}
}
@article{zhen2021photovoltaic,
  title={Photovoltaic power forecasting based on GA improved Bi-LSTM in microgrid without meteorological information},
  author={Zhen, Hao and Niu, Dongxiao and Wang, Keke and Shi, Yucheng and Ji, Zhengsen and Xu, Xiaomin},
  journal={Energy},
  volume={231},
  pages={120908},
  year={2021},
  publisher={Elsevier}
}
@article{karevan2020transductive,
  title={Transductive LSTM for time-series prediction: An application to weather forecasting},
  author={Karevan, Zahra and Suykens, Johan AK},
  journal={Neural Networks},
  volume={125},
  pages={1--9},
  year={2020},
  publisher={Elsevier}
}

% time series in HCI
@article{ruiz2024children,
  title={Children age group detection based on human--computer interaction and time series analysis},
  author={Ruiz-Garcia, Juan Carlos and Hojas, Carlos and Tolosana, Ruben and Vera-Rodriguez, Ruben and Morales, Aythami and Fierrez, Julian and Ortega-Garcia, Javier and Herreros-Rodriguez, Jaime},
  journal={International Journal on Document Analysis and Recognition (IJDAR)},
  pages={1--11},
  year={2024},
  publisher={Springer}
}
@inproceedings{blalock2016extract,
  title={Extract: Strong examples from weakly-labeled sensor data},
  author={Blalock, Davis W and Guttag, John V},
  booktitle={2016 IEEE 16th International Conference on Data Mining (ICDM)},
  pages={799--804},
  year={2016},
  organization={IEEE}
}
@incollection{subasi2025feature,
  title={Feature extraction techniques for human-computer interaction},
  author={Subasi, Abdulhamit and Qaisar, Saeed Mian},
  booktitle={Artificial Intelligence and Multimodal Signal Processing in Human-Machine Interaction},
  pages={43--61},
  year={2025},
  publisher={Elsevier}
}
@article{shin2024methodological,
  title={A Methodological and Structural Review of Hand Gesture Recognition Across Diverse Data Modalities},
  author={Shin, Jungpil and Miah, Abu Saleh Musa and Kabir, Md Humaun and Rahim, Md Abdur and Al Shiam, Abdullah},
  journal={IEEE Access},
  year={2024},
  publisher={IEEE}
}
@article{zerrouki2024deep,
  title={Deep Learning for Hand Gesture Recognition in Virtual Museum Using Wearable Vision Sensors},
  author={Zerrouki, Nabil and Harrou, Fouzi and Houacine, Amrane and Bouarroudj, Riadh and Cherifi, Mohammed Yazid and Zouina, Ait-Djafer Amina and Sun, Ying},
  journal={IEEE Sensors Journal},
  year={2024},
  publisher={IEEE}
}

%time series classification         %survey
@article{middlehurst2024bake,
  title={Bake off redux: a review and experimental evaluation of recent time series classification algorithms},
  author={Middlehurst, Matthew and Sch{\"a}fer, Patrick and Bagnall, Anthony},
  journal={Data Mining and Knowledge Discovery},
  pages={1--74},
  year={2024},
  publisher={Springer}
}
@article{mohammadi2024deep,
  title={Deep learning for time series classification and extrinsic regression: A current survey},
  author={Mohammadi Foumani, Navid and Miller, Lynn and Tan, Chang Wei and Webb, Geoffrey I and Forestier, Germain and Salehi, Mahsa},
  journal={ACM Computing Surveys},
  volume={56},
  number={9},
  pages={1--45},
  year={2024},
  publisher={ACM New York, NY}
}
@inproceedings{wen2023transformers,
  title={Transformers in time series: a survey},
  author={Wen, Qingsong and Zhou, Tian and Zhang, Chaoli and Chen, Weiqi and Ma, Ziqing and Yan, Junchi and Sun, Liang},
  booktitle={Proceedings of the Thirty-Second International Joint Conference on Artificial Intelligence},
  pages={6778--6786},
  year={2023}
}
@article{ahmed2023transformers,
  title={Transformers in time-series analysis: A tutorial},
  author={Ahmed, Sabeen and Nielsen, Ian E and Tripathi, Aakash and Siddiqui, Shamoon and Ramachandran, Ravi P and Rasool, Ghulam},
  journal={Circuits, Systems, and Signal Processing},
  volume={42},
  number={12},
  pages={7433--7466},
  year={2023},
  publisher={Springer}
}

%time series classification         %not-survey
%HIVE-COTE2
@article{middlehurst2021hive,       
  title={HIVE-COTE 2.0: a new meta ensemble for time series classification},
  author={Middlehurst, Matthew and Large, James and Flynn, Michael and Lines, Jason and Bostrom, Aaron and Bagnall, Anthony},
  journal={Machine Learning},
  volume={110},
  number={11},
  pages={3211--3243},
  year={2021},
  publisher={Springer}
}                    
%CIF
@inproceedings{middlehurst2020canonical,        
  title={The Canonical Interval Forest (CIF) Classifier for Time Series Classification},
  author={Middlehurst, Matthew and Large, James and Bagnall, Anthony},
  booktitle={2020 IEEE International Conference on Big Data (Big Data)},
  pages={188--195},
  year={2020},
  organization={IEEE Computer Society}
}
%catch22
@article{lubba2019catch22,
  title={catch22: CAnonical Time-series CHaracteristics: Selected through highly comparative time-series analysis},
  author={Lubba, Carl H and Sethi, Sarab S and Knaute, Philip and Schultz, Simon R and Fulcher, Ben D and Jones, Nick S},
  journal={Data Mining and Knowledge Discovery},
  volume={33},
  number={6},
  pages={1821--1852},
  year={2019},
  publisher={Springer}
}
@inproceedings{song2018attend,
  title={Attend and diagnose: Clinical time series analysis using attention models},
  author={Song, Huan and Rajan, Deepta and Thiagarajan, Jayaraman and Spanias, Andreas},
  booktitle={Proceedings of the AAAI conference on artificial intelligence},
  volume={32},
  number={1},
  year={2018}
}
@article{ismail2020inceptiontime,
  title={Inceptiontime: Finding alexnet for time series classification},
  author={Ismail Fawaz, Hassan and Lucas, Benjamin and Forestier, Germain and Pelletier, Charlotte and Schmidt, Daniel F and Weber, Jonathan and Webb, Geoffrey I and Idoumghar, Lhassane and Muller, Pierre-Alain and Petitjean, Fran{\c{c}}ois},
  journal={Data Mining and Knowledge Discovery},
  volume={34},
  number={6},
  pages={1936--1962},
  year={2020},
  publisher={Springer}
}
@article{tan2022multirocket,
  title={MultiRocket: multiple pooling operators and transformations for fast and effective time series classification},
  author={Tan, Chang Wei and Dempster, Angus and Bergmeir, Christoph and Webb, Geoffrey I},
  journal={Data Mining and Knowledge Discovery},
  volume={36},
  number={5},
  pages={1623--1646},
  year={2022},
  publisher={Springer}
}
@article{cabello2024fast,
  title={Fast, accurate and explainable time series classification through randomization},
  author={Cabello, Nestor and Naghizade, Elham and Qi, Jianzhong and Kulik, Lars},
  journal={Data Mining and Knowledge Discovery},
  volume={38},
  number={2},
  pages={748--811},
  year={2024},
  publisher={Springer}
}

%multivariate time series classification        %survey
@article{ruiz2021great,
  title={The great multivariate time series classification bake off: a review and experimental evaluation of recent algorithmic advances},
  author={Ruiz, Alejandro Pasos and Flynn, Michael and Large, James and Middlehurst, Matthew and Bagnall, Anthony},
  journal={Data Mining and Knowledge Discovery},
  volume={35},
  number={2},
  pages={401--449},
  year={2021},
  publisher={Springer}
}

%multivariate time series classification        %not-survey
@article{foumani2024improving,
  title={Improving position encoding of transformers for multivariate time series classification},
  author={Foumani, Navid Mohammadi and Tan, Chang Wei and Webb, Geoffrey I and Salehi, Mahsa},
  journal={Data Mining and Knowledge Discovery},
  volume={38},
  number={1},
  pages={22--48},
  year={2024},
  publisher={Springer}
}
@article{yang2024dyformer,
  title={Dyformer: A dynamic transformer-based architecture for multivariate time series classification},
  author={Yang, Chao and Wang, Xianzhi and Yao, Lina and Long, Guodong and Xu, Guandong},
  journal={Information Sciences},
  volume={656},
  pages={119881},
  year={2024},
  publisher={Elsevier}
}
@inproceedings{zuo2023svp,
  title={SVP-T: a shape-level variable-position transformer for multivariate time series classification},
  author={Zuo, Rundong and Li, Guozhong and Choi, Byron and Bhowmick, Sourav S and Mah, Daphne Ngar-yin and Wong, Grace LH},
  booktitle={Proceedings of the AAAI Conference on Artificial Intelligence},
  volume={37},
  number={9},
  pages={11497--11505},
  year={2023}
}
@article{du2023multi,
  title={Multi-feature based network for multivariate time series classification},
  author={Du, Mingsen and Wei, Yanxuan and Zheng, Xiangwei and Ji, Cun},
  journal={Information Sciences},
  volume={639},
  pages={119009},
  year={2023},
  publisher={Elsevier}
}
@article{ma2023btad,
  title={BTAD: A binary transformer deep neural network model for anomaly detection in multivariate time series data},
  author={Ma, Mingrui and Han, Lansheng and Zhou, Chunjie},
  journal={Advanced Engineering Informatics},
  volume={56},
  pages={101949},
  year={2023},
  publisher={Elsevier}
}
@article{yang2023attentional,
  title={Attentional gated Res2Net for multivariate time series classification},
  author={Yang, Chao and Wang, Xianzhi and Yao, Lina and Long, Guodong and Jiang, Jing and Xu, Guandong},
  journal={Neural Processing Letters},
  volume={55},
  number={2},
  pages={1371--1395},
  year={2023},
  publisher={Springer}
}
@inproceedings{jiang2022multi,
  title={Multi-modal fusion transformer for multivariate time series classification},
  author={Jiang, Hao and Liu, Lianguang and Lian, Cheng},
  booktitle={2022 14th International Conference on Advanced Computational Intelligence (ICACI)},
  pages={284--288},
  year={2022},
  organization={IEEE}
}
@article{chen2022net,
  title={DA-Net: Dual-attention network for multivariate time series classification},
  author={Chen, Rongjun and Yan, Xuanhui and Wang, Shiping and Xiao, Guobao},
  journal={Information Sciences},
  volume={610},
  pages={472--487},
  year={2022},
  publisher={Elsevier}
}
@article{wu2022aggregated,
  title={An aggregated convolutional transformer based on slices and channels for multivariate time series classification},
  author={Wu, Yupeng and Lian, Cheng and Zeng, Zhigang and Xu, Bingrong and Su, Yixin},
  journal={IEEE Transactions on Emerging Topics in Computational Intelligence},
  volume={7},
  number={3},
  pages={768--779},
  year={2022},
  publisher={IEEE}
}
@article{liu2021gated,
  title={Gated transformer networks for multivariate time series classification},
  author={Liu, Minghao and Ren, Shengqi and Ma, Siyuan and Jiao, Jiahui and Chen, Yizhou and Wang, Zhiguang and Song, Wei},
  journal={arXiv preprint arXiv:2103.14438},
  year={2021}
}
@inproceedings{narayan2021ensemble,
  title={An ensemble of transformer and lstm approach for multivariate time series data classification},
  author={Narayan, Aryan and Mishra, Bodhi Satwa and Hiremath, PG Sunitha and Pendari, Neha Tarannum and Gangisetty, Shankar},
  booktitle={2021 IEEE International Conference on Big Data (Big Data)},
  pages={5774--5779},
  year={2021},
  organization={IEEE}
}
@inproceedings{zerveas2021transformer,
  title={A transformer-based framework for multivariate time series representation learning},
  author={Zerveas, George and Jayaraman, Srideepika and Patel, Dhaval and Bhamidipaty, Anuradha and Eickhoff, Carsten},
  booktitle={Proceedings of the 27th ACM SIGKDD conference on knowledge discovery \& data mining},
  pages={2114--2124},
  year={2021}
}

% XAI       %book
@book{kamath2021explainable,
  title={Explainable artificial intelligence: an introduction to interpretable machine learning},
  author={Kamath, Uday and Liu, John},
  volume={2},
  year={2021},
  publisher={Springer}
}

%XAI        %survey
@article{dwivedi2023explainable,
  title={Explainable AI (XAI): Core ideas, techniques, and solutions},
  author={Dwivedi, Rudresh and Dave, Devam and Naik, Het and Singhal, Smiti and Omer, Rana and Patel, Pankesh and Qian, Bin and Wen, Zhenyu and Shah, Tejal and Morgan, Graham and others},
  journal={ACM Computing Surveys},
  volume={55},
  number={9},
  pages={1--33},
  year={2023},
  publisher={ACM New York, NY}
}
@article{abusitta2024survey,
  title={Survey on explainable ai: techniques, challenges and open issues},
  author={Abusitta, Adel and Li, Miles Q and Fung, Benjamin CM},
  journal={Expert Systems with Applications},
  volume={255},
  pages={124710},
  year={2024},
  publisher={Elsevier}
}
@article{adadi2018peeking,
  title={Peeking inside the black-box: a survey on explainable artificial intelligence (XAI)},
  author={Adadi, Amina and Berrada, Mohammed},
  journal={IEEE access},
  volume={6},
  pages={52138--52160},
  year={2018},
  publisher={IEEE}
}
@article{theissler2022explainable,
  title={Explainable AI for time series classification: a review, taxonomy and research directions},
  author={Theissler, Andreas and Spinnato, Francesco and Schlegel, Udo and Guidotti, Riccardo},
  journal={Ieee Access},
  volume={10},
  pages={100700--100724},
  year={2022},
  publisher={IEEE}
}
@article{zhao2023interpretation,
  title={Interpretation of time-series deep models: A survey},
  author={Zhao, Ziqi and Shi, Yucheng and Wu, Shushan and Yang, Fan and Song, Wenzhan and Liu, Ninghao},
  journal={arXiv preprint arXiv:2305.14582},
  year={2023}
}
%XAI    %not-survey     %TVCG paper was presented at eurovis2024
@article{angelini2023visual,
  title={A visual analytics conceptual framework for explorable and steerable partial dependence analysis},
  author={Angelini, Marco and Blasilli, Graziano and Lenti, Simone and Santucci, Giuseppe},
  journal={IEEE Transactions on Visualization and Computer Graphics},
  year={2023},
  publisher={IEEE}
}
%XAI    %PDP reference:
@article{friedman2001greedy,
  title={Greedy function approximation: a gradient boosting machine},
  author={Friedman, Jerome H},
  journal={Annals of statistics},
  pages={1189--1232},
  year={2001},
  publisher={JSTOR}
}

%HCI, R2G
%hand tracking
@article{taylor2016efficient,   
  title={Efficient and precise interactive hand tracking through joint, continuous optimization of pose and correspondences},
  author={Taylor, Jonathan and Bordeaux, Lucas and Cashman, Thomas and Corish, Bob and Keskin, Cem and Sharp, Toby and Soto, Eduardo and Sweeney, David and Valentin, Julien and Luff, Benjamin and others},
  journal={ACM Transactions on Graphics (ToG)},
  volume={35},
  number={4},
  pages={1--12},
  year={2016},
  publisher={ACM New York, NY, USA}
}
%gesture recognition
@article{cheng2015survey,       
  title={Survey on 3D hand gesture recognition},
  author={Cheng, Hong and Yang, Lu and Liu, Zicheng},
  journal={IEEE transactions on circuits and systems for video technology},
  volume={26},
  number={9},
  pages={1659--1673},
  year={2015},
  publisher={IEEE}
}
%sensors
@inproceedings{chen2016finexus,     
  title={Finexus: Tracking precise motions of multiple fingertips using magnetic sensing},
  author={Chen, Ke-Yu and Patel, Shwetak N and Keller, Sean},
  booktitle={Proceedings of the 2016 CHI Conference on Human Factors in Computing Systems},
  pages={1504--1514},
  year={2016}
}



%XAI & HCI
@article{nazar2021systematic,
  title={A systematic review of human--computer interaction and explainable artificial intelligence in healthcare with artificial intelligence techniques},
  author={Nazar, Mobeen and Alam, Muhammad Mansoor and Yafi, Eiad and Su’ud, Mazliham Mohd},
  journal={IEEE Access},
  volume={9},
  pages={153316--153348},
  year={2021},
  publisher={IEEE}
}

% Hand prehension:
@article{betti2018reach,
  title={Reach-to-grasp movements: a multimodal techniques study},
  author={Betti, Sonia and Zani, Giovanni and Guerra, Silvia and Castiello, Umberto and Sartori, Luisa},
  journal={Frontiers in psychology},
  volume={9},
  pages={990},
  year={2018},
  publisher={Frontiers Media SA}
}
@article{egmose2018shaping,
  title={Shaping of reach-to-grasp kinematics by intentions: A meta-analysis},
  author={Egmose, Ida and K{\o}ppe, Simo},
  journal={Journal of Motor Behavior},
  volume={50},
  number={2},
  pages={155--165},
  year={2018},
  publisher={Taylor \& Francis}
}
@article{chieffi1993coordination,
  title={Coordination between the transport and the grasp components during prehension movements},
  author={Chieffi, Sergio and Gentilucci, Maurizio},
  journal={Experimental brain research},
  volume={94},
  pages={471--477},
  year={1993},
  publisher={Springer}
}
@article{ansuini2015predicting,
  title={Predicting object size from hand kinematics: a temporal perspective},
  author={Ansuini, Caterina and Cavallo, Andrea and Koul, Atesh and Jacono, Marco and Yang, Yuan and Becchio, Cristina},
  journal={PLoS One},
  volume={10},
  number={3},
  pages={e0120432},
  year={2015},
  publisher={Public Library of Science San Francisco, CA USA}
}
@article{santello1998gradual,
  title={Gradual molding of the hand to object contours},
  author={Santello, Marco and Soechting, John F},
  journal={Journal of neurophysiology},
  volume={79},
  number={3},
  pages={1307--1320},
  year={1998},
  publisher={American Physiological Society Bethesda, MD}
}
@inproceedings{molina2002neural,
  title={A neural model of spatio temporal coordination in prehension},
  author={Molina-Vilaplana, Javier and Batlle, Jorge Feliu and Coronado, Juan L{\'o}pez},
  booktitle={Artificial Neural Networks—ICANN 2002: International Conference Madrid, Spain, August 28--30, 2002 Proceedings 12},
  pages={9--14},
  year={2002},
  organization={Springer}
}
@inproceedings{daiber2012towards,
  title={Towards object prediction based on hand postures for reach to grasp interaction},
  author={Daiber, Florian and Valkov, Dimitar and Steinicke, Frank and Hinrichs, Klaus H and Kr{\"u}ger, Antonio},
  booktitle={Proceedings of the ACM CHI Workshop on The 3rd Dimension of CHI: Touching and Designing 3D User Interfaces (3DCHI)},
  year={2012}
}

%DETOXER        %heatmap is inspired by this paper
@article{nourani2022detoxer,
  title={DETOXER: a visual debugging tool with multiscope explanations for temporal multilabel classification},
  author={Nourani, Mahsan and Roy, Chiradeep and Honeycutt, Donald R and Ragan, Eric D and Gogate, Vibhav},
  journal={IEEE Computer Graphics and Applications},
  volume={42},
  number={6},
  pages={37--46},
  year={2022},
  publisher={IEEE}
}