@article{johnson2010perceptions,
  title={Perceptions of swearing in the work setting: An expectancy violations theory perspective},
  author={Johnson, Danette Ifert and Lewis, Nicole},
  journal={Communication Reports},
  volume={23},
  number={2},
  pages={106--118},
  year={2010},
  publisher={Taylor \& Francis}
}

@inproceedings{DBLP:conf/icwsm/DavidsonWMW17,
  author       = {Thomas Davidson and
                  Dana Warmsley and
                  Michael W. Macy and
                  Ingmar Weber},
  title        = {Automated Hate Speech Detection and the Problem of Offensive Language},
  booktitle    = {Proceedings of the Eleventh International Conference on Web and Social
                  Media, {ICWSM} 2017, Montr{\'{e}}al, Qu{\'{e}}bec, Canada,
                  May 15-18, 2017},
  pages        = {512--515},
  publisher    = {{AAAI} Press},
  year         = {2017},
  url          = {https://aaai.org/ocs/index.php/ICWSM/ICWSM17/paper/view/15665},
  timestamp    = {Fri, 19 May 2017 12:45:06 +0200},
  biburl       = {https://dblp.org/rec/conf/icwsm/DavidsonWMW17.bib},
  bibsource    = {dblp computer science bibliography, https://dblp.org}
}

% dataset
@inproceedings{DBLP:conf/icwsm/FountaDCLBSVSK18,
  author       = {Antigoni{-}Maria Founta and
                  Constantinos Djouvas and
                  Despoina Chatzakou and
                  Ilias Leontiadis and
                  Jeremy Blackburn and
                  Gianluca Stringhini and
                  Athena Vakali and
                  Michael Sirivianos and
                  Nicolas Kourtellis},
  title        = {Large Scale Crowdsourcing and Characterization of Twitter Abusive
                  Behavior},
  booktitle    = {Proceedings of the Twelfth International Conference on Web and Social
                  Media, {ICWSM} 2018, Stanford, California, USA, June 25-28, 2018},
  pages        = {491--500},
  publisher    = {{AAAI} Press},
  year         = {2018},
  url          = {https://aaai.org/ocs/index.php/ICWSM/ICWSM18/paper/view/17909},
  timestamp    = {Fri, 05 Feb 2021 11:07:47 +0100},
  biburl       = {https://dblp.org/rec/conf/icwsm/FountaDCLBSVSK18.bib},
  bibsource    = {dblp computer science bibliography, https://dblp.org}
}

% BERT
@inproceedings{DBLP:conf/naacl/DevlinCLT19,
  author    = {Jacob Devlin and
               Ming{-}Wei Chang and
               Kenton Lee and
               Kristina Toutanova},
  editor    = {Jill Burstein and
               Christy Doran and
               Thamar Solorio},
  title     = {{BERT:} Pre-training of Deep Bidirectional Transformers for Language
               Understanding},
  booktitle = {Proceedings of the 2019 Conference of the North American Chapter of
               the Association for Computational Linguistics: Human Language Technologies,
               {NAACL-HLT} 2019, Minneapolis, MN, USA, June 2-7, 2019, Volume 1 (Long
               and Short Papers)},
  pages     = {4171--4186},
  publisher = {Association for Computational Linguistics},
  year      = {2019},
  url       = {https://doi.org/10.18653/v1/n19-1423},
  doi       = {10.18653/v1/n19-1423},
  timestamp = {Wed, 16 Mar 2022 23:55:36 +0100},
  biburl    = {https://dblp.org/rec/conf/naacl/DevlinCLT19.bib},
  bibsource = {dblp computer science bibliography, https://dblp.org}
}

% Roberta
@article{DBLP:journals/corr/abs-1907-11692,
  author    = {Yinhan Liu and
               Myle Ott and
               Naman Goyal and
               Jingfei Du and
               Mandar Joshi and
               Danqi Chen and
               Omer Levy and
               Mike Lewis and
               Luke Zettlemoyer and
               Veselin Stoyanov},
  title     = {RoBERTa: {A} Robustly Optimized {BERT} Pretraining Approach},
  journal   = {CoRR},
  volume    = {abs/1907.11692},
  year      = {2019},
  url       = {http://arxiv.org/abs/1907.11692},
  eprinttype = {arXiv},
  eprint    = {1907.11692},
  timestamp = {Thu, 01 Aug 2019 08:59:33 +0200},
  biburl    = {https://dblp.org/rec/journals/corr/abs-1907-11692.bib},
  bibsource = {dblp computer science bibliography, https://dblp.org}
}


% approach
@inproceedings{DBLP:conf/cikm/MouYL20,
  author    = {Guanyi Mou and
               Pengyi Ye and
               Kyumin Lee},
  editor    = {Mathieu d'Aquin and
               Stefan Dietze and
               Claudia Hauff and
               Edward Curry and
               Philippe Cudr{\'{e}}{-}Mauroux},
  title     = {{SWE2:} SubWord Enriched and Significant Word Emphasized Framework
               for Hate Speech Detection},
  booktitle = {{CIKM} '20: The 29th {ACM} International Conference on Information
               and Knowledge Management, Virtual Event, Ireland, October 19-23, 2020},
  pages     = {1145--1154},
  publisher = {{ACM}},
  year      = {2020},
  url       = {https://doi.org/10.1145/3340531.3411990},
  doi       = {10.1145/3340531.3411990},
  timestamp = {Fri, 25 Dec 2020 01:15:14 +0100},
  biburl    = {https://dblp.org/rec/conf/cikm/MouYL20.bib},
  bibsource = {dblp computer science bibliography, https://dblp.org}
}

%HateGAN
@inproceedings{DBLP:conf/coling/CaoL20,
  author    = {Rui Cao and
               Roy Ka{-}Wei Lee},
  editor    = {Donia Scott and
               N{\'{u}}ria Bel and
               Chengqing Zong},
  title     = {HateGAN: Adversarial Generative-Based Data Augmentation for Hate Speech
               Detection},
  booktitle = {Proceedings of the 28th International Conference on Computational
               Linguistics, {COLING} 2020, Barcelona, Spain (Online), December 8-13,
               2020},
  pages     = {6327--6338},
  publisher = {International Committee on Computational Linguistics},
  year      = {2020},
  url       = {https://doi.org/10.18653/v1/2020.coling-main.557},
  doi       = {10.18653/v1/2020.coling-main.557},
}

% GPT_2 in hate speech
@inproceedings{DBLP:conf/acl/TekirougluCG20,
  author    = {Serra Sinem Tekiroglu and
               Yi{-}Ling Chung and
               Marco Guerini},
  editor    = {Dan Jurafsky and
               Joyce Chai and
               Natalie Schluter and
               Joel R. Tetreault},
  title     = {Generating Counter Narratives against Online Hate Speech: Data and
               Strategies},
  booktitle = {Proceedings of the 58th Annual Meeting of the Association for Computational
               Linguistics, {ACL} 2020, Online, July 5-10, 2020},
  pages     = {1177--1190},
  publisher = {Association for Computational Linguistics},
  year      = {2020},
  url       = {https://doi.org/10.18653/v1/2020.acl-main.110},
  doi       = {10.18653/v1/2020.acl-main.110},
}

%%SKS
@inproceedings{zhou2021hate,
  title={Hate Speech Detection Based on Sentiment Knowledge Sharing},
  author={Zhou, Xianbing and Yong, Yang and Fan, Xiaochao and Ren, Ge and Song, Yunfeng and Diao, Yufeng and Yang, Liang and Lin, Hongfei},
  booktitle={Proceedings of the 59th Annual Meeting of the Association for Computational Linguistics and the 11th International Joint Conference on Natural Language Processing (Volume 1: Long Papers)},
  pages={7158--7166},
  year={2021}
}


@inproceedings{DBLP:conf/icdm/SohnL19,
  author    = {Hajung Sohn and
               Hyunju Lee},
  editor    = {Panagiotis Papapetrou and
               Xueqi Cheng and
               Qing He},
  title     = {{MC-BERT4HATE:} Hate Speech Detection using Multi-channel {BERT} for
               Different Languages and Translations},
  booktitle = {2019 International Conference on Data Mining Workshops, {ICDM} Workshops
               2019, Beijing, China, November 8-11, 2019},
  pages     = {551--559},
  publisher = {{IEEE}},
  year      = {2019},
  url       = {https://doi.org/10.1109/ICDMW.2019.00084},
  doi       = {10.1109/ICDMW.2019.00084},
  timestamp = {Mon, 20 Jan 2020 18:49:37 +0100},
  biburl    = {https://dblp.org/rec/conf/icdm/SohnL19.bib},
  bibsource = {dblp computer science bibliography, https://dblp.org}
}

% HateXplain
@inproceedings{DBLP:conf/aaai/MathewSYBG021,
  author    = {Binny Mathew and
               Punyajoy Saha and
               Seid Muhie Yimam and
               Chris Biemann and
               Pawan Goyal and
               Animesh Mukherjee},
  title     = {HateXplain: {A} Benchmark Dataset for Explainable Hate Speech Detection},
  booktitle = {Thirty-Fifth {AAAI} Conference on Artificial Intelligence, {AAAI}
               2021, Thirty-Third Conference on Innovative Applications of Artificial
               Intelligence, {IAAI} 2021, The Eleventh Symposium on Educational Advances
               in Artificial Intelligence, {EAAI} 2021, Virtual Event, February 2-9,
               2021},
  pages     = {14867--14875},
  publisher = {{AAAI} Press},
  year      = {2021},
  url       = {https://ojs.aaai.org/index.php/AAAI/article/view/17745},
  timestamp = {Thu, 24 Jun 2021 13:18:19 +0200},
  biburl    = {https://dblp.org/rec/conf/aaai/MathewSYBG021.bib},
  bibsource = {dblp computer science bibliography, https://dblp.org}
}

% Hatebert
@article{DBLP:journals/corr/abs-2010-12472,
  author    = {Tommaso Caselli and
               Valerio Basile and
               Jelena Mitrovic and
               Michael Granitzer},
  title     = {HateBERT: Retraining {BERT} for Abusive Language Detection in English},
  journal   = {CoRR},
  volume    = {abs/2010.12472},
  year      = {2020},
  url       = {https://arxiv.org/abs/2010.12472},
  eprinttype = {arXiv},
  eprint    = {2010.12472},
  timestamp = {Thu, 14 Oct 2021 09:17:24 +0200},
  biburl    = {https://dblp.org/rec/journals/corr/abs-2010-12472.bib},
  bibsource = {dblp computer science bibliography, https://dblp.org}
}

% Toxic-BERT
@misc{Detoxify,
  title={Detoxify},
  author={Hanu, Laura and {Unitary team}},
  howpublished={Github. https://github.com/unitaryai/detoxify},
  url={https://github.com/unitaryai/detoxify},
  year={2020}
}


% variants of offensive language
@inproceedings{DBLP:conf/cscw/0002CTS14,
  author    = {Wenbo Wang and
               Lu Chen and
               Krishnaprasad Thirunarayan and
               Amit P. Sheth},
  editor    = {Susan R. Fussell and
               Wayne G. Lutters and
               Meredith Ringel Morris and
               Madhu C. Reddy},
  title     = {Cursing in English on twitter},
  booktitle = {Computer Supported Cooperative Work, {CSCW} '14, Baltimore, MD, USA,
               February 15-19, 2014},
  pages     = {415--425},
  publisher = {{ACM}},
  year      = {2014},
  url       = {https://doi.org/10.1145/2531602.2531734},
  doi       = {10.1145/2531602.2531734},
  timestamp = {Fri, 08 Jan 2021 08:52:12 +0100},
  biburl    = {https://dblp.org/rec/conf/cscw/0002CTS14.bib},
  bibsource = {dblp computer science bibliography, https://dblp.org}
}

% TOKEN
@inproceedings{alkhamissi-etal-2022-token,
    title = "{T}o{K}en: Task Decomposition and Knowledge Infusion for Few-Shot Hate Speech Detection",
    author = "AlKhamissi, Badr  and
      Ladhak, Faisal  and
      Iyer, Srinivasan  and
      Stoyanov, Veselin  and
      Kozareva, Zornitsa  and
      Li, Xian  and
      Fung, Pascale  and
      Mathias, Lambert  and
      Celikyilmaz, Asli  and
      Diab, Mona",
    booktitle = "Proceedings of the 2022 Conference on Empirical Methods in Natural Language Processing",
    month = dec,
    year = "2022",
    address = "Abu Dhabi, United Arab Emirates",
    publisher = "Association for Computational Linguistics",
    url = "https://aclanthology.org/2022.emnlp-main.136",
    pages = "2109--2120",
}


@article{DBLP:journals/taslp/LuLZLZZMX23,
  author       = {Junyu Lu and
                  Hongfei Lin and
                  Xiaokun Zhang and
                  Zhaoqing Li and
                  Tongyue Zhang and
                  Linlin Zong and
                  Fenglong Ma and
                  Bo Xu},
  title        = {Hate Speech Detection via Dual Contrastive Learning},
  journal      = {{IEEE} {ACM} Trans. Audio Speech Lang. Process.},
  volume       = {31},
  pages        = {2787--2795},
  year         = {2023},
  url          = {https://doi.org/10.1109/TASLP.2023.3294715},
  doi          = {10.1109/TASLP.2023.3294715},
  timestamp    = {Fri, 18 Aug 2023 08:45:24 +0200},
  biburl       = {https://dblp.org/rec/journals/taslp/LuLZLZZMX23.bib},
  bibsource    = {dblp computer science bibliography, https://dblp.org}
}

@article{DBLP:journals/inffus/MinLLZLYX23,
  author       = {Changrong Min and
                  Hongfei Lin and
                  Ximing Li and
                  He Zhao and
                  Junyu Lu and
                  Liang Yang and
                  Bo Xu},
  title        = {Finding hate speech with auxiliary emotion detection from self-training
                  multi-label learning perspective},
  journal      = {Inf. Fusion},
  volume       = {96},
  pages        = {214--223},
  year         = {2023},
  url          = {https://doi.org/10.1016/j.inffus.2023.03.015},
  doi          = {10.1016/J.INFFUS.2023.03.015},
  timestamp    = {Wed, 14 Jun 2023 18:15:17 +0200},
  biburl       = {https://dblp.org/rec/journals/inffus/MinLLZLYX23.bib},
  bibsource    = {dblp computer science bibliography, https://dblp.org}
}

% ToxiCN 
@inproceedings{DBLP:conf/acl/LuXZMYL23,
  author       = {Junyu Lu and
                  Bo Xu and
                  Xiaokun Zhang and
                  Changrong Min and
                  Liang Yang and
                  Hongfei Lin},
  editor       = {Anna Rogers and
                  Jordan L. Boyd{-}Graber and
                  Naoaki Okazaki},
  title        = {Facilitating Fine-grained Detection of Chinese Toxic Language: Hierarchical
                  Taxonomy, Resources, and Benchmarks},
  booktitle    = {Proceedings of the 61st Annual Meeting of the Association for Computational
                  Linguistics (Volume 1: Long Papers), {ACL} 2023, Toronto, Canada,
                  July 9-14, 2023},
  pages        = {16235--16250},
  publisher    = {Association for Computational Linguistics},
  year         = {2023},
  url          = {https://doi.org/10.18653/v1/2023.acl-long.898},
  doi          = {10.18653/v1/2023.acl-long.898},
  timestamp    = {Thu, 10 Aug 2023 12:35:42 +0200},
  biburl       = {https://dblp.org/rec/conf/acl/LuXZMYL23.bib},
  bibsource    = {dblp computer science bibliography, https://dblp.org}
}



% debiasing methods
% 数据对抗
@inproceedings{DBLP:conf/emnlp/DinanHCW19,
  author       = {Emily Dinan and
                  Samuel Humeau and
                  Bharath Chintagunta and
                  Jason Weston},
  editor       = {Kentaro Inui and
                  Jing Jiang and
                  Vincent Ng and
                  Xiaojun Wan},
  title        = {Build it Break it Fix it for Dialogue Safety: Robustness from Adversarial
                  Human Attack},
  booktitle    = {Proceedings of the 2019 Conference on Empirical Methods in Natural
                  Language Processing and the 9th International Joint Conference on
                  Natural Language Processing, {EMNLP-IJCNLP} 2019, Hong Kong, China,
                  November 3-7, 2019},
  pages        = {4536--4545},
  publisher    = {Association for Computational Linguistics},
  year         = {2019},
  url          = {https://doi.org/10.18653/v1/D19-1461},
  doi          = {10.18653/v1/D19-1461},
  timestamp    = {Thu, 07 Apr 2022 09:14:07 +0200},
  biburl       = {https://dblp.org/rec/conf/emnlp/DinanHCW19.bib},
  bibsource    = {dblp computer science bibliography, https://dblp.org},
}

% 混淆仇恨言论
@inproceedings{DBLP:conf/acl/NozzaH23,
  author       = {Debora Nozza and
                  Dirk Hovy},
  editor       = {Anna Rogers and
                  Jordan L. Boyd{-}Graber and
                  Naoaki Okazaki},
  title        = {The State of Profanity Obfuscation in Natural Language Processing
                  Scientific Publications},
  booktitle    = {Findings of the Association for Computational Linguistics: {ACL} 2023,
                  Toronto, Canada, July 9-14, 2023},
  pages        = {3897--3909},
  publisher    = {Association for Computational Linguistics},
  year         = {2023},
  url          = {https://doi.org/10.18653/v1/2023.findings-acl.240},
  doi          = {10.18653/V1/2023.FINDINGS-ACL.240},
  timestamp    = {Thu, 10 Aug 2023 12:35:53 +0200},
  biburl       = {https://dblp.org/rec/conf/acl/NozzaH23.bib},
  bibsource    = {dblp computer science bibliography, https://dblp.org}
}

@inproceedings{DBLP:conf/emnlp/CooperS023,
  author       = {Portia Cooper and
                  Mihai Surdeanu and
                  Eduardo Blanco},
  editor       = {Houda Bouamor and
                  Juan Pino and
                  Kalika Bali},
  title        = {Hiding in Plain Sight: Tweets with Hate Speech Masked by Homoglyphs},
  booktitle    = {Findings of the Association for Computational Linguistics: {EMNLP}
                  2023, Singapore, December 6-10, 2023},
  pages        = {2922--2929},
  publisher    = {Association for Computational Linguistics},
  year         = {2023},
  url          = {https://doi.org/10.18653/v1/2023.findings-emnlp.192},
  doi          = {10.18653/V1/2023.FINDINGS-EMNLP.192},
  timestamp    = {Sun, 06 Oct 2024 21:00:49 +0200},
  biburl       = {https://dblp.org/rec/conf/emnlp/CooperS023.bib},
  bibsource    = {dblp computer science bibliography, https://dblp.org}
}

