% LLM
@inproceedings{DBLP:conf/icwsm/0006AD24,
  author       = {Deepak Kumar and
                  Yousef AbuHashem and
                  Zakir Durumeric},
  editor       = {Yu{-}Ru Lin and
                  Yelena Mejova and
                  Meeyoung Cha},
  title        = {Watch Your Language: Investigating Content Moderation with Large Language
                  Models},
  booktitle    = {Proceedings of the Eighteenth International {AAAI} Conference on Web
                  and Social Media, {ICWSM} 2024, Buffalo, New York, USA, June 3-6,
                  2024},
  pages        = {865--878},
  publisher    = {{AAAI} Press},
  year         = {2024},
  url          = {https://doi.org/10.1609/icwsm.v18i1.31358},
  doi          = {10.1609/ICWSM.V18I1.31358},
  timestamp    = {Mon, 03 Jun 2024 17:01:43 +0200},
  biburl       = {https://dblp.org/rec/conf/icwsm/0006AD24.bib},
  bibsource    = {dblp computer science bibliography, https://dblp.org}
}

@inproceedings{DBLP:conf/emnlp/RoyH0S23,
  author       = {Sarthak Roy and
                  Ashish Harshavardhan and
                  Animesh Mukherjee and
                  Punyajoy Saha},
  editor       = {Houda Bouamor and
                  Juan Pino and
                  Kalika Bali},
  title        = {Probing LLMs for hate speech detection: strengths and vulnerabilities},
  booktitle    = {Findings of the Association for Computational Linguistics: {EMNLP}
                  2023, Singapore, December 6-10, 2023},
  pages        = {6116--6128},
  publisher    = {Association for Computational Linguistics},
  year         = {2023},
  url          = {https://doi.org/10.18653/v1/2023.findings-emnlp.407},
  doi          = {10.18653/V1/2023.FINDINGS-EMNLP.407},
  timestamp    = {Fri, 12 Apr 2024 13:11:32 +0200},
  biburl       = {https://dblp.org/rec/conf/emnlp/RoyH0S23.bib},
  bibsource    = {dblp computer science bibliography, https://dblp.org}
}

@inproceedings{DBLP:conf/emnlp/ParkKJPH24,
  author       = {Someen Park and
                  Jaehoon Kim and
                  Seungwan Jin and
                  Sohyun Park and
                  Kyungsik Han},
  editor       = {Yaser Al{-}Onaizan and
                  Mohit Bansal and
                  Yun{-}Nung Chen},
  title        = {{PREDICT:} Multi-Agent-based Debate Simulation for Generalized Hate
                  Speech Detection},
  booktitle    = {Proceedings of the 2024 Conference on Empirical Methods in Natural
                  Language Processing, {EMNLP} 2024, Miami, FL, USA, November 12-16,
                  2024},
  pages        = {20963--20987},
  publisher    = {Association for Computational Linguistics},
  year         = {2024},
  url          = {https://aclanthology.org/2024.emnlp-main.1166},
  timestamp    = {Thu, 14 Nov 2024 17:20:55 +0100},
  biburl       = {https://dblp.org/rec/conf/emnlp/ParkKJPH24.bib},
  bibsource    = {dblp computer science bibliography, https://dblp.org}
}

@inproceedings{DBLP:conf/emnlp/WenKSZLBH23,
  author       = {Jiaxin Wen and
                  Pei Ke and
                  Hao Sun and
                  Zhexin Zhang and
                  Chengfei Li and
                  Jinfeng Bai and
                  Minlie Huang},

  title        = {Unveiling the Implicit Toxicity in Large Language Models},
  booktitle    = {Proceedings of the 2023 Conference on Empirical Methods in Natural
                  Language Processing, {EMNLP} 2023, Singapore, December 6-10, 2023},
  pages        = {1322--1338},
  publisher    = {Association for Computational Linguistics},
  year         = {2023},
  url          = {https://doi.org/10.18653/v1/2023.emnlp-main.84},
  doi          = {10.18653/V1/2023.EMNLP-MAIN.84},
  timestamp    = {Fri, 12 Apr 2024 13:11:46 +0200},
  biburl       = {https://dblp.org/rec/conf/emnlp/WenKSZLBH23.bib},
  bibsource    = {dblp computer science bibliography, https://dblp.org}
}

% LLM 辅助标注

@inproceedings{DBLP:conf/ijcai/WangHACL23,
  author       = {Han Wang and
                  Ming Shan Hee and
                  Md. Rabiul Awal and
                  Kenny Tsu Wei Choo and
                  Roy Ka{-}Wei Lee},
  title        = {Evaluating {GPT-3} Generated Explanations for Hateful Content Moderation},
  booktitle    = {Proceedings of the Thirty-Second International Joint Conference on
                  Artificial Intelligence, {IJCAI} 2023, 19th-25th August 2023, Macao,
                  SAR, China},
  pages        = {6255--6263},
  publisher    = {ijcai.org},
  year         = {2023},
  url          = {https://doi.org/10.24963/ijcai.2023/694},
  doi          = {10.24963/IJCAI.2023/694},
  timestamp    = {Tue, 15 Oct 2024 16:43:28 +0200},
  biburl       = {https://dblp.org/rec/conf/ijcai/WangHACL23.bib},
  bibsource    = {dblp computer science bibliography, https://dblp.org}
}

@inproceedings{DBLP:conf/www/HuangKA23a,
  author       = {Fan Huang and
                  Haewoon Kwak and
                  Jisun An},
  editor       = {Ying Ding and
                  Jie Tang and
                  Juan F. Sequeda and
                  Lora Aroyo and
                  Carlos Castillo and
                  Geert{-}Jan Houben},
  title        = {Is ChatGPT better than Human Annotators? Potential and Limitations
                  of ChatGPT in Explaining Implicit Hate Speech},
  booktitle    = {Companion Proceedings of the {ACM} Web Conference 2023, {WWW} 2023,
                  Austin, TX, USA, 30 April 2023 - 4 May 2023},
  pages        = {294--297},
  publisher    = {{ACM}},
  year         = {2023},
  url          = {https://doi.org/10.1145/3543873.3587368},
  doi          = {10.1145/3543873.3587368},
  timestamp    = {Mon, 28 Aug 2023 21:17:11 +0200},
  biburl       = {https://dblp.org/rec/conf/www/HuangKA23a.bib},
  bibsource    = {dblp computer science bibliography, https://dblp.org}
}

% 过于敏感

@inproceedings{DBLP:conf/acl/ZhangHJL24,
  author       = {Min Zhang and
                  Jianfeng He and
                  Taoran Ji and
                  Chang{-}Tien Lu},
  editor       = {Lun{-}Wei Ku and
                  Andre Martins and
                  Vivek Srikumar},
  title        = {Don't Go To Extremes: Revealing the Excessive Sensitivity and Calibration
                  Limitations of LLMs in Implicit Hate Speech Detection},
  booktitle    = {Proceedings of the 62nd Annual Meeting of the Association for Computational
                  Linguistics (Volume 1: Long Papers), {ACL} 2024, Bangkok, Thailand,
                  August 11-16, 2024},
  pages        = {12073--12086},
  publisher    = {Association for Computational Linguistics},
  year         = {2024},
  url          = {https://doi.org/10.18653/v1/2024.acl-long.652},
  doi          = {10.18653/V1/2024.ACL-LONG.652},
  timestamp    = {Sun, 06 Oct 2024 20:55:34 +0200},
  biburl       = {https://dblp.org/rec/conf/acl/ZhangHJL24.bib},
  bibsource    = {dblp computer science bibliography, https://dblp.org}
}

@article{DBLP:journals/corr/abs-2410-07991,
  author       = {Tommaso Giorgi and
                  Lorenzo Cima and
                  Tiziano Fagni and
                  Marco Avvenuti and
                  Stefano Cresci},
  title        = {Human and {LLM} Biases in Hate Speech Annotations: {A} Socio-Demographic
                  Analysis of Annotators and Targets},
  journal      = {CoRR},
  volume       = {abs/2410.07991},
  year         = {2024},
  url          = {https://doi.org/10.48550/arXiv.2410.07991},
  doi          = {10.48550/ARXIV.2410.07991},
  eprinttype    = {arXiv},
  eprint       = {2410.07991},
  timestamp    = {Mon, 18 Nov 2024 14:52:18 +0100},
  biburl       = {https://dblp.org/rec/journals/corr/abs-2410-07991.bib},
  bibsource    = {dblp computer science bibliography, https://dblp.org}
}

% GPT-3
@inproceedings{DBLP:conf/nips/BrownMRSKDNSSAA20,
  author       = {OpenAI},
  editor       = {Hugo Larochelle and
                  Marc'Aurelio Ranzato and
                  Raia Hadsell and
                  Maria{-}Florina Balcan and
                  Hsuan{-}Tien Lin},
  title        = {Language Models are Few-Shot Learners},
  booktitle    = {Advances in Neural Information Processing Systems 33: Annual Conference
                  on Neural Information Processing Systems 2020, NeurIPS 2020, December
                  6-12, 2020, virtual},
  year         = {2020},
  url          = {https://proceedings.neurips.cc/paper/2020/hash/1457c0d6bfcb4967418bfb8ac142f64a-Abstract.html},
  timestamp    = {Thu, 25 May 2023 10:38:31 +0200},
  biburl       = {https://dblp.org/rec/conf/nips/BrownMRSKDNSSAA20.bib},
  bibsource    = {dblp computer science bibliography, https://dblp.org}
}