@inproceedings{DBLP:conf/nips/KojimaGRMI22,
  author       = {Takeshi Kojima and
                  Shixiang Shane Gu and
                  Machel Reid and
                  Yutaka Matsuo and
                  Yusuke Iwasawa},
  editor       = {Sanmi Koyejo and
                  S. Mohamed and
                  A. Agarwal and
                  Danielle Belgrave and
                  K. Cho and
                  A. Oh},
  title        = {Large Language Models are Zero-Shot Reasoners},
  booktitle    = {Advances in Neural Information Processing Systems 35: Annual Conference
                  on Neural Information Processing Systems 2022, NeurIPS 2022, New Orleans,
                  LA, USA, November 28 - December 9, 2022},
  year         = {2022},
  url          = {http://papers.nips.cc/paper\_files/paper/2022/hash/8bb0d291acd4acf06ef112099c16f326-Abstract-Conference.html},
  timestamp    = {Mon, 08 Jan 2024 16:31:34 +0100},
  biburl       = {https://dblp.org/rec/conf/nips/KojimaGRMI22.bib},
  bibsource    = {dblp computer science bibliography, https://dblp.org}
}

@inproceedings{DBLP:conf/nips/Ouyang0JAWMZASR22,
  author       = {Long Ouyang and
                  Jeffrey Wu and
                  Xu Jiang and
                  Diogo Almeida and
                  Carroll L. Wainwright and
                  Pamela Mishkin and
                  Chong Zhang and
                  Sandhini Agarwal and
                  Katarina Slama and
                  Alex Ray and
                  John Schulman and
                  Jacob Hilton and
                  Fraser Kelton and
                  Luke Miller and
                  Maddie Simens and
                  Amanda Askell and
                  Peter Welinder and
                  Paul F. Christiano and
                  Jan Leike and
                  Ryan Lowe},
  editor       = {Sanmi Koyejo and
                  S. Mohamed and
                  A. Agarwal and
                  Danielle Belgrave and
                  K. Cho and
                  A. Oh},
  title        = {Training language models to follow instructions with human feedback},
  booktitle    = {Advances in Neural Information Processing Systems 35: Annual Conference
                  on Neural Information Processing Systems 2022, NeurIPS 2022, New Orleans,
                  LA, USA, November 28 - December 9, 2022},
  year         = {2022},
  url          = {http://papers.nips.cc/paper\_files/paper/2022/hash/b1efde53be364a73914f58805a001731-Abstract-Conference.html},
  timestamp    = {Mon, 08 Jan 2024 16:31:36 +0100},
  biburl       = {https://dblp.org/rec/conf/nips/Ouyang0JAWMZASR22.bib},
  bibsource    = {dblp computer science bibliography, https://dblp.org}
}

@article{DBLP:journals/corr/abs-2303-08774,
  author       = {OpenAI},
  title        = {{GPT-4} Technical Report},
  journal      = {CoRR},
  volume       = {abs/2303.08774},
  year         = {2023},
  url          = {https://doi.org/10.48550/arXiv.2303.08774},
  doi          = {10.48550/ARXIV.2303.08774},
  eprinttype    = {arXiv},
  eprint       = {2303.08774},
  timestamp    = {Mon, 28 Aug 2023 21:26:19 +0200},
  biburl       = {https://dblp.org/rec/journals/corr/abs-2303-08774.bib},
  bibsource    = {dblp computer science bibliography, https://dblp.org}
}

% 相关评估类论文
@article{DBLP:journals/corr/abs-2408-01419,
  author       = {Rongwu Xu and
                  Xuan Qi and
                  Zehan Qi and
                  Wei Xu and
                  Zhijiang Guo},
  title        = {DebateQA: Evaluating Question Answering on Debatable Knowledge},
  journal      = {CoRR},
  volume       = {abs/2408.01419},
  year         = {2024},
  url          = {https://doi.org/10.48550/arXiv.2408.01419},
  doi          = {10.48550/ARXIV.2408.01419},
  eprinttype    = {arXiv},
  eprint       = {2408.01419},
  timestamp    = {Wed, 11 Sep 2024 11:32:14 +0200},
  biburl       = {https://dblp.org/rec/journals/corr/abs-2408-01419.bib},
  bibsource    = {dblp computer science bibliography, https://dblp.org}
}

@article{DBLP:journals/corr/abs-2404-05264,
  author       = {Yihe Fan and
                  Yuxin Cao and
                  Ziyu Zhao and
                  Ziyao Liu and
                  Shaofeng Li},
  title        = {Unbridled Icarus: {A} Survey of the Potential Perils of Image Inputs
                  in Multimodal Large Language Model Security},
  journal      = {CoRR},
  volume       = {abs/2404.05264},
  year         = {2024},
  url          = {https://doi.org/10.48550/arXiv.2404.05264},
  doi          = {10.48550/ARXIV.2404.05264},
  eprinttype    = {arXiv},
  eprint       = {2404.05264},
  timestamp    = {Wed, 15 May 2024 08:47:08 +0200},
  biburl       = {https://dblp.org/rec/journals/corr/abs-2404-05264.bib},
  bibsource    = {dblp computer science bibliography, https://dblp.org}
}