
4$ 意义
@inproceedings{DBLP:conf/www/AroyoDTRR19,
  author       = {Lora Aroyo and
                  Lucas Dixon and
                  Nithum Thain and
                  Olivia Redfield and
                  Rachel Rosen},
  editor       = {Sihem Amer{-}Yahia and
                  Mohammad Mahdian and
                  Ashish Goel and
                  Geert{-}Jan Houben and
                  Kristina Lerman and
                  Julian J. McAuley and
                  Ricardo Baeza{-}Yates and
                  Leila Zia},
  title        = {Crowdsourcing Subjective Tasks: The Case Study of Understanding Toxicity
                  in Online Discussions},
  booktitle    = {Companion of The 2019 World Wide Web Conference, {WWW} 2019, San Francisco,
                  CA, USA, May 13-17, 2019},
  pages        = {1100--1105},
  publisher    = {{ACM}},
  year         = {2019},
  url          = {https://doi.org/10.1145/3308560.3317083},
  doi          = {10.1145/3308560.3317083},
  timestamp    = {Sun, 22 Sep 2019 18:15:38 +0200},
  biburl       = {https://dblp.org/rec/conf/www/AroyoDTRR19.bib},
  bibsource    = {dblp computer science bibliography, https://dblp.org}
}

@inproceedings{DBLP:conf/swisstext/KlennerGA20,
  author       = {Manfred Klenner and
                  Anne G{\"{o}}hring and
                  Michael Amsler},
  editor       = {Sarah Ebling and
                  Don Tuggener and
                  Manuela H{\"{u}}rlimann and
                  Mark Cieliebak and
                  Martin Volk},
  title        = {Harmonization Sometimes Harms},
  booktitle    = {Proceedings of the 5th Swiss Text Analytics Conference and the 16th
                  Conference on Natural Language Processing, SwissText/KONVENS 2020,
                  Zurich, Switzerland, June 23-25, 2020 [online only]},
  series       = {{CEUR} Workshop Proceedings},
  volume       = {2624},
  publisher    = {CEUR-WS.org},
  year         = {2020},
  url          = {https://ceur-ws.org/Vol-2624/paper10.pdf},
  timestamp    = {Fri, 10 Mar 2023 16:23:18 +0100},
  biburl       = {https://dblp.org/rec/conf/swisstext/KlennerGA20.bib},
  bibsource    = {dblp computer science bibliography, https://dblp.org}
}

@inproceedings{DBLP:conf/aiia/Basile20,
  author       = {Valerio Basile},
  editor       = {Giuseppe Vizzari and
                  Matteo Palmonari and
                  Andrea Orlandini},
  title        = {It's the End of the Gold Standard as we Know it. On the Impact of
               Pre-aggregation on the Evaluation of Highly Subjective Tasks},
  booktitle    = {Proceedings of the AIxIA 2020 Discussion Papers Workshop co-located
                  with the the 19th International Conference of the Italian Association
                  for Artificial Intelligence (AIxIA2020), Anywhere, November 27th,
                  2020},
  series       = {{CEUR} Workshop Proceedings},
  volume       = {2776},
  pages        = {31--40},
  publisher    = {CEUR-WS.org},
  year         = {2020},
  url          = {https://ceur-ws.org/Vol-2776/paper-4.pdf},
  timestamp    = {Fri, 10 Mar 2023 16:23:01 +0100},
  biburl       = {https://dblp.org/rec/conf/aiia/Basile20.bib},
  bibsource    = {dblp computer science bibliography, https://dblp.org}
}

@inproceedings{baumler-etal-2023-examples,
    title = "Which Examples Should be Multiply Annotated? Active Learning When Annotators May Disagree",
    author = "Baumler, Connor  and
      Sotnikova, Anna  and
      Daum{\'e} III, Hal",
    booktitle = "Findings of the Association for Computational Linguistics: ACL 2023",
    month = jul,
    year = "2023",
    address = "Toronto, Canada",
    publisher = "Association for Computational Linguistics",
    url = "https://aclanthology.org/2023.findings-acl.658/",
    doi = "10.18653/v1/2023.findings-acl.658",
    pages = "10352--10371",
}

$ dataset
@inproceedings{DBLP:conf/emnlp/LeonardelliMAGT21,
  author       = {Elisa Leonardelli and
                  Stefano Menini and
                  Alessio Palmero Aprosio and
                  Marco Guerini and
                  Sara Tonelli},
  editor       = {Marie{-}Francine Moens and
                  Xuanjing Huang and
                  Lucia Specia and
                  Scott Wen{-}tau Yih},
  title        = {Agreeing to Disagree: Annotating Offensive Language Datasets with
                  Annotators' Disagreement},
  booktitle    = {Proceedings of the 2021 Conference on Empirical Methods in Natural
                  Language Processing, {EMNLP} 2021, Virtual Event / Punta Cana, Dominican
                  Republic, 7-11 November, 2021},
  pages        = {10528--10539},
  publisher    = {Association for Computational Linguistics},
  year         = {2021},
  url          = {https://doi.org/10.18653/v1/2021.emnlp-main.822},
  doi          = {10.18653/V1/2021.EMNLP-MAIN.822},
  timestamp    = {Fri, 16 Feb 2024 08:27:36 +0100},
  biburl       = {https://dblp.org/rec/conf/emnlp/LeonardelliMAGT21.bib},
  bibsource    = {dblp computer science bibliography, https://dblp.org}
}

% SemEval
@inproceedings{uma-etal-2021-semeval,
    title = "{S}em{E}val-2021 Task 12: Learning with Disagreements",
    author = "Uma, Alexandra  and
      Fornaciari, Tommaso  and
      Dumitrache, Anca  and
      Miller, Tristan  and
      Chamberlain, Jon  and
      Plank, Barbara  and
      Simpson, Edwin  and
      Poesio, Massimo",
    booktitle = "Proceedings of the 15th International Workshop on Semantic Evaluation (SemEval-2021)",
    month = aug,
    year = "2021",
    address = "Online",
    publisher = "Association for Computational Linguistics",
    url = "https://aclanthology.org/2021.semeval-1.41/",
    doi = "10.18653/v1/2021.semeval-1.41",
    pages = "338--347",
}

@inproceedings{DBLP:conf/semeval/LeonardelliAABF23,
  author       = {Elisa Leonardelli and
                  Gavin Abercrombie and
                  Dina Almanea and
                  Valerio Basile and
                  Tommaso Fornaciari and
                  Barbara Plank and
                  Verena Rieser and
                  Alexandra Uma and
                  Massimo Poesio},
  editor       = {Atul Kr. Ojha and
                  A. Seza Dogru{\"{o}}z and
                  Giovanni Da San Martino and
                  Harish Tayyar Madabushi and
                  Ritesh Kumar and
                  Elisa Sartori},
  title        = {SemEval-2023 Task 11: Learning with Disagreements (LeWiDi)},
  booktitle    = {Proceedings of the The 17th International Workshop on Semantic Evaluation,
                  SemEval@ACL 2023, Toronto, Canada, 13-14 July 2023},
  pages        = {2304--2318},
  publisher    = {Association for Computational Linguistics},
  year         = {2023},
  url          = {https://doi.org/10.18653/v1/2023.semeval-1.314},
  doi          = {10.18653/V1/2023.SEMEVAL-1.314},
  timestamp    = {Thu, 10 Aug 2023 12:36:08 +0200},
  biburl       = {https://dblp.org/rec/conf/semeval/LeonardelliAABF23.bib},
  bibsource    = {dblp computer science bibliography, https://dblp.org}
}

% Disagreement V2
@inproceedings{DBLP:conf/eacl/SandriLTJ23,
  author       = {Marta Sandri and
                  Elisa Leonardelli and
                  Sara Tonelli and
                  Elisabetta Jezek},
  editor       = {Andreas Vlachos and
                  Isabelle Augenstein},
  title        = {Why Don't You Do It Right? Analysing Annotators' Disagreement in Subjective
                  Tasks},
  booktitle    = {Proceedings of the 17th Conference of the European Chapter of the
                  Association for Computational Linguistics, {EACL} 2023, Dubrovnik,
                  Croatia, May 2-6, 2023},
  pages        = {2420--2433},
  publisher    = {Association for Computational Linguistics},
  year         = {2023},
  url          = {https://doi.org/10.18653/v1/2023.eacl-main.178},
  doi          = {10.18653/V1/2023.EACL-MAIN.178},
  timestamp    = {Thu, 05 Oct 2023 18:05:01 +0200},
  biburl       = {https://dblp.org/rec/conf/eacl/SandriLTJ23.bib},
  bibsource    = {dblp computer science bibliography, https://dblp.org}
}

% 引用论文
@inproceedings{DBLP:conf/emnlp/DengZ0W0M23,
  author       = {Naihao Deng and
                  Xinliang Frederick Zhang and
                  Siyang Liu and
                  Winston Wu and
                  Lu Wang and
                  Rada Mihalcea},
  editor       = {Houda Bouamor and
                  Juan Pino and
                  Kalika Bali},
  title        = {You Are What You Annotate: Towards Better Models through Annotator
                  Representations},
  booktitle    = {Findings of the Association for Computational Linguistics: {EMNLP}
                  2023, Singapore, December 6-10, 2023},
  pages        = {12475--12498},
  publisher    = {Association for Computational Linguistics},
  year         = {2023},
  url          = {https://doi.org/10.18653/v1/2023.findings-emnlp.832},
  doi          = {10.18653/V1/2023.FINDINGS-EMNLP.832},
  timestamp    = {Fri, 12 Apr 2024 13:11:35 +0200},
  biburl       = {https://dblp.org/rec/conf/emnlp/DengZ0W0M23.bib},
  bibsource    = {dblp computer science bibliography, https://dblp.org}
}

@inproceedings{DBLP:conf/naacl/MokhberianMHBML24,
  author       = {Negar Mokhberian and
                  Myrl G. Marmarelis and
                  Frederic R. Hopp and
                  Valerio Basile and
                  Fred Morstatter and
                  Kristina Lerman},
  editor       = {Kevin Duh and
                  Helena G{\'{o}}mez{-}Adorno and
                  Steven Bethard},
  title        = {Capturing Perspectives of Crowdsourced Annotators in Subjective Learning
                  Tasks},
  booktitle    = {Proceedings of the 2024 Conference of the North American Chapter of
                  the Association for Computational Linguistics: Human Language Technologies
                  (Volume 1: Long Papers), {NAACL} 2024, Mexico City, Mexico, June 16-21,
                  2024},
  pages        = {7337--7349},
  publisher    = {Association for Computational Linguistics},
  year         = {2024},
  url          = {https://doi.org/10.18653/v1/2024.naacl-long.407},
  doi          = {10.18653/V1/2024.NAACL-LONG.407},
  timestamp    = {Thu, 29 Aug 2024 17:13:57 +0200},
  biburl       = {https://dblp.org/rec/conf/naacl/MokhberianMHBML24.bib},
  bibsource    = {dblp computer science bibliography, https://dblp.org}
}

% LLM 不一致性估计
@article{DBLP:journals/tacl/JiangADN21,
  author       = {Zhengbao Jiang and
                  Jun Araki and
                  Haibo Ding and
                  Graham Neubig},
  title        = {How Can We Know \emph{When} Language Models Know? On the Calibration
                  of Language Models for Question Answering},
  journal      = {Trans. Assoc. Comput. Linguistics},
  volume       = {9},
  pages        = {962--977},
  year         = {2021},
  url          = {https://doi.org/10.1162/tacl\_a\_00407},
  doi          = {10.1162/TACL\_A\_00407},
  timestamp    = {Sun, 19 Jan 2025 13:47:51 +0100},
  biburl       = {https://dblp.org/rec/journals/tacl/JiangADN21.bib},
  bibsource    = {dblp computer science bibliography, https://dblp.org}
}


% logit-based
@inproceedings{DBLP:conf/icml/GuoPSW17,
  author       = {Chuan Guo and
                  Geoff Pleiss and
                  Yu Sun and
                  Kilian Q. Weinberger},
  editor       = {Doina Precup and
                  Yee Whye Teh},
  title        = {On Calibration of Modern Neural Networks},
  booktitle    = {Proceedings of the 34th International Conference on Machine Learning,
                  {ICML} 2017, Sydney, NSW, Australia, 6-11 August 2017},
  series       = {Proceedings of Machine Learning Research},
  volume       = {70},
  pages        = {1321--1330},
  publisher    = {{PMLR}},
  year         = {2017},
  url          = {http://proceedings.mlr.press/v70/guo17a.html},
  timestamp    = {Wed, 02 Oct 2024 14:40:04 +0200},
  biburl       = {https://dblp.org/rec/conf/icml/GuoPSW17.bib},
  bibsource    = {dblp computer science bibliography, https://dblp.org}
}

@inproceedings{DBLP:conf/icml/ZhangKH20,
  author       = {Jize Zhang and
                  Bhavya Kailkhura and
                  Thomas Yong{-}Jin Han},
  title        = {Mix-n-Match : Ensemble and Compositional Methods for Uncertainty Calibration
                  in Deep Learning},
  booktitle    = {Proceedings of the 37th International Conference on Machine Learning,
                  {ICML} 2020, 13-18 July 2020, Virtual Event},
  series       = {Proceedings of Machine Learning Research},
  volume       = {119},
  pages        = {11117--11128},
  publisher    = {{PMLR}},
  year         = {2020},
  url          = {http://proceedings.mlr.press/v119/zhang20k.html},
  timestamp    = {Fri, 11 Jun 2021 15:03:44 +0200},
  biburl       = {https://dblp.org/rec/conf/icml/ZhangKH20.bib},
  bibsource    = {dblp computer science bibliography, https://dblp.org}
}

^ sampling-based uncertainty estimation method
@inproceedings{DBLP:conf/acl/Chen024,
  author       = {Jiuhai Chen and
                  Jonas Mueller},
  editor       = {Lun{-}Wei Ku and
                  Andre Martins and
                  Vivek Srikumar},
  title        = {Quantifying Uncertainty in Answers from any Language Model and Enhancing
                  their Trustworthiness},
  booktitle    = {Proceedings of the 62nd Annual Meeting of the Association for Computational
                  Linguistics (Volume 1: Long Papers), {ACL} 2024, Bangkok, Thailand,
                  August 11-16, 2024},
  pages        = {5186--5200},
  publisher    = {Association for Computational Linguistics},
  year         = {2024},
  url          = {https://doi.org/10.18653/v1/2024.acl-long.283},
  doi          = {10.18653/V1/2024.ACL-LONG.283},
  timestamp    = {Tue, 24 Sep 2024 10:55:42 +0200},
  biburl       = {https://dblp.org/rec/conf/acl/Chen024.bib},
  bibsource    = {dblp computer science bibliography, https://dblp.org}
}

@inproceedings{DBLP:conf/iclr/0002WSLCNCZ23,
  author       = {Xuezhi Wang and
                  Jason Wei and
                  Dale Schuurmans and
                  Quoc V. Le and
                  Ed H. Chi and
                  Sharan Narang and
                  Aakanksha Chowdhery and
                  Denny Zhou},
  title        = {Self-Consistency Improves Chain of Thought Reasoning in Language Models},
  booktitle    = {The Eleventh International Conference on Learning Representations,
                  {ICLR} 2023, Kigali, Rwanda, May 1-5, 2023},
  publisher    = {OpenReview.net},
  year         = {2023},
  url          = {https://openreview.net/forum?id=1PL1NIMMrw},
  timestamp    = {Wed, 24 Jul 2024 16:50:33 +0200},
  biburl       = {https://dblp.org/rec/conf/iclr/0002WSLCNCZ23.bib},
  bibsource    = {dblp computer science bibliography, https://dblp.org}
}

% 基于prompt

@inproceedings{DBLP:conf/emnlp/TianMZSRYFM23,
  author       = {Katherine Tian and
                  Eric Mitchell and
                  Allan Zhou and
                  Archit Sharma and
                  Rafael Rafailov and
                  Huaxiu Yao and
                  Chelsea Finn and
                  Christopher D. Manning},
  editor       = {Houda Bouamor and
                  Juan Pino and
                  Kalika Bali},
  title        = {Just Ask for Calibration: Strategies for Eliciting Calibrated Confidence
                  Scores from Language Models Fine-Tuned with Human Feedback},
  booktitle    = {Proceedings of the 2023 Conference on Empirical Methods in Natural
                  Language Processing, {EMNLP} 2023, Singapore, December 6-10, 2023},
  pages        = {5433--5442},
  publisher    = {Association for Computational Linguistics},
  year         = {2023},
  url          = {https://doi.org/10.18653/v1/2023.emnlp-main.330},
  doi          = {10.18653/V1/2023.EMNLP-MAIN.330},
  timestamp    = {Fri, 12 Apr 2024 13:11:55 +0200},
  biburl       = {https://dblp.org/rec/conf/emnlp/TianMZSRYFM23.bib},
  bibsource    = {dblp computer science bibliography, https://dblp.org}
}

% 直接输出概率
@article{DBLP:journals/tmlr/LinHE22,
  author       = {Stephanie Lin and
                  Jacob Hilton and
                  Owain Evans},
  title        = {Teaching Models to Express Their Uncertainty in Words},
  journal      = {Trans. Mach. Learn. Res.},
  volume       = {2022},
  year         = {2022},
  url          = {https://openreview.net/forum?id=8s8K2UZGTZ},
  timestamp    = {Fri, 19 May 2023 11:20:42 +0200},
  biburl       = {https://dblp.org/rec/journals/tmlr/LinHE22.bib},
  bibsource    = {dblp computer science bibliography, https://dblp.org}
}

@inproceedings{plank-2022-problem,
    title = "The {\textquotedblleft}Problem{\textquotedblright} of Human Label Variation: On Ground Truth in Data, Modeling and Evaluation",
    author = "Plank, Barbara",
    editor = "Goldberg, Yoav  and
      Kozareva, Zornitsa  and
      Zhang, Yue",
    booktitle = "Proceedings of the 2022 Conference on Empirical Methods in Natural Language Processing",
    month = dec,
    year = "2022",
    address = "Abu Dhabi, United Arab Emirates",
    publisher = "Association for Computational Linguistics",
    url = "https://aclanthology.org/2022.emnlp-main.731/",
    doi = "10.18653/v1/2022.emnlp-main.731",
    pages = "10671--10682",
}

@article{DBLP:journals/tacl/PavlickK19,
  author       = {Ellie Pavlick and
                  Tom Kwiatkowski},
  title        = {Inherent Disagreements in Human Textual Inferences},
  journal      = {Trans. Assoc. Comput. Linguistics},
  volume       = {7},
  pages        = {677--694},
  year         = {2019},
  url          = {https://doi.org/10.1162/tacl\_a\_00293},
  doi          = {10.1162/TACL\_A\_00293},
  timestamp    = {Wed, 19 Jun 2024 17:28:03 +0200},
  biburl       = {https://dblp.org/rec/journals/tacl/PavlickK19.bib},
  bibsource    = {dblp computer science bibliography, https://dblp.org}
}

@inproceedings{basile-etal-2021-need,
    title = "We Need to Consider Disagreement in Evaluation",
    author = "Basile, Valerio  and
      Fell, Michael  and
      Fornaciari, Tommaso  and
      Hovy, Dirk  and
      Paun, Silviu  and
      Plank, Barbara  and
      Poesio, Massimo  and
      Uma, Alexandra",
    booktitle = "Proceedings of the 1st Workshop on Benchmarking: Past, Present and Future",
    month = aug,
    year = "2021",
    address = "Online",
    publisher = "Association for Computational Linguistics",
    url = "https://aclanthology.org/2021.bppf-1.3/",
    doi = "10.18653/v1/2021.bppf-1.3",
    pages = "15--21",
}

@article{DBLP:journals/jair/UmaFHPPP21,
  author       = {Alexandra Uma and
                  Tommaso Fornaciari and
                  Dirk Hovy and
                  Silviu Paun and
                  Barbara Plank and
                  Massimo Poesio},
  title        = {Learning from Disagreement: {A} Survey},
  journal      = {J. Artif. Intell. Res.},
  volume       = {72},
  pages        = {1385--1470},
  year         = {2021},
  url          = {https://doi.org/10.1613/jair.1.12752},
  doi          = {10.1613/JAIR.1.12752},
  timestamp    = {Tue, 07 May 2024 20:25:29 +0200},
  biburl       = {https://dblp.org/rec/journals/jair/UmaFHPPP21.bib},
  bibsource    = {dblp computer science bibliography, https://dblp.org}
}

% Majority Vote的局限性
@article{DBLP:journals/tacl/DavaniDP22,
  author       = {Aida Mostafazadeh Davani and
                  Mark D{\'{\i}}az and
                  Vinodkumar Prabhakaran},
  title        = {Dealing with Disagreements: Looking Beyond the Majority Vote in Subjective
                  Annotations},
  journal      = {Trans. Assoc. Comput. Linguistics},
  volume       = {10},
  pages        = {92--110},
  year         = {2022},
  url          = {https://doi.org/10.1162/tacl\_a\_00449},
  doi          = {10.1162/TACL\_A\_00449},
  timestamp    = {Wed, 19 Jun 2024 17:28:03 +0200},
  biburl       = {https://dblp.org/rec/journals/tacl/DavaniDP22.bib},
  bibsource    = {dblp computer science bibliography, https://dblp.org}
}

@article{DBLP:journals/frai/UmaAP22,
  author       = {Alexandra Uma and
                  Dina Almanea and
                  Massimo Poesio},
  title        = {Scaling and Disagreements: Bias, Noise, and Ambiguity},
  journal      = {Frontiers Artif. Intell.},
  volume       = {5},
  pages        = {818451},
  year         = {2022},
  url          = {https://doi.org/10.3389/frai.2022.818451},
  doi          = {10.3389/FRAI.2022.818451},
  timestamp    = {Wed, 20 Apr 2022 10:08:38 +0200},
  biburl       = {https://dblp.org/rec/journals/frai/UmaAP22.bib},
  bibsource    = {dblp computer science bibliography, https://dblp.org}
}

% 不一致性学习方法
@inproceedings{weerasooriya-etal-2023-disagreement,
    title = "Disagreement Matters: Preserving Label Diversity by Jointly Modeling Item and Annotator Label Distributions with {D}is{C}o",
    author = "Weerasooriya, Tharindu Cyril  and
      Ororbia, Alexander  and
      Bhensadadia, Raj  and
      KhudaBukhsh, Ashiqur  and
      Homan, Christopher",
    booktitle = "Findings of the Association for Computational Linguistics: ACL 2023",
    month = jul,
    year = "2023",
    address = "Toronto, Canada",
    publisher = "Association for Computational Linguistics",
    url = "https://aclanthology.org/2023.findings-acl.287/",
    doi = "10.18653/v1/2023.findings-acl.287",
    pages = "4679--4695",
}