@inproceedings{AKKO23,
  title={Matroid Partition Property and the Secretary Problem},
  author={Abdolazimi, Dorna and Karlin, Anna R. and Klein, Nathan and Oveis Gharan, Shayan},
  booktitle={Innovations in Theoretical Computer Science (ITCS)},
  pages={2:1--2:9},
  year={2023}
}

@article{AL21,
  title={New results for the k-secretary problem},
  author={Albers, Susanne and Ladewig, Leon},
  journal={Theoretical Computer Science},
  volume={863},
  pages={102--119},
  year={2021}
}

@article{AMW01,
  title={Improved algorithms and analysis for secretary problems and generalizations},
  author={Ajtai, Miklos and Megiddo, Nimrod and Waarts, Orli},
  journal={SIAM Journal on Discrete Mathematics},
  volume={14},
  number={1},
  pages={1--27},
  year={2001}
}

@inproceedings{ASS19,
  title={Submodular secretary problem with shortlists},
  author={Agrawal, Shipra and Shadravan, Mohammad and Stein, Cliff},
  booktitle={Innovations in Theoretical Computer Science (ITCS)},
  pages={1:1--1:19},
  year={2019}
}

@inproceedings{BIK07,
  title={Matroids, secretary problems, and online mechanisms},
  author={Babaioff, Moshe and Immorlica, Nicole and Kleinberg, Robert},
  booktitle={Symposium on Discrete Algorithms (SODA)},
  pages={434--443},
  year={2007}
}

@inproceedings{BIKK07,
  title={A knapsack secretary problem with applications},
  author={Babaioff, Moshe and Immorlica, Nicole and Kempe, David and Kleinberg, Robert},
  booktitle={International Workshop on Approximation Algorithms for Combinatorial Optimization},
  pages={16--28},
  year={2007}
}

@article{BIKK18,
  title={Matroid secretary problems},
  author={Babaioff, Moshe and Immorlica, Nicole and Kempe, David and Kleinberg, Robert},
  journal={Journal of the ACM (JACM)},
  volume={65},
  number={6},
  pages={1--26},
  year={2018}
}

@article{CMRS64,
  title={Optimal selection based on relative rank (the ``secretary problem'')},
  author={Chow, Yuan-Shih and Moriguti, Sigaiti and Robbins, Herbert and Samuels, Stephen Mitchell},
  journal={Israel Journal of mathematics},
  volume={2},
  number={2},
  pages={81--90},
  year={1964}
}

@article{Ferguson1989,
  title={Who solved the secretary problem?},
  author={Ferguson, Thomas S.},
  journal={Statistical science},
  volume={4},
  number={3},
  pages={282--289},
  year={1989}
}

@article{GM66,
  title={Recognizing the maximum of a sequence},
  author={Gilbert, John P. and Mosteller, Frederick},
  journal={Journal of the American Statistical Association},
  volume={61},
  number={313},
  pages={35--73},
  year={1966}
}

@inproceedings{KLL16,
  title={Optimal quantile approximation in streams},
  author={Karnin, Zohar and Lang, Kevin and Liberty, Edo},
  booktitle={Foundations of Computer Science (FOCS)},
  pages={71--78},
  year={2016}
}

@inproceedings{Kleinberg05,
  title={A multiple-choice secretary algorithm with applications to online auctions},
  author={Kleinberg, Robert D.},
  booktitle={Symposium on Discrete Algorithms (SODA)},
  pages={630--631},
  year={2005}
}

@article{Lindley61,
  title={Dynamic programming and decision theory},
  author={Lindley, D.V.},
  journal={Journal of the Royal Statistical Society: Series C (Applied Statistics)},
  volume={10},
  number={1},
  pages={39--51},
  year={1961}
}

@article{MP80,
  title={Selection and sorting with limited storage},
  author={Munro, J.I. and Paterson, M.S.},
  journal={Theoretical Computer Science},
  volume={12},
  number={3},
  pages={315--323},
  year={1980}
}

@inproceedings{MV12,
  title={The shifting sands algorithm},
  author={McGregor, Andrew and Valiant, Paul},
  booktitle={Symposium on Discrete Algorithms (SODA)},
  pages={453--458},
  year={2012}
}

@inproceedings{PZ23,
  title={Online prediction in sub-linear space},
  author={Peng, Binghui and Zhang, Fred},
  booktitle={Symposium on Discrete Algorithms (SODA)},
  pages={1611--1634},
  year={2023}
}

@inproceedings{QV23,
  title={Online Pen Testing},
  author={Qiao, Mingda and Valiant, Gregory},
  booktitle={Innovations in Theoretical Computer Science (ITCS)},
  pages={91:1--91:26},
  year={2023}
}

@article{bartoszynski1978secretary,
  title={The secretary problem with interview cost},
  author={Bartoszy{\'n}ski, R and Govindarajulu, Z},
  journal={Sankhy{\=a}: The Indian Journal of Statistics, Series B},
  pages={11--28},
  year={1978}
}

@inproceedings{blanchard2023memory,
  title={Memory-constrained algorithms for convex optimization via recursive cutting-planes},
  author={Blanchard, Moise and Zhang, Junhui and Jaillet, Patrick},
  booktitle={Advances in Neural Information Processing Systems (NeurIPS)},
  pages={6156--6189},
  year={2023}
}

@inproceedings{blanchard2024gradient,
  title={Gradient Descent is Pareto-Optimal in the Oracle Complexity and Memory Tradeoff for Feasibility Problems},
  author={Blanchard, Moise},
  booktitle={Foundations of Computer Science (FOCS)},
  pages={2413--2435},
  year={2024}
}

@inproceedings{burjons2021secretary,
  title={The secretary problem with reservation costs},
  author={Burjons, Elisabet and Gehnen, Matthias and Lotze, Henri and Mock, Daniel and Rossmanith, Peter},
  booktitle={International Computing and Combinatorics Conference},
  pages={553--564},
  year={2021}
}

@inproceedings{chakraborty2012improved,
  title={Improved competitive ratio for the matroid secretary problem},
  author={Chakraborty, Sourav and Lachish, Oded},
  booktitle={Symposium on Discrete Algorithms (SODA)},
  pages={1702--1712},
  year={2012}
}

@article{dinitz2014matroid,
  title={Matroid secretary for regular and decomposable matroids},
  author={Dinitz, Michael and Kortsarz, Guy},
  journal={SIAM Journal on Computing},
  volume={43},
  number={5},
  pages={1807--1830},
  year={2014}
}

@article{dynkin1963optimum,
  title={The optimum choice of the instant for stopping a Markov process},
  author={Dynkin, Evgenii Borisovich},
  journal={Soviet Mathematics},
  volume={4},
  pages={627--629},
  year={1963}
}

@inproceedings{feldman2014simple,
  title={A simple O (log log (rank))-competitive algorithm for the matroid secretary problem},
  author={Feldman, Moran and Svensson, Ola and Zenklusen, Rico},
  booktitle={Symposium on Discrete Algorithms (SODA)},
  pages={1189--1201},
  year={2014}
}

@article{freeman1983secretary,
  title={The secretary problem and its extensions: A review},
  author={Freeman, P.R.},
  journal={International Statistical Review},
  pages={189--206},
  year={1983}
}

@article{ganesh2023combinatorial,
  title={Combinatorial Pen Testing (or Consumer Surplus of Deferred-Acceptance Auctions)},
  author={Ganesh, Aadityan and Hartline, Jason},
  journal={arXiv preprint arXiv:2301.12462},
  year={2023}
}

@inproceedings{garg2018extractor,
  title={Extractor-based time-space lower bounds for learning},
  author={Garg, Sumegha and Raz, Ran and Tal, Avishay},
  booktitle={Symposium on Theory of Computing (STOC)},
  pages={990--1002},
  year={2018}
}

@article{guha2009stream,
  title={Stream order and order statistics: Quantile estimation in random-order streams},
  author={Guha, Sudipto and McGregor, Andrew},
  journal={SIAM Journal on Computing},
  volume={38},
  number={5},
  pages={2044--2059},
  year={2009}
}

@inproceedings{gupta2024optimal,
  title={Optimal quantile estimation: beyond the comparison model},
  author={Gupta, Meghal and Singhal, Mihir and Wu, Hongxun},
  booktitle={Foundations of Computer Science (FOCS)},
  pages={1137--1158},
  year={2024}
}

@article{huynh2020matroid,
  title={The matroid secretary problem for minor-closed classes and random matroids},
  author={Huynh, Tony and Nelson, Peter},
  journal={SIAM Journal on Discrete Mathematics},
  volume={34},
  number={1},
  pages={163--176},
  year={2020}
}

@inproceedings{jaillet2013advances,
  title={Advances on matroid secretary problems: Free order model and laminar case},
  author={Jaillet, Patrick and Soto, Jos{\'e} A and Zenklusen, Rico},
  booktitle={International Conference on Integer Programming and Combinatorial Optimization},
  pages={254--265},
  year={2013}
}

@inproceedings{kol2017time,
  title={Time-space hardness of learning sparse parities},
  author={Kol, Gillat and Raz, Ran and Tal, Avishay},
  booktitle={Symposium on Theory of Computing (STOC)},
  pages={1067--1080},
  year={2017}
}

@inproceedings{lachish2014log,
  title={O (log log rank) competitive ratio for the matroid secretary problem},
  author={Lachish, Oded},
  booktitle={Foundations of Computer Science (FOCS)},
  pages={326--335},
  year={2014}
}

@article{manku1998approximate,
  title={Approximate medians and other quantiles in one pass and with limited memory},
  author={Manku, Gurmeet Singh and Rajagopalan, Sridhar and Lindsay, Bruce G},
  journal={ACM SIGMOD Record},
  volume={27},
  number={2},
  pages={426--435},
  year={1998}
}

@inproceedings{marsden2022efficient,
  title={Efficient convex optimization requires superlinear memory},
  author={Marsden, Annie and Sharan, Vatsal and Sidford, Aaron and Valiant, Gregory},
  booktitle={Conference on Learning Theory (COLT)},
  pages={2390--2430},
  year={2022}
}

@article{masson2019ddsketch,
  title={DDSketch: a fast and fully-mergeable quantile sketch with relative-error guarantees},
  author={Masson, Charles and Rim, Jee E. and Lee, Homin K.},
  journal={Proceedings of the VLDB Endowment},
  volume={12},
  number={12},
  pages={2195--2205},
  year={2019}
}

@inproceedings{peng2023near,
  title={Near optimal memory-regret tradeoff for online learning},
  author={Peng, Binghui and Rubinstein, Aviad},
  booktitle={Foundations of Computer Science (FOCS)},
  pages={1171--1194},
  year={2023}
}

@article{raz2018fast,
  title={Fast learning requires good memory: A time-space lower bound for parity learning},
  author={Raz, Ran},
  journal={Journal of the ACM (JACM)},
  volume={66},
  number={1},
  pages={1--18},
  year={2018}
}

@inproceedings{sharan2019memory,
  title={Memory-sample tradeoffs for linear regression with small error},
  author={Sharan, Vatsal and Sidford, Aaron and Valiant, Gregory},
  booktitle={Symposium on Theory of Computing (STOC)},
  pages={890--901},
  year={2019}
}

@article{soto2013matroid,
  title={Matroid secretary problem in the random-assignment model},
  author={Soto, Jos{\'e} A},
  journal={SIAM Journal on Computing},
  volume={42},
  number={1},
  pages={178--211},
  year={2013}
}

@article{soto2021strong,
  title={Strong algorithms for the ordinal matroid secretary problem},
  author={Soto, Jos{\'e} A and Turkieltaub, Abner and Verdugo, Victor},
  journal={Mathematics of Operations Research},
  volume={46},
  number={2},
  pages={642--673},
  year={2021}
}

@inproceedings{srinivas2022memory,
  title={Memory bounds for the experts problem},
  author={Srinivas, Vaidehi and Woodruff, David P. and Xu, Ziyu and Zhou, Samson},
  booktitle={Symposium on Theory of Computing (STOC)},
  pages={1158--1171},
  year={2022}
}

@inproceedings{steinhardt2016memory,
  title={Memory, communication, and statistical queries},
  author={Steinhardt, Jacob and Valiant, Gregory and Wager, Stefan},
  booktitle={Conference on Learning Theory (COLT)},
  pages={1490--1516},
  year={2016}
}

@article{valiant2016information,
  title={Information theoretically secure databases},
  author={Valiant, Gregory and Valiant, Paul},
  journal={arXiv preprint arXiv:1605.02646},
  year={2016}
}

