@misc{alaniz2021learningdecisiontreesrecurrently,
      title={Learning Decision Trees Recurrently Through Communication}, 
      author={Stephan Alaniz and Diego Marcos and Bernt Schiele and Zeynep Akata},
      year={2021},
      eprint={1902.01780},
      archivePrefix={arXiv},
      primaryClass={cs.LG},
      url={https://arxiv.org/abs/1902.01780}, 
}

@book{breiman2017classification,
  title={Classification and regression trees},
  author={Breiman, Leo},
  year={2017},
  publisher={Routledge}
}

@inproceedings{chegini2010prediction,
  title={Prediction of financial time series with recurrent LoLiMot (locally linear model tree)},
  author={Chegini, Hossein and Lucas, Caro},
  booktitle={2010 The 2nd International Conference on Computer and Automation Engineering (ICCAE)},
  volume={2},
  pages={592--596},
  year={2010}
}

@inproceedings{chen2016learning,
  title={Learning online smooth predictors for realtime camera planning using recurrent decision trees},
  author={Chen, Jianhui and Le, Hoang M and Carr, Peter and Yue, Yisong and Little, James J},
  booktitle={Proceedings of the IEEE Conference on Computer Vision and Pattern Recognition},
  pages={4688--4696},
  year={2016}
}

@article{nassar2018tree,
  title={Tree-structured recurrent switching linear dynamical systems for multi-scale modeling},
  author={Nassar, Josue and Linderman, Scott W and Bugallo, Monica and Park, Il Memming},
  journal={arXiv preprint arXiv:1811.12386},
  year={2018}
}

@inproceedings{nelles1996basis,
  title={Basis function networks for interpolation of local linear models},
  author={Nelles, Oliver and Isermann, Rolf},
  booktitle={Proceedings of 35th IEEE conference on decision and control},
  volume={1},
  pages={470--475},
  year={1996},
  organization={IEEE}
}

@book{quinlan2014c4,
  title={C4. 5: programs for machine learning},
  author={Quinlan, J Ross},
  year={2014},
  publisher={Elsevier}
}

@article{ren2021tree,
  title={Tree-RNN: Tree structural recurrent neural network for network traffic classification},
  author={Ren, Xinming and Gu, Huaxi and Wei, Wenting},
  journal={Expert Systems with Applications},
  volume={167},
  pages={114363},
  year={2021},
  publisher={Elsevier}
}

