@inproceedings{langley00,
 author    = {P. Langley},
 title     = {Crafting Papers on Machine Learning},
 year      = {2000},
 pages     = {1207--1216},
 editor    = {Pat Langley},
 booktitle     = {Proceedings of the 17th International Conference
              on Machine Learning (ICML 2000)},
 address   = {Stanford, CA},
 publisher = {Morgan Kaufmann}
}

@TechReport{mitchell80,
  author = 	 "T. M. Mitchell",
  title = 	 "The Need for Biases in Learning Generalizations",
  institution =  "Computer Science Department, Rutgers University",
  year = 	 "1980",
  address =	 "New Brunswick, MA",
}

@phdthesis{kearns89,
  author = {M. J. Kearns},
  title =  {Computational Complexity of Machine Learning},
  school = {Department of Computer Science, Harvard University},
  year =   {1989}
}

@Book{MachineLearningI,
  editor = 	 "R. S. Michalski and J. G. Carbonell and T.
		  M. Mitchell",
  title = 	 "Machine Learning: An Artificial Intelligence
		  Approach, Vol. I",
  publisher = 	 "Tioga",
  year = 	 "1983",
  address =	 "Palo Alto, CA"
}

@Book{DudaHart2nd,
  author =       "R. O. Duda and P. E. Hart and D. G. Stork",
  title =        "Pattern Classification",
  publisher =    "John Wiley and Sons",
  edition =      "2nd",
  year =         "2000"
}

@misc{anonymous,
  title= {Suppressed for Anonymity},
  author= {Author, N. N.},
  year= {2021}
}

@InCollection{Newell81,
  author =       "A. Newell and P. S. Rosenbloom",
  title =        "Mechanisms of Skill Acquisition and the Law of
                  Practice", 
  booktitle =    "Cognitive Skills and Their Acquisition",
  pages =        "1--51",
  publisher =    "Lawrence Erlbaum Associates, Inc.",
  year =         "1981",
  editor =       "J. R. Anderson",
  chapter =      "1",
  address =      "Hillsdale, NJ"
}


@Article{Samuel59,
  author = 	 "A. L. Samuel",
  title = 	 "Some Studies in Machine Learning Using the Game of
		  Checkers",
  journal =	 "IBM Journal of Research and Development",
  year =	 "1959",
  volume =	 "3",
  number =	 "3",
  pages =	 "211--229"
}


@article{hochreiter1998vanishing,
  title={The vanishing gradient problem during learning recurrent neural nets and problem solutions},
  author={Hochreiter, Sepp},
  journal={International Journal of Uncertainty, Fuzziness and Knowledge-Based Systems},
  volume={6},
  number={02},
  pages={107--116},
  year={1998},
  publisher={World Scientific}
}

@article{schmidhuber1997long,
  title={Long short-term memory},
  author={Schmidhuber, J{\"u}rgen and Hochreiter, Sepp and others},
  journal={Neural Comput},
  volume={9},
  number={8},
  pages={1735--1780},
  year={1997}
}

@inproceedings{dey2017gate,
  title={Gate-variants of gated recurrent unit (GRU) neural networks},
  author={Dey, Rahul and Salem, Fathi M},
  booktitle={2017 IEEE 60th international midwest symposium on circuits and systems (MWSCAS)},
  pages={1597--1600},
  year={2017},
  organization={IEEE}
}

@article{beck2024xlstm,
  title={xLSTM: Extended Long Short-Term Memory},
  author={Beck, Maximilian and P{\"o}ppel, Korbinian and Spanring, Markus and Auer, Andreas and Prudnikova, Oleksandra and Kopp, Michael and Klambauer, G{\"u}nter and Brandstetter, Johannes and Hochreiter, Sepp},
  journal={arXiv preprint arXiv:2405.04517},
  year={2024}
}

@inproceedings{marton2024grande,
  title={GRANDE: Gradient-Based Decision Tree Ensembles for Tabular Data},
  author={Marton, Sascha and L{\"u}dtke, Stefan and Bartelt, Christian and Stuckenschmidt, Heiner},
  booktitle={The Twelfth International Conference on Learning Representations},
  year={2024}
}

@inproceedings{marton2024gradtree,
  title={GradTree: Learning axis-aligned decision trees with gradient descent},
  author={Marton, Sascha and L{\"u}dtke, Stefan and Bartelt, Christian and Stuckenschmidt, Heiner},
  booktitle={Proceedings of the AAAI Conference on Artificial Intelligence},
  volume={38},
  pages={14323--14331},
  year={2024}
}

@article{werbos1990backpropagation,
  title={Backpropagation through time: what it does and how to do it},
  author={Werbos, Paul J},
  journal={Proceedings of the IEEE},
  volume={78},
  number={10},
  pages={1550--1560},
  year={1990},
  publisher={IEEE}
}

@book{nelles2020nonlinear,
  title={Nonlinear dynamic system identification},
  author={Nelles, Oliver},
  year={2020},
  publisher={Springer}
}

@misc{yin2019understandingstraightthroughestimatortraining,
      title={Understanding Straight-Through Estimator in Training Activation Quantized Neural Nets}, 
      author={Penghang Yin and Jiancheng Lyu and Shuai Zhang and Stanley Osher and Yingyong Qi and Jack Xin},
      year={2019},
      eprint={1903.05662},
      archivePrefix={arXiv},
      primaryClass={cs.LG},
      url={https://arxiv.org/abs/1903.05662}, 
}

@inproceedings{chen2016learning,
  title={Learning online smooth predictors for realtime camera planning using recurrent decision trees},
  author={Chen, Jianhui and Le, Hoang M and Carr, Peter and Yue, Yisong and Little, James J},
  booktitle={Proceedings of the IEEE Conference on Computer Vision and Pattern Recognition},
  pages={4688--4696},
  year={2016}
}

@misc{alaniz2021learningdecisiontreesrecurrently,
      title={Learning Decision Trees Recurrently Through Communication}, 
      author={Stephan Alaniz and Diego Marcos and Bernt Schiele and Zeynep Akata},
      year={2021},
      eprint={1902.01780},
      archivePrefix={arXiv},
      primaryClass={cs.LG},
      url={https://arxiv.org/abs/1902.01780}, 
}

@book{quinlan2014c4,
  title={C4. 5: programs for machine learning},
  author={Quinlan, J Ross},
  year={2014},
  publisher={Elsevier}
}

@book{breiman2017classification,
  title={Classification and regression trees},
  author={Breiman, Leo},
  year={2017},
  publisher={Routledge}
}

@inproceedings{chen2016xgboost,
  title={Xgboost: A scalable tree boosting system},
  author={Chen, Tianqi and Guestrin, Carlos},
  booktitle={Proceedings of the 22nd acm sigkdd international conference on knowledge discovery and data mining},
  pages={785--794},
  year={2016}
}

@article{prokhorenkova2018catboost,
  title={CatBoost: unbiased boosting with categorical features},
  author={Prokhorenkova, Liudmila and Gusev, Gleb and Vorobev, Aleksandr and Dorogush, Anna Veronika and Gulin, Andrey},
  journal={Advances in neural information processing systems},
  volume={31},
  year={2018}
}

@inproceedings{nelles1996basis,
  title={Basis function networks for interpolation of local linear models},
  author={Nelles, Oliver and Isermann, Rolf},
  booktitle={Proceedings of 35th IEEE conference on decision and control},
  volume={1},
  pages={470--475},
  year={1996},
  organization={IEEE}
}

@inproceedings{irsoy2012soft,
  title={Soft decision trees},
  author={Irsoy, Ozan and Y{\i}ld{\i}z, Olcay Taner and Alpayd{\i}n, Ethem},
  booktitle={Proceedings of the 21st international conference on pattern recognition (ICPR2012)},
  pages={1819--1822},
  year={2012},
  organization={IEEE}
}

@article{luo2021sdtr,
  title={SDTR: Soft decision tree regressor for tabular data},
  author={Luo, Haoran and Cheng, Fan and Yu, Heng and Yi, Yuqi},
  journal={IEEE Access},
  volume={9},
  pages={55999--56011},
  year={2021},
  publisher={IEEE}
}

@article{williams1989experimental,
  title={Experimental analysis of the real-time recurrent learning algorithm},
  author={Williams, Ronald J and Zipser, David},
  journal={Connection science},
  volume={1},
  number={1},
  pages={87--111},
  year={1989},
  publisher={Taylor \& Francis}
}

@misc{orvieto2023resurrectingrecurrentneuralnetworks,
      title={Resurrecting Recurrent Neural Networks for Long Sequences}, 
      author={Antonio Orvieto and Samuel L Smith and Albert Gu and Anushan Fernando and Caglar Gulcehre and Razvan Pascanu and Soham De},
      year={2023},
      eprint={2303.06349},
      archivePrefix={arXiv},
      primaryClass={cs.LG},
      url={https://arxiv.org/abs/2303.06349}, 
}

@article{czajkowski2016role,
  title={The role of decision tree representation in regression problems--An evolutionary perspective},
  author={Czajkowski, Marcin and Kretowski, Marek},
  journal={Applied soft computing},
  volume={48},
  pages={458--475},
  year={2016},
  publisher={Elsevier}
}

@article{ammari2023linear,
  title={Linear model decision trees as surrogates in optimization of engineering applications},
  author={Ammari, Bashar L and Johnson, Emma S and Stinchfield, Georgia and Kim, Taehun and Bynum, Michael and Hart, William E and Pulsipher, Joshua and Laird, Carl D},
  journal={Computers \& Chemical Engineering},
  volume={178},
  pages={108347},
  year={2023},
  publisher={Elsevier}
}

@inproceedings{chegini2010prediction,
  title={Prediction of financial time series with recurrent LoLiMot (locally linear model tree)},
  author={Chegini, Hossein and Lucas, Caro},
  booktitle={2010 The 2nd International Conference on Computer and Automation Engineering (ICCAE)},
  volume={2},
  pages={592--596},
  year={2010}
}

@article{ren2021tree,
  title={Tree-RNN: Tree structural recurrent neural network for network traffic classification},
  author={Ren, Xinming and Gu, Huaxi and Wei, Wenting},
  journal={Expert Systems with Applications},
  volume={167},
  pages={114363},
  year={2021},
  publisher={Elsevier}
}

@article{nassar2018tree,
  title={Tree-structured recurrent switching linear dynamical systems for multi-scale modeling},
  author={Nassar, Josue and Linderman, Scott W and Bugallo, Monica and Park, Il Memming},
  journal={arXiv preprint arXiv:1811.12386},
  year={2018}
}

@inproceedings{akiba2019optuna,
  title={Optuna: A next-generation hyperparameter optimization framework},
  author={Akiba, Takuya and Sano, Shotaro and Yanase, Toshihiko and Ohta, Takeru and Koyama, Masanori},
  booktitle={Proceedings of the 25th ACM SIGKDD international conference on knowledge discovery \& data mining},
  pages={2623--2631},
  year={2019}
}

@book{durbin2012time,
  title={Time series analysis by state space methods},
  author={Durbin, James and Koopman, Siem Jan},
  volume={38},
  year={2012},
  publisher={OUP Oxford}
}

@article{elman1990finding,
  title={Finding structure in time},
  author={Elman, Jeffrey L},
  journal={Cognitive science},
  volume={14},
  number={2},
  pages={179--211},
  year={1990},
  publisher={Wiley Online Library}
}