% Use this file for citations not found in the ACL Anthology (contained in "anthology.bib").

 
@article{nina-rimsky,
    author = "Nina Rimsky",
    title = "Decoding intermediate activations in llama-2-7b" ,
    journal = "LessWrong",
    year = "2023",
    url = "https://www.lesswrong.com/posts/fJE6tscjGRPnK8C2C/decoding-intermediate-activations-in-llama-2-7b"
}

@article{logit-lens,
    author = "Nostalgebraist" ,
    title = "{Interpreting GPT: The Logit Lens}",
    journal = "LessWrong",
    year =  "2020",
    url = "https://www.lesswrong.com/posts/AcKRB8wDpdaN6v6ru/interpreting-gpt-the-logit-lens"
}

@article{dumas2024separating,
  title={Separating Tongue from Thought: Activation Patching Reveals Language-Agnostic Concept Representations in Transformers},
  author={Dumas, Cl{\'e}ment and Wendler, Chris and Veselovsky, Veniamin and Monea, Giovanni and West, Robert},
  journal={arXiv preprint arXiv:2411.08745},
  year={2024}
}

@article{touvron2023llama,
  title={Llama 2: Open foundation and fine-tuned chat models},
  author={Touvron, Hugo and Martin, Louis and Stone, Kevin and Albert, Peter and Almahairi, Amjad and Babaei, Yasmine and Bashlykov, Nikolay and Batra, Soumya and Bhargava, Prajjwal and Bhosale, Shruti and others},
  journal={arXiv preprint arXiv:2307.09288},
  year={2023}
}

@article{team2024gemma,
  title={Gemma 2: Improving open language models at a practical size},
  author={Team, Gemma and Riviere, Morgane and Pathak, Shreya and Sessa, Pier Giuseppe and Hardin, Cassidy and Bhupatiraju, Surya and Hussenot, L{\'e}onard and Mesnard, Thomas and Shahriari, Bobak and Ram{\'e}, Alexandre and others},
  journal={arXiv preprint arXiv:2408.00118},
  year={2024}
}

@article{dubey2024llama,
  title={The llama 3 herd of models},
  author={Dubey, Abhimanyu and Jauhri, Abhinav and Pandey, Abhinav and Kadian, Abhishek and Al-Dahle, Ahmad and Letman, Aiesha and Mathur, Akhil and Schelten, Alan and Yang, Amy and Fan, Angela and others},
  journal={arXiv preprint arXiv:2407.21783},
  year={2024}
}

@article{Kunchukuttan-2020-IndicNLP,
    author = "Anoop Kunchukuttan",
    title = "The IndicNLP Library",
    year = "2020",
    url = "https://github.com/anoopkunchukuttan/indic_nlp_library/blob/master/docs/
indicnlp.pdf"
}


@inproceedings{chen2024selfie,
  author       = {Haozhe Chen and
                  Carl Vondrick and
                  Chengzhi Mao},
  title        = {SelfIE: Self-Interpretation of Large Language Model Embeddings},
  booktitle    = {Forty-first International Conference on Machine Learning, {ICML} 2024,
                  Vienna, Austria, July 21-27, 2024},
  publisher    = {OpenReview.net},
  year         = {2024},
  url          = {https://openreview.net/forum?id=gjgRKbdYR7},
}


@inproceedings{
variengien2024look,
title={Look Before You Leap: A Universal Emergent Decomposition of Retrieval Tasks in Language Models},
author={Alexandre Variengien and Eric Winsor},
booktitle={ICML 2024 Workshop on Mechanistic Interpretability},
year={2024},
url={https://openreview.net/forum?id=DRrzq93Y5Y}
}


@inproceedings{ghandeharioun2024patchscope,
  author       = {Asma Ghandeharioun and
                  Avi Caciularu and
                  Adam Pearce and
                  Lucas Dixon and
                  Mor Geva},
  title        = {Patchscopes: {A} Unifying Framework for Inspecting Hidden Representations
                  of Language Models},
  booktitle    = {Forty-first International Conference on Machine Learning, {ICML} 2024,
                  Vienna, Austria, July 21-27, 2024},
  publisher    = {OpenReview.net},
  year         = {2024},
  url          = {https://openreview.net/forum?id=5uwBzcn885},
}

@article{belrose2023eliciting,
  title={Eliciting latent predictions from transformers with the tuned lens},
  author={Belrose, Nora and Furman, Zach and Smith, Logan and Halawi, Danny and Ostrovsky, Igor and McKinney, Lev and Biderman, Stella and Steinhardt, Jacob},
  journal={arXiv preprint arXiv:2303.08112},
  year={2023}
}

@inproceedings{nanda2301progress,
  author       = {Neel Nanda and
                  Lawrence Chan and
                  Tom Lieberum and
                  Jess Smith and
                  Jacob Steinhardt},
  title        = {Progress measures for grokking via mechanistic interpretability},
  booktitle    = {The Eleventh International Conference on Learning Representations,
                  {ICLR} 2023, Kigali, Rwanda, May 1-5, 2023},
  publisher    = {OpenReview.net},
  year         = {2023},
  url          = {https://openreview.net/forum?id=9XFSbDPmdW},
}

@inproceedings{conmy2023towards,
  author       = {Arthur Conmy and
                  Augustine N. Mavor{-}Parker and
                  Aengus Lynch and
                  Stefan Heimersheim and
                  Adri{\`{a}} Garriga{-}Alonso},
  title        = {Towards Automated Circuit Discovery for Mechanistic Interpretability},
  booktitle    = {Advances in Neural Information Processing Systems 36: Annual Conference
                  on Neural Information Processing Systems 2023, NeurIPS 2023, New Orleans,
                  LA, USA, December 10 - 16, 2023},
  year         = {2023},
  url          = {http://papers.nips.cc/paper\_files/paper/2023/hash/34e1dbe95d34d7ebaf99b9bcaeb5b2be-Abstract-Conference.html},
}


@inproceedings{li2022emergent3,
  author       = {Kenneth Li and
                  Aspen K. Hopkins and
                  David Bau and
                  Fernanda B. Vi{\'{e}}gas and
                  Hanspeter Pfister and
                  Martin Wattenberg},
  title        = {Emergent World Representations: Exploring a Sequence Model Trained
                  on a Synthetic Task},
  booktitle    = {The Eleventh International Conference on Learning Representations,
                  {ICLR} 2023, Kigali, Rwanda, May 1-5, 2023},
  publisher    = {OpenReview.net},
  year         = {2023},
  url          = {https://openreview.net/forum?id=DeG07\_TcZvT},
}

@article{marks2023geometry,
  title={The geometry of truth: Emergent linear structure in large language model representations of true/false datasets},
  author={Marks, Samuel and Tegmark, Max},
  journal={arXiv preprint arXiv:2310.06824},
  year={2023}
}

@inproceedings{meng2022locating,
  author       = {Kevin Meng and
                  David Bau and
                  Alex Andonian and
                  Yonatan Belinkov},
  title        = {Locating and Editing Factual Associations in {GPT}},
  booktitle    = {Advances in Neural Information Processing Systems 35: Annual Conference
                  on Neural Information Processing Systems 2022, NeurIPS 2022, New Orleans,
                  LA, USA, November 28 - December 9, 2022},
  year         = {2022},
  url          = {http://papers.nips.cc/paper\_files/paper/2022/hash/6f1d43d5a82a37e89b0665b33bf3a182-Abstract-Conference.html},
}


@inproceedings{monea2023glitch,
  author       = {Giovanni Monea and
                  Maxime Peyrard and
                  Martin Josifoski and
                  Vishrav Chaudhary and
                  Jason Eisner and
                  Emre Kiciman and
                  Hamid Palangi and
                  Barun Patra and
                  Robert West},
  title        = {A Glitch in the Matrix? Locating and Detecting Language Model Grounding
                  with Fakepedia},
  booktitle    = {Proceedings of the 62nd Annual Meeting of the Association for Computational
                  Linguistics (Volume 1: Long Papers), {ACL} 2024, Bangkok, Thailand,
                  August 11-16, 2024},
  pages        = {6828--6844},
  publisher    = {Association for Computational Linguistics},
  year         = {2024},
  url          = {https://doi.org/10.18653/v1/2024.acl-long.369},
}

@inproceedings{vaswani2017attention,
  author       = {Ashish Vaswani and
                  Noam Shazeer and
                  Niki Parmar and
                  Jakob Uszkoreit and
                  Llion Jones and
                  Aidan N. Gomez and
                  Lukasz Kaiser and
                  Illia Polosukhin},
  title        = {Attention is All you Need},
  booktitle    = {Advances in Neural Information Processing Systems 30: Annual Conference
                  on Neural Information Processing Systems 2017, December 4-9, 2017,
                  Long Beach, CA, {USA}},
  pages        = {5998--6008},
  year         = {2017},
  url          = {https://proceedings.neurips.cc/paper/2017/hash/3f5ee243547dee91fbd053c1c4a845aa-Abstract.html},
}
@article{zhong2024beyond,
  title={Beyond English-Centric LLMs: What Language Do Multilingual Language Models Think in?},
  author={Zhong, Chengzhi and Cheng, Fei and Liu, Qianying and Jiang, Junfeng and Wan, Zhen and Chu, Chenhui and Murawaki, Yugo and Kurohashi, Sadao},
  journal={arXiv preprint arXiv:2408.10811},
  year={2024}
}

@article{elhage2021mathematical,
  title={A mathematical framework for transformer circuits},
  author={Elhage, Nelson and Nanda, Neel and Olsson, Catherine and Henighan, Tom and Joseph, Nicholas and Mann, Ben and Askell, Amanda and Bai, Yuntao and Chen, Anna and Conerly, Tom and others},
  journal={Transformer Circuits Thread},
  url = {https://transformer-circuits.pub/2021/framework/index.html},
  volume={1},
  number={1},
  pages={12},
  year={2021}
}

@inproceedings{zhao2024large,
  author       = {Yiran Zhao and
                  Wenxuan Zhang and
                  Guizhen Chen and
                  Kenji Kawaguchi and
                  Lidong Bing},
  title        = {How do Large Language Models Handle Multilingualism?},
  booktitle    = {Advances in Neural Information Processing Systems 38: Annual Conference
                  on Neural Information Processing Systems 2024, NeurIPS 2024, Vancouver,
                  BC, Canada, December 10 - 15, 2024},
  year         = {2024},
  url          = {http://papers.nips.cc/paper\_files/paper/2024/hash/1bd359b32ab8b2a6bbafa1ed2856cf40-Abstract-Conference.html},
}

@inproceedings{shi2022language,
  author       = {Freda Shi and
                  Mirac Suzgun and
                  Markus Freitag and
                  Xuezhi Wang and
                  Suraj Srivats and
                  Soroush Vosoughi and
                  Hyung Won Chung and
                  Yi Tay and
                  Sebastian Ruder and
                  Denny Zhou and
                  Dipanjan Das and
                  Jason Wei},
  title        = {Language models are multilingual chain-of-thought reasoners},
  booktitle    = {The Eleventh International Conference on Learning Representations,
                  {ICLR} 2023, Kigali, Rwanda, May 1-5, 2023},
  publisher    = {OpenReview.net},
  year         = {2023},
  url          = {https://openreview.net/forum?id=fR3wGCk-IXp},
 
}



@inproceedings{zhang2023m3exam,
  author       = {Wenxuan Zhang and
                  Mahani Aljunied and
                  Chang Gao and
                  Yew Ken Chia and
                  Lidong Bing},
  title        = {M3Exam: {A} Multilingual, Multimodal, Multilevel Benchmark for Examining
                  Large Language Models},
  booktitle    = {Advances in Neural Information Processing Systems 36: Annual Conference
                  on Neural Information Processing Systems 2023, NeurIPS 2023, New Orleans,
                  LA, USA, December 10 - 16, 2023},
  year         = {2023},
  url          = {http://papers.nips.cc/paper\_files/paper/2023/hash/117c5c8622b0d539f74f6d1fb082a2e9-Abstract-Datasets\_and\_Benchmarks.html},
}

@article{zhao2024llama,
  title={Llama beyond english: An empirical study on language capability transfer},
  author={Zhao, Jun and Zhang, Zhihao and Gao, Luhui and Zhang, Qi and Gui, Tao and Huang, Xuanjing},
  journal={arXiv preprint arXiv:2401.01055},
  year={2024}
}

@inproceedings{husain2024romansetu,
  title={Romansetu: Efficiently unlocking multilingual capabilities of large language models via romanization},
  author={Jaavid, J and Dabre, Raj and Aswanth, M and Gala, Jay and Jayakumar, Thanmay and Puduppully, Ratish and Kunchukuttan, Anoop},
  booktitle={Proceedings of the 62nd Annual Meeting of the Association for Computational Linguistics (Volume 1: Long Papers)},
url = "https://aclanthology.org/2024.acl-long.833/",
  pages={15593--15615},

  year={2024}
}


@inproceedings{j-etal-2024-romansetu,
    title = "{R}oman{S}etu: Efficiently unlocking multilingual capabilities of Large Language Models via {R}omanization",
    author = "Jaavid, J  and
      Dabre, Raj  and
      M, Aswanth  and
      Gala, Jay  and
      Jayakumar, Thanmay  and
      Puduppully, Ratish  and
      Kunchukuttan, Anoop",
    booktitle = "Proceedings of the 62nd Annual Meeting of the Association for Computational Linguistics (Volume 1: Long Papers)",
    month = aug,
    year = "2024",
    address = "Bangkok, Thailand",
    publisher = "Association for Computational Linguistics",
    url = "https://aclanthology.org/2024.acl-long.833/",
    doi = "10.18653/v1/2024.acl-long.833",
    pages = "15593--15615",
    
}

@inproceedings{geiger2022inducing,
  title={Inducing causal structure for interpretable neural networks},
  author={Geiger, Atticus and Wu, Zhengxuan and Lu, Hanson and Rozner, Josh and Kreiss, Elisa and Icard, Thomas and Goodman, Noah and Potts, Christopher},
  booktitle={International Conference on Machine Learning},
  pages={7324--7338},
  year={2022},
  organization={PMLR}
}

@article{kramar2024atp,
  title={AtP*: An efficient and scalable method for localizing LLM behaviour to components},
  author={Kram{\'a}r, J{\'a}nos and Lieberum, Tom and Shah, Rohin and Nanda, Neel},
  journal={arXiv preprint arXiv:2403.00745},
  year={2024}
}
@misc{pypinyin,
  author = {Mozillazg},
  title = {pypinyin: A Python library to convert Chinese characters to pinyin},
  year = {2024},
  url = {https://github.com/mozillazg/python-pinyin},
  note = {Accessed: 2025-01-23}
}


@misc{unidecode,
  author = {Tomaž Šolc},
  title = {Unidecode: ASCII transliterations of Unicode text},
  year = {2025},
  url = {https://github.com/avian2/unidecode},
  note = {Accessed: 2025-01-23}
}

@article{jiang2023mistral,
  title={Mistral 7B},
  author={Jiang, Albert Q and Sablayrolles, Alexandre and Mensch, Arthur and Bamford, Chris and Chaplot, Devendra Singh and Casas, Diego de las and Bressand, Florian and Lengyel, Gianna and Lample, Guillaume and Saulnier, Lucile and others},
  journal={arXiv preprint arXiv:2310.06825},
  year={2023}
}

@inproceedings{liu-etal-2024-translico,
  author       = {Yihong Liu and
                  Chunlan Ma and
                  Haotian Ye and
                  Hinrich Sch{\"{u}}tze},
  title        = {TransliCo: {A} Contrastive Learning Framework to Address the Script
                  Barrier in Multilingual Pretrained Language Models},
  booktitle    = {Proceedings of the 62nd Annual Meeting of the Association for Computational
                  Linguistics (Volume 1: Long Papers), {ACL} 2024, Bangkok, Thailand,
                  August 11-16, 2024},
  pages        = {2476--2499},
  publisher    = {Association for Computational Linguistics},
  year         = {2024},
  url          = {https://doi.org/10.18653/v1/2024.acl-long.136},
}


