@article{PagesBouton,
	author     = {Bouton, Catherine and Pag\`es, Gilles},
	title      = {About the multidimensional competitive learning vector
	              quantization algorithm with constant gain},
	journal    = {Ann. Appl. Probab.},
	fjournal   = {The Annals of Applied Probability},
	volume     = {7},
	year       = {1997},
	number     = {3},
	pages      = {679--710},
	issn       = {1050-5164,2168-8737},
	mrclass    = {60J20 (60F99 60J05 68T05 92B20)},
	mrnumber   = {1459266},
	mrreviewer = {Min\ Ping\ Qian},
	doi        = {10.1214/aoap/1034801249},
	url        = {https://doi.org/10.1214/aoap/1034801249}
}

@inproceedings{angelopoulos2022image,
	title     = {Image-to-image regression with distribution-free uncertainty quantification and applications in imaging},
	author    = {Angelopoulos, Anastasios N and Kohli, Amit P and Bates, Stephen and Jordan, Michael I and Malik, Jitendra and Alshaabi, Thayer and Upadhyayula, Srigokul and Romano, Yaniv},
	booktitle = {International Conference on Machine Learning},
	year      = {2022}
}

@inproceedings{bendel2024pcagan,
	title     = {pca{GAN}: Improving Posterior-Sampling c{GAN}s via Principal Component Regularization},
	author    = {Matthew C Bendel and Rizwan Ahmad and Philip Schniter},
	booktitle = {The Thirty-eighth Annual Conference on Neural Information Processing Systems},
	year      = {2024}
}

@techreport{bishop1994mixture,
	title       = {Mixture Density Networks},
	author      = {Bishop, Christopher M.},
	institution = {Neural Computing Research Group, Aston University},
	year        = {1994}
}

@inproceedings{kendall2017uncertainties,
	title     = {What Uncertainties Do We Need in Bayesian Deep Learning for Computer Vision?},
	author    = {Kendall, Alex and Gal, Yarin},
	booktitle = {Advances in Neural Information Processing Systems (NeurIPS)},
	year      = {2017}
}

@inproceedings{kohonen1995clvq,
	author    = {Teuvo Kohonen},
	title     = {Learning vector quantization for pattern recognition},
	booktitle = {Proceedings of the International Conference on Neural Networks},
	year      = {1995}
}

@inproceedings{kutiel2023conformal,
	title     = {Conformal Prediction Masks: Visualizing Uncertainty in Medical Imaging},
	author    = {Kutiel, Gilad and Cohen, Regev and Elad, Michael and Freedman, Daniel and Rivlin, Ehud},
	booktitle = {Proceedings of the International Conference on Learning Representations (ICLR)},
	year      = {2023}
}

@inproceedings{lakshminarayanan2017simple,
	title     = {Simple and scalable predictive uncertainty estimation using deep ensembles},
	author    = {Lakshminarayanan, Balaji and Pritzel, Alexander and Blundell, Charles},
	booktitle = {Advances in Neural Information Processing Systems},
	pages     = {6402--6413},
	year      = {2017}
}

@article{lloyd1982least,
	title   = {Least squares quantization in PCM},
	author  = {Lloyd, Stuart P},
	journal = {IEEE Transactions on Information Theory},
	year    = {1982}
}

@inproceedings{manor2024posterior,
	title        = {On the Posterior Distribution in Denoising: Application to Uncertainty Quantification},
	author       = {Hila Manor and Tomer Michaeli},
	booktitle    = {Proceedings of the International Conference on Learning Representations (ICLR)},
	year         = {2024},
	organization = {ICLR}
}

@inproceedings{nehme2023uncertainty,
	title        = {Uncertainty Quantification via Neural Posterior Principal Components},
	author       = {Nehme, Elias and Yair, Omer and Michaeli, Tomer},
	booktitle    = {Proceedings of the 37th Conference on Neural Information Processing Systems (NeurIPS)},
	year         = {2023},
	organization = {NeurIPS}
}

