@inproceedings{langley00,
 author    = {P. Langley},
 title     = {Crafting Papers on Machine Learning},
 year      = {2000},
 pages     = {1207--1216},
 editor    = {Pat Langley},
 booktitle     = {Proceedings of the 17th International Conference
              on Machine Learning (ICML 2000)},
 address   = {Stanford, CA},
 publisher = {Morgan Kaufmann}
}

@article{huang2023embodied,
  title={An embodied generalist agent in 3d world},
  author={Huang, Jiangyong and Yong, Silong and Ma, Xiaojian and Linghu, Xiongkun and Li, Puhao and Wang, Yan and Li, Qing and Zhu, Song-Chun and Jia, Baoxiong and Huang, Siyuan},
  journal={arXiv preprint arXiv:2311.12871},
  year={2023}
}

@inproceedings{gu2024conceptgraphs,
  title={Conceptgraphs: Open-vocabulary 3d scene graphs for perception and planning},
  author={Gu, Qiao and Kuwajerwala, Ali and Morin, Sacha and Jatavallabhula, Krishna Murthy and Sen, Bipasha and Agarwal, Aditya and Rivera, Corban and Paul, William and Ellis, Kirsty and Chellappa, Rama and others},
  booktitle={2024 IEEE International Conference on Robotics and Automation (ICRA)},
  pages={5021--5028},
  year={2024},
  organization={IEEE}
}

@article{liu2024visual,
  title={Visual instruction tuning},
  author={Liu, Haotian and Li, Chunyuan and Wu, Qingyang and Lee, Yong Jae},
  journal={Advances in neural information processing systems},
  volume={36},
  year={2024}
}

@article{hong20233d,
  title={3d-llm: Injecting the 3d world into large language models},
  author={Hong, Yining and Zhen, Haoyu and Chen, Peihao and Zheng, Shuhong and Du, Yilun and Chen, Zhenfang and Gan, Chuang},
  journal={Advances in Neural Information Processing Systems},
  volume={36},
  pages={20482--20494},
  year={2023}
}


@article{wang2024qwen2,
  title={Qwen2-vl: Enhancing vision-language model's perception of the world at any resolution},
  author={Wang, Peng and Bai, Shuai and Tan, Sinan and Wang, Shijie and Fan, Zhihao and Bai, Jinze and Chen, Keqin and Liu, Xuejing and Wang, Jialin and Ge, Wenbin and others},
  journal={arXiv preprint arXiv:2409.12191},
  year={2024}
}

@article{ye20213d,
  title={3D question answering},
  author={Ye, Shuquan and Chen, Dongdong and Han, Songfang and Liao, Jing},
  journal={arXiv preprint arXiv:2112.08359},
  year={2021}
}

@inproceedings{azuma2022scanqa,
  title={Scanqa: 3d question answering for spatial scene understanding},
  author={Azuma, Daichi and Miyanishi, Taiki and Kurita, Shuhei and Kawanabe, Motoaki},
  booktitle={proceedings of the IEEE/CVF conference on computer vision and pattern recognition},
  pages={19129--19139},
  year={2022}
}

@article{ma2022sqa3d,
  title={Sqa3d: Situated question answering in 3d scenes},
  author={Ma, Xiaojian and Yong, Silong and Zheng, Zilong and Li, Qing and Liang, Yitao and Zhu, Song-Chun and Huang, Siyuan},
  journal={arXiv preprint arXiv:2210.07474},
  year={2022}
}

@article{linghu2024multi,
  title={Multi-modal situated reasoning in 3d scenes},
  author={Linghu, Xiongkun and Huang, Jiangyong and Niu, Xuesong and Ma, Xiaojian and Jia, Baoxiong and Huang, Siyuan},
  journal={arXiv preprint arXiv:2409.02389},
  year={2024}
}

@article{zhang2024spartun3d,
  title={Spartun3d: Situated spatial understanding of 3d world in large language models},
  author={Zhang, Yue and Xu, Zhiyang and Shen, Ying and Kordjamshidi, Parisa and Huang, Lifu},
  journal={arXiv preprint arXiv:2410.03878},
  year={2024}
}

@inproceedings{qian2024nuscenes,
  title={Nuscenes-qa: A multi-modal visual question answering benchmark for autonomous driving scenario},
  author={Qian, Tianwen and Chen, Jingjing and Zhuo, Linhai and Jiao, Yang and Jiang, Yu-Gang},
  booktitle={Proceedings of the AAAI Conference on Artificial Intelligence},
  volume={38},
  number={5},
  pages={4542--4550},
  year={2024}
}

@inproceedings{schonberger2016structure,
  title={Structure-from-motion revisited},
  author={Schonberger, Johannes L and Frahm, Jan-Michael},
  booktitle={Proceedings of the IEEE conference on computer vision and pattern recognition},
  pages={4104--4113},
  year={2016}
}

@article{durrant2006simultaneous,
  title={Simultaneous localization and mapping: part I},
  author={Durrant-Whyte, Hugh and Bailey, Tim},
  journal={IEEE robotics \& automation magazine},
  volume={13},
  number={2},
  pages={99--110},
  year={2006},
  publisher={IEEE}
}

@misc{openai2024gpt4o,
  title = {Hello GPT-4o},
  author = {OpenAI},
  year = {2024},
  url = {https://openai.com/index/hello-gpt-4o/}
}

@misc{anthroptic2024claude3.5sonnet,
  title = {Claude 3.5 Sonnet},
  author = {Anthropic},
  year = {2024},
  url = {https://www.anthropic.com/news/claude-3-5-sonnet}
}

@inproceedings{dai2017scannet,
  title={Scannet: Richly-annotated 3d reconstructions of indoor scenes},
  author={Dai, Angela and Chang, Angel X and Savva, Manolis and Halber, Maciej and Funkhouser, Thomas and Nie{\ss}ner, Matthias},
  booktitle={Proceedings of the IEEE conference on computer vision and pattern recognition},
  pages={5828--5839},
  year={2017}
}

@article{niessner2013real,
  title={Real-time 3D reconstruction at scale using voxel hashing},
  author={Nie{\ss}ner, Matthias and Zollh{\"o}fer, Michael and Izadi, Shahram and Stamminger, Marc},
  journal={ACM Transactions on Graphics (ToG)},
  volume={32},
  number={6},
  pages={1--11},
  year={2013},
  publisher={ACM New York, NY, USA}
}

@article{hamilton2008lectures,
  title={Lectures on quaternions},
  author={Hamilton, William Rowan},
  journal={(No Title)},
  year={2008}
}

@inproceedings{wald2019rio,
  title={Rio: 3d object instance re-localization in changing indoor environments},
  author={Wald, Johanna and Avetisyan, Armen and Navab, Nassir and Tombari, Federico and Nie{\ss}ner, Matthias},
  booktitle={Proceedings of the IEEE/CVF International Conference on Computer Vision},
  pages={7658--7667},
  year={2019}
}

@article{dubey2024llama,
  title={The llama 3 herd of models},
  author={Dubey, Abhimanyu and Jauhri, Abhinav and Pandey, Abhinav and Kadian, Abhishek and Al-Dahle, Ahmad and Letman, Aiesha and Mathur, Akhil and Schelten, Alan and Yang, Amy and Fan, Angela and others},
  journal={arXiv preprint arXiv:2407.21783},
  year={2024}
}



@inproceedings{chen2020scanrefer,
  title={Scanrefer: 3d object localization in rgb-d scans using natural language},
  author={Chen, Dave Zhenyu and Chang, Angel X and Nie{\ss}ner, Matthias},
  booktitle={European conference on computer vision},
  pages={202--221},
  year={2020},
  organization={Springer}
}


@article{pylyshyn2002mental,
  title={Mental imagery: In search of a theory},
  author={Pylyshyn, Zenon W},
  journal={Behavioral and brain sciences},
  volume={25},
  number={2},
  pages={157--182},
  year={2002},
  publisher={Cambridge University Press}
}

@article{yurtsever2020survey,
  title={A survey of autonomous driving: Common practices and emerging technologies},
  author={Yurtsever, Ekim and Lambert, Jacob and Carballo, Alexander and Takeda, Kazuya},
  journal={IEEE access},
  volume={8},
  pages={58443--58469},
  year={2020},
  publisher={IEEE}
}


@article{driess2023palm,
  title={Palm-e: An embodied multimodal language model},
  author={Driess, Danny and Xia, Fei and Sajjadi, Mehdi SM and Lynch, Corey and Chowdhery, Aakanksha and Ichter, Brian and Wahid, Ayzaan and Tompson, Jonathan and Vuong, Quan and Yu, Tianhe and others},
  journal={arXiv preprint arXiv:2303.03378},
  year={2023}
}




@article{waczynska2024games,
  title={Games: Mesh-based adapting and modification of gaussian splatting},
  author={Waczy{\'n}ska, Joanna and Borycki, Piotr and Tadeja, S{\l}awomir and Tabor, Jacek and Spurek, Przemys{\l}aw},
  journal={arXiv preprint arXiv:2402.01459},
  year={2024}
}

@article{gao2024mesh,
  title={Mesh-based gaussian splatting for real-time large-scale deformation},
  author={Gao, Lin and Yang, Jie and Zhang, Bo-Tao and Sun, Jia-Mu and Yuan, Yu-Jie and Fu, Hongbo and Lai, Yu-Kun},
  journal={arXiv preprint arXiv:2402.04796},
  year={2024}
}
@article{fu2024scene,
  title={Scene-llm: Extending language model for 3d visual understanding and reasoning},
  author={Fu, Rao and Liu, Jingyu and Chen, Xilun and Nie, Yixin and Xiong, Wenhan},
  journal={arXiv preprint arXiv:2403.11401},
  year={2024}
}

@inproceedings{jing2025match,
  title={Match-stereo-videos: Bidirectional alignment for consistent dynamic stereo matching},
  author={Jing, Junpeng and Mao, Ye and Mikolajczyk, Krystian},
  booktitle={European Conference on Computer Vision},
  pages={415--432},
  year={2025},
  organization={Springer}
}

@misc{rayhan2023artificial,
  title={Artificial general intelligence: Roadmap to achieving human-level capabilities},
  author={Rayhan, Abu and Rayhan, Rajan and Rayhan, Swajan},
  year={2023},
  publisher={DOI}
}

@article{lewis2019bart,
  title={Bart: Denoising sequence-to-sequence pre-training for natural language generation, translation, and comprehension},
  author={Lewis, Mike},
  journal={arXiv preprint arXiv:1910.13461},
  year={2019}
}

@inproceedings{zhang2020pegasus,
  title={Pegasus: Pre-training with extracted gap-sentences for abstractive summarization},
  author={Zhang, Jingqing and Zhao, Yao and Saleh, Mohammad and Liu, Peter},
  booktitle={International conference on machine learning},
  pages={11328--11339},
  year={2020},
  organization={PMLR}
}

@article{daneshmand20183d,
  title={3d scanning: A comprehensive survey},
  author={Daneshmand, Morteza and Helmi, Ahmed and Avots, Egils and Noroozi, Fatemeh and Alisinanoglu, Fatih and Arslan, Hasan Sait and Gorbova, Jelena and Haamer, Rain Eric and Ozcinar, Cagri and Anbarjafari, Gholamreza},
  journal={arXiv preprint arXiv:1801.08863},
  year={2018}
}
@article{goertzel2014artificial,
  title={Artificial general intelligence: concept, state of the art, and future prospects},
  author={Goertzel, Ben},
  journal={Journal of Artificial General Intelligence},
  volume={5},
  number={1},
  pages={1},
  year={2014},
  publisher={De Gruyter Poland}
}

@article{moulton2009imagining,
  title={Imagining predictions: mental imagery as mental emulation},
  author={Moulton, Samuel T and Kosslyn, Stephen M},
  journal={Philosophical Transactions of the Royal Society B: Biological Sciences},
  volume={364},
  number={1521},
  pages={1273--1280},
  year={2009},
  publisher={The Royal Society London}
}

@article{peng2023instruction,
  title={Instruction tuning with gpt-4},
  author={Peng, Baolin and Li, Chunyuan and He, Pengcheng and Galley, Michel and Gao, Jianfeng},
  journal={arXiv preprint arXiv:2304.03277},
  year={2023}
}

@article{bai2023qwen,
  title={Qwen technical report},
  author={Bai, Jinze and Bai, Shuai and Chu, Yunfei and Cui, Zeyu and Dang, Kai and Deng, Xiaodong and Fan, Yang and Ge, Wenbin and Han, Yu and Huang, Fei and others},
  journal={arXiv preprint arXiv:2309.16609},
  year={2023}
}


@article{brohan2023rt,
  title={Rt-2: Vision-language-action models transfer web knowledge to robotic control},
  author={Brohan, Anthony and Brown, Noah and Carbajal, Justice and Chebotar, Yevgen and Chen, Xi and Choromanski, Krzysztof and Ding, Tianli and Driess, Danny and Dubey, Avinava and Finn, Chelsea and others},
  journal={arXiv preprint arXiv:2307.15818},
  year={2023}
}



@article{wong2000scene,
  title={Scene reconstruction and robot navigation using dynamic fields},
  author={Wong, Benedict and Spetsakis, Minas},
  journal={Autonomous Robots},
  volume={8},
  pages={71--86},
  year={2000},
  publisher={Springer}
}

@inproceedings{seitz2006comparison,
  title={A comparison and evaluation of multi-view stereo reconstruction algorithms},
  author={Seitz, Steven M and Curless, Brian and Diebel, James and Scharstein, Daniel and Szeliski, Richard},
  booktitle={2006 IEEE computer society conference on computer vision and pattern recognition (CVPR'06)},
  volume={1},
  pages={519--528},
  year={2006},
  organization={IEEE}
}

@article{zollhofer2014real,
  title={Real-time non-rigid reconstruction using an RGB-D camera},
  author={Zollh{\"o}fer, Michael and Nie{\ss}ner, Matthias and Izadi, Shahram and Rehmann, Christoph and Zach, Christopher and Fisher, Matthew and Wu, Chenglei and Fitzgibbon, Andrew and Loop, Charles and Theobalt, Christian and others},
  journal={ACM Transactions on Graphics (ToG)},
  volume={33},
  number={4},
  pages={1--12},
  year={2014},
  publisher={ACM New York, NY, USA}
}

@inproceedings{newcombe2011kinectfusion,
  title={Kinectfusion: Real-time dense surface mapping and tracking},
  author={Newcombe, Richard A and Izadi, Shahram and Hilliges, Otmar and Molyneaux, David and Kim, David and Davison, Andrew J and Kohi, Pushmeet and Shotton, Jamie and Hodges, Steve and Fitzgibbon, Andrew},
  booktitle={2011 10th IEEE international symposium on mixed and augmented reality},
  pages={127--136},
  year={2011},
  organization={Ieee}
}

@inproceedings{kania2022conerf,
  title={Conerf: Controllable neural radiance fields},
  author={Kania, Kacper and Yi, Kwang Moo and Kowalski, Marek and Trzci{\'n}ski, Tomasz and Tagliasacchi, Andrea},
  booktitle={Proceedings of the IEEE/CVF Conference on Computer Vision and Pattern Recognition},
  pages={18623--18632},
  year={2022}
}

@inproceedings{liu2021editing,
  title={Editing conditional radiance fields},
  author={Liu, Steven and Zhang, Xiuming and Zhang, Zhoutong and Zhang, Richard and Zhu, Jun-Yan and Russell, Bryan},
  booktitle={Proceedings of the IEEE/CVF international conference on computer vision},
  pages={5773--5783},
  year={2021}
}

@inproceedings{ye2025gaussian,
  title={Gaussian grouping: Segment and edit anything in 3d scenes},
  author={Ye, Mingqiao and Danelljan, Martin and Yu, Fisher and Ke, Lei},
  booktitle={European Conference on Computer Vision},
  pages={162--179},
  year={2025},
  organization={Springer}
}

@inproceedings{huang2024sc,
  title={Sc-gs: Sparse-controlled gaussian splatting for editable dynamic scenes},
  author={Huang, Yi-Hua and Sun, Yang-Tian and Yang, Ziyi and Lyu, Xiaoyang and Cao, Yan-Pei and Qi, Xiaojuan},
  booktitle={Proceedings of the IEEE/CVF Conference on Computer Vision and Pattern Recognition},
  pages={4220--4230},
  year={2024}
}

@inproceedings{gao2025relightable,
  title={Relightable 3d gaussians: Realistic point cloud relighting with brdf decomposition and ray tracing},
  author={Gao, Jian and Gu, Chun and Lin, Youtian and Li, Zhihao and Zhu, Hao and Cao, Xun and Zhang, Li and Yao, Yao},
  booktitle={European Conference on Computer Vision},
  pages={73--89},
  year={2025},
  organization={Springer}
}

@article{wu2024recent,
  title={Recent advances in 3d gaussian splatting},
  author={Wu, Tong and Yuan, Yu-Jie and Zhang, Ling-Xiao and Yang, Jie and Cao, Yan-Pei and Yan, Ling-Qi and Gao, Lin},
  journal={Computational Visual Media},
  volume={10},
  number={4},
  pages={613--642},
  year={2024},
  publisher={Springer}
}

@inproceedings{chen2024gaussianeditor,
  title={Gaussianeditor: Swift and controllable 3d editing with gaussian splatting},
  author={Chen, Yiwen and Chen, Zilong and Zhang, Chi and Wang, Feng and Yang, Xiaofeng and Wang, Yikai and Cai, Zhongang and Yang, Lei and Liu, Huaping and Lin, Guosheng},
  booktitle={Proceedings of the IEEE/CVF Conference on Computer Vision and Pattern Recognition},
  pages={21476--21485},
  year={2024}
}
@article{reimers2019sentence,
  title={Sentence-BERT: Sentence Embeddings using Siamese BERT-Networks},
  author={Reimers, N},
  journal={arXiv preprint arXiv:1908.10084},
  year={2019}
}


@inproceedings{jia2025sceneverse,
  title={Sceneverse: Scaling 3d vision-language learning for grounded scene understanding},
  author={Jia, Baoxiong and Chen, Yixin and Yu, Huangyue and Wang, Yan and Niu, Xuesong and Liu, Tengyu and Li, Qing and Huang, Siyuan},
  booktitle={European Conference on Computer Vision},
  pages={289--310},
  year={2025},
  organization={Springer}
}

@article{li2024llava,
  title={Llava-onevision: Easy visual task transfer},
  author={Li, Bo and Zhang, Yuanhan and Guo, Dong and Zhang, Renrui and Li, Feng and Zhang, Hao and Zhang, Kaichen and Zhang, Peiyuan and Li, Yanwei and Liu, Ziwei and others},
  journal={arXiv preprint arXiv:2408.03326},
  year={2024}
}

@article{zhu2024llava,
  title={Llava-3d: A simple yet effective pathway to empowering lmms with 3d-awareness},
  author={Zhu, Chenming and Wang, Tai and Zhang, Wenwei and Pang, Jiangmiao and Liu, Xihui},
  journal={arXiv preprint arXiv:2409.18125},
  year={2024}
}

@article{li2024topviewrs,
  title={TopViewRS: Vision-Language Models as Top-View Spatial Reasoners},
  author={Li, Chengzu and Zhang, Caiqi and Zhou, Han and Collier, Nigel and Korhonen, Anna and Vuli{\'c}, Ivan},
  journal={arXiv preprint arXiv:2406.02537},
  year={2024}
}


@TechReport{mitchell80,
  author = 	 "T. M. Mitchell",
  title = 	 "The Need for Biases in Learning Generalizations",
  institution =  "Computer Science Department, Rutgers University",
  year = 	 "1980",
  address =	 "New Brunswick, MA",
}

@phdthesis{kearns89,
  author = {M. J. Kearns},
  title =  {Computational Complexity of Machine Learning},
  school = {Department of Computer Science, Harvard University},
  year =   {1989}
}

@Book{MachineLearningI,
  editor = 	 "R. S. Michalski and J. G. Carbonell and T.
		  M. Mitchell",
  title = 	 "Machine Learning: An Artificial Intelligence
		  Approach, Vol. I",
  publisher = 	 "Tioga",
  year = 	 "1983",
  address =	 "Palo Alto, CA"
}

@Book{DudaHart2nd,
  author =       "R. O. Duda and P. E. Hart and D. G. Stork",
  title =        "Pattern Classification",
  publisher =    "John Wiley and Sons",
  edition =      "2nd",
  year =         "2000"
}

@misc{anonymous,
  title= {Suppressed for Anonymity},
  author= {Author, N. N.},
  year= {2021}
}

@InCollection{Newell81,
  author =       "A. Newell and P. S. Rosenbloom",
  title =        "Mechanisms of Skill Acquisition and the Law of
                  Practice", 
  booktitle =    "Cognitive Skills and Their Acquisition",
  pages =        "1--51",
  publisher =    "Lawrence Erlbaum Associates, Inc.",
  year =         "1981",
  editor =       "J. R. Anderson",
  chapter =      "1",
  address =      "Hillsdale, NJ"
}


@Article{Samuel59,
  author = 	 "A. L. Samuel",
  title = 	 "Some Studies in Machine Learning Using the Game of
		  Checkers",
  journal =	 "IBM Journal of Research and Development",
  year =	 "1959",
  volume =	 "3",
  number =	 "3",
  pages =	 "211--229"
}
