@misc{anthroptic2024claude3.5sonnet,
  title = {Claude 3.5 Sonnet},
  author = {Anthropic},
  year = {2024},
  url = {https://www.anthropic.com/news/claude-3-5-sonnet}
}

@inproceedings{azuma2022scanqa,
  title={Scanqa: 3d question answering for spatial scene understanding},
  author={Azuma, Daichi and Miyanishi, Taiki and Kurita, Shuhei and Kawanabe, Motoaki},
  booktitle={proceedings of the IEEE/CVF conference on computer vision and pattern recognition},
  pages={19129--19139},
  year={2022}
}

@article{bai2023qwen,
  title={Qwen technical report},
  author={Bai, Jinze and Bai, Shuai and Chu, Yunfei and Cui, Zeyu and Dang, Kai and Deng, Xiaodong and Fan, Yang and Ge, Wenbin and Han, Yu and Huang, Fei and others},
  journal={arXiv preprint arXiv:2309.16609},
  year={2023}
}

@inproceedings{chen2024gaussianeditor,
  title={Gaussianeditor: Swift and controllable 3d editing with gaussian splatting},
  author={Chen, Yiwen and Chen, Zilong and Zhang, Chi and Wang, Feng and Yang, Xiaofeng and Wang, Yikai and Cai, Zhongang and Yang, Lei and Liu, Huaping and Lin, Guosheng},
  booktitle={Proceedings of the IEEE/CVF Conference on Computer Vision and Pattern Recognition},
  pages={21476--21485},
  year={2024}
}

@inproceedings{dai2017scannet,
  title={Scannet: Richly-annotated 3d reconstructions of indoor scenes},
  author={Dai, Angela and Chang, Angel X and Savva, Manolis and Halber, Maciej and Funkhouser, Thomas and Nie{\ss}ner, Matthias},
  booktitle={Proceedings of the IEEE conference on computer vision and pattern recognition},
  pages={5828--5839},
  year={2017}
}

@inproceedings{gao2025relightable,
  title={Relightable 3d gaussians: Realistic point cloud relighting with brdf decomposition and ray tracing},
  author={Gao, Jian and Gu, Chun and Lin, Youtian and Li, Zhihao and Zhu, Hao and Cao, Xun and Zhang, Li and Yao, Yao},
  booktitle={European Conference on Computer Vision},
  pages={73--89},
  year={2025},
  organization={Springer}
}

@article{hong20233d,
  title={3d-llm: Injecting the 3d world into large language models},
  author={Hong, Yining and Zhen, Haoyu and Chen, Peihao and Zheng, Shuhong and Du, Yilun and Chen, Zhenfang and Gan, Chuang},
  journal={Advances in Neural Information Processing Systems},
  volume={36},
  pages={20482--20494},
  year={2023}
}

@inproceedings{huang2024sc,
  title={Sc-gs: Sparse-controlled gaussian splatting for editable dynamic scenes},
  author={Huang, Yi-Hua and Sun, Yang-Tian and Yang, Ziyi and Lyu, Xiaoyang and Cao, Yan-Pei and Qi, Xiaojuan},
  booktitle={Proceedings of the IEEE/CVF Conference on Computer Vision and Pattern Recognition},
  pages={4220--4230},
  year={2024}
}

@inproceedings{kania2022conerf,
  title={Conerf: Controllable neural radiance fields},
  author={Kania, Kacper and Yi, Kwang Moo and Kowalski, Marek and Trzci{\'n}ski, Tomasz and Tagliasacchi, Andrea},
  booktitle={Proceedings of the IEEE/CVF Conference on Computer Vision and Pattern Recognition},
  pages={18623--18632},
  year={2022}
}

@article{linghu2024multi,
  title={Multi-modal situated reasoning in 3d scenes},
  author={Linghu, Xiongkun and Huang, Jiangyong and Niu, Xuesong and Ma, Xiaojian and Jia, Baoxiong and Huang, Siyuan},
  journal={arXiv preprint arXiv:2409.02389},
  year={2024}
}

@inproceedings{liu2021editing,
  title={Editing conditional radiance fields},
  author={Liu, Steven and Zhang, Xiuming and Zhang, Zhoutong and Zhang, Richard and Zhu, Jun-Yan and Russell, Bryan},
  booktitle={Proceedings of the IEEE/CVF international conference on computer vision},
  pages={5773--5783},
  year={2021}
}

@article{liu2024visual,
  title={Visual instruction tuning},
  author={Liu, Haotian and Li, Chunyuan and Wu, Qingyang and Lee, Yong Jae},
  journal={Advances in neural information processing systems},
  volume={36},
  year={2024}
}

@article{ma2022sqa3d,
  title={Sqa3d: Situated question answering in 3d scenes},
  author={Ma, Xiaojian and Yong, Silong and Zheng, Zilong and Li, Qing and Liang, Yitao and Zhu, Song-Chun and Huang, Siyuan},
  journal={arXiv preprint arXiv:2210.07474},
  year={2022}
}

@inproceedings{newcombe2011kinectfusion,
  title={Kinectfusion: Real-time dense surface mapping and tracking},
  author={Newcombe, Richard A and Izadi, Shahram and Hilliges, Otmar and Molyneaux, David and Kim, David and Davison, Andrew J and Kohi, Pushmeet and Shotton, Jamie and Hodges, Steve and Fitzgibbon, Andrew},
  booktitle={2011 10th IEEE international symposium on mixed and augmented reality},
  pages={127--136},
  year={2011},
  organization={Ieee}
}

@article{niessner2013real,
  title={Real-time 3D reconstruction at scale using voxel hashing},
  author={Nie{\ss}ner, Matthias and Zollh{\"o}fer, Michael and Izadi, Shahram and Stamminger, Marc},
  journal={ACM Transactions on Graphics (ToG)},
  volume={32},
  number={6},
  pages={1--11},
  year={2013},
  publisher={ACM New York, NY, USA}
}

@article{peng2023instruction,
  title={Instruction tuning with gpt-4},
  author={Peng, Baolin and Li, Chunyuan and He, Pengcheng and Galley, Michel and Gao, Jianfeng},
  journal={arXiv preprint arXiv:2304.03277},
  year={2023}
}

@inproceedings{qian2024nuscenes,
  title={Nuscenes-qa: A multi-modal visual question answering benchmark for autonomous driving scenario},
  author={Qian, Tianwen and Chen, Jingjing and Zhuo, Linhai and Jiao, Yang and Jiang, Yu-Gang},
  booktitle={Proceedings of the AAAI Conference on Artificial Intelligence},
  volume={38},
  number={5},
  pages={4542--4550},
  year={2024}
}

@inproceedings{seitz2006comparison,
  title={A comparison and evaluation of multi-view stereo reconstruction algorithms},
  author={Seitz, Steven M and Curless, Brian and Diebel, James and Scharstein, Daniel and Szeliski, Richard},
  booktitle={2006 IEEE computer society conference on computer vision and pattern recognition (CVPR'06)},
  volume={1},
  pages={519--528},
  year={2006},
  organization={IEEE}
}

@article{waczynska2024games,
  title={Games: Mesh-based adapting and modification of gaussian splatting},
  author={Waczy{\'n}ska, Joanna and Borycki, Piotr and Tadeja, S{\l}awomir and Tabor, Jacek and Spurek, Przemys{\l}aw},
  journal={arXiv preprint arXiv:2402.01459},
  year={2024}
}

@article{wong2000scene,
  title={Scene reconstruction and robot navigation using dynamic fields},
  author={Wong, Benedict and Spetsakis, Minas},
  journal={Autonomous Robots},
  volume={8},
  pages={71--86},
  year={2000},
  publisher={Springer}
}

@article{wu2024recent,
  title={Recent advances in 3d gaussian splatting},
  author={Wu, Tong and Yuan, Yu-Jie and Zhang, Ling-Xiao and Yang, Jie and Cao, Yan-Pei and Yan, Ling-Qi and Gao, Lin},
  journal={Computational Visual Media},
  volume={10},
  number={4},
  pages={613--642},
  year={2024},
  publisher={Springer}
}

@article{ye20213d,
  title={3D question answering},
  author={Ye, Shuquan and Chen, Dongdong and Han, Songfang and Liao, Jing},
  journal={arXiv preprint arXiv:2112.08359},
  year={2021}
}

@inproceedings{ye2025gaussian,
  title={Gaussian grouping: Segment and edit anything in 3d scenes},
  author={Ye, Mingqiao and Danelljan, Martin and Yu, Fisher and Ke, Lei},
  booktitle={European Conference on Computer Vision},
  pages={162--179},
  year={2025},
  organization={Springer}
}

@article{yurtsever2020survey,
  title={A survey of autonomous driving: Common practices and emerging technologies},
  author={Yurtsever, Ekim and Lambert, Jacob and Carballo, Alexander and Takeda, Kazuya},
  journal={IEEE access},
  volume={8},
  pages={58443--58469},
  year={2020},
  publisher={IEEE}
}

@article{zhang2024spartun3d,
  title={Spartun3d: Situated spatial understanding of 3d world in large language models},
  author={Zhang, Yue and Xu, Zhiyang and Shen, Ying and Kordjamshidi, Parisa and Huang, Lifu},
  journal={arXiv preprint arXiv:2410.03878},
  year={2024}
}

@article{zollhofer2014real,
  title={Real-time non-rigid reconstruction using an RGB-D camera},
  author={Zollh{\"o}fer, Michael and Nie{\ss}ner, Matthias and Izadi, Shahram and Rehmann, Christoph and Zach, Christopher and Fisher, Matthew and Wu, Chenglei and Fitzgibbon, Andrew and Loop, Charles and Theobalt, Christian and others},
  journal={ACM Transactions on Graphics (ToG)},
  volume={33},
  number={4},
  pages={1--12},
  year={2014},
  publisher={ACM New York, NY, USA}
}

