@inproceedings{2018VAECF,
  title={Variational Autoencoders for Collaborative Filtering},
  author={Liang, Dawen and Krishnan, Rahul G and Hoffman, Matthew D and Jebara, Tony},
  booktitle={WWW},
  pages={689--698},
  year={2018}
}

@inproceedings{2019DGNN,
  title={Disentangled Graph Convolutional Networks},
  author={Ma, Jianxin and Cui, Peng and Kuang, Kun and Wang, Xin and Zhu, Wenwu},
  booktitle={ICML},
  pages={4212--4221},
  year={2019},
  organization={PMLR}
}

@inproceedings{2019MEIRec,
  title={Metapath-guided Heterogeneous Graph Neural Network for Intent Recommendation},
  author={Fan, Shaohua and Zhu, Junxiong and Han, Xiaotian and Shi, Chuan and Hu, Linmei and Ma, Biyu and Li, Yongliang},
  booktitle={KDD},
  pages={2478--2486},
  year={2019}
}

@article{2019MacridVAE,
  title={Learning Disentangled Representations for Recommendation},
  author={Ma, Jianxin and Zhou, Chang and Cui, Peng and Yang, Hongxia and Zhu, Wenwu},
  journal={NeurIPS},
  volume={32},
  year={2019}
}

@inproceedings{2020DGCF,
  title={Disentangled Graph Collaborative Filtering},
  author={Wang, Xiang and Jin, Hongye and Zhang, An and He, Xiangnan and Xu, Tong and Chua, Tat-Seng},
  booktitle={SIGIR},
  pages={1001--1010},
  year={2020}
}

@inproceedings{2020disenhan,
  title={DisenHAN: Disentangled Heterogeneous Graph Attention Nnetwork for Recommendation},
  author={Wang, Yifan and Tang, Suyao and Lei, Yuntong and Song, Weiping and Wang, Sheng and Zhang, Ming},
  booktitle={CIKM},
  pages={1605--1614},
  year={2020}
}

@article{2021CDR,
  title={Curriculum Disentangled Recommendation with Noisy Multi-feedback},
  author={Chen, Hong and Chen, Yudong and Wang, Xin and Xie, Ruobing and Wang, Rui and Xia, Feng and Zhu, Wenwu},
  journal={NeurIPS},
  volume={34},
  pages={26924--26936},
  year={2021}
}

@inproceedings{2021kgin,
  title={Learning Intents behind Interactions with Knowledge Graph for Recommendation},
  author={Wang, Xiang and Huang, Tinglin and Wang, Dingxian and Yuan, Yancheng and Liu, Zhenguang and He, Xiangnan and Chua, Tat-Seng},
  booktitle={WWW},
  pages={878--887},
  year={2021}
}

@inproceedings{2022ICLRec,
  title={Intent Contrastive Learning for Sequential Recommendation},
  author={Chen, Yongjun and Liu, Zhiwei and Li, Jia and McAuley, Julian and Xiong, Caiming},
  booktitle={WWW},
  pages={2172--2182},
  year={2022}
}

@inproceedings{2023VQ-Rec,
  title={Learning Vector-quantized Item Representation for Transferable Sequential Recommenders},
  author={Hou, Yupeng and He, Zhankui and McAuley, Julian and Zhao, Wayne Xin},
  booktitle={WWW},
  pages={1162--1171},
  year={2023}
}

@article{2023chatrec,
  title={Chat-Rec: Towards Interactive and Explainable LLMs-augmented Recommender System},
  author={Gao, Yunfan and Sheng, Tao and Xiang, Youlin and Xiong, Yun and Wang, Haofen and Zhang, Jiawei},
  journal={arXiv preprint arXiv:2303.14524},
  year={2023}
}

@inproceedings{2023dccf,
  title={Disentangled Contrastive Collaborative Filtering},
  author={Ren, Xubin and Xia, Lianghao and Zhao, Jiashu and Yin, Dawei and Huang, Chao},
  booktitle={SIGIR},
  pages={1137--1146},
  year={2023}
}

@article{2023llamarec,
  title={LlamaRec: Two-Stage Recommendation using Large Language Models for Ranking},
  author={Yue, Zhenrui and Rabhi, Sara and Moreira, Gabriel de Souza Pereira and Wang, Dong and Oldridge, Even},
  journal={CIKM},
  year={2023}
}

@inproceedings{2023tallrec,
  title={Tallrec: An Effective and Efficient Tuning Framework to Align lLarge Language Model with Recommendation},
  author={Bao, Keqin and Zhang, Jizhi and Zhang, Yang and Wang, Wenjie and Feng, Fuli and He, Xiangnan},
  booktitle={RecSys},
  pages={1007--1014},
  year={2023}
}

@article{2024BLaIR,
  title={Bridging language and items for retrieval and recommendation},
  author={Hou, Yupeng and Li, Jiacheng and He, Zhankui and Yan, An and Chen, Xiusi and McAuley, Julian},
  journal={arXiv preprint arXiv:2403.03952},
  year={2024}
}

@article{2024DALR,
  title={Denoising Alignment with Large Language Model for Recommendation},
  author={Peng, Yingtao and Gao, Chen and Zhang, Yu and Dan, Tangpeng and Du, Xiaoyi and Luo, Hengliang and Li, Yong and Meng, Xiaofeng},
  journal={ACM Transactions on Information Systems (TOIS)},
  year={2024},
  publisher={ACM New York, NY}
}

@article{2024alpharec,
  title={Language Representations Can be What Recommenders Need: Findings and Potentials},
  author={Sheng, Leheng and Zhang, An and Zhang, Yi and Chen, Yuxin and Wang, Xiang and Chua, Tat-Seng},
  journal={ICLR},
  year={2025}
}

@inproceedings{2024bigcf,
  title={Exploring the Individuality and Collectivity of Intents behind Interactions for Graph Collaborative Filtering},
  author={Zhang, Yi and Sang, Lei and Zhang, Yiwen},
  booktitle={SIGIR},
  pages={1253--1262},
  year={2024}
}

@article{2024easyrec,
  title={EasyRec: Simple yet Effective Language Models for Recommendation},
  author={Ren, Xubin and Huang, Chao},
  journal={arXiv preprint arXiv:2408.08821},
  year={2024}
}

@inproceedings{2024llara,
  title={Llara: Large Language-Recommendation Assistant},
  author={Liao, Jiayi and Li, Sihang and Yang, Zhengyi and Wu, Jiancan and Yuan, Yancheng and Wang, Xiang and He, Xiangnan},
  booktitle={SIGIR},
  pages={1785--1795},
  year={2024}
}

@inproceedings{2024rlmrec,
  title={Representation Learning with Large Language Models for Recommendation},
  author={Ren, Xubin and Wei, Wei and Xia, Lianghao and Su, Lixin and Cheng, Suqi and Wang, Junfeng and Yin, Dawei and Huang, Chao},
  booktitle={WWW},
  pages={3464--3475},
  year={2024}
}

@article{2024rosepo,
  title={RosePO: Aligning LLM-based Recommenders with Human Values},
  author={Liao, Jiayi and He, Xiangnan and Xie, Ruobing and Wu, Jiancan and Yuan, Yancheng and Sun, Xingwu and Kang, Zhanhui and Wang, Xiang},
  journal={arXiv preprint arXiv:2410.12519},
  year={2024}
}

