@article{2008tsne,
  title={Visualizing Data using T-SNE.},
  author={Van der Maaten, Laurens and Hinton, Geoffrey},
  journal={JMLR},
  volume={9},
  number={11},
  year={2008}
}
@incollection{2010rs,
  title={Introduction to Recommender Systems Handbook},
  author={Ricci, Francesco and Rokach, Lior and Shapira, Bracha},
  booktitle={Recommender Systems Handbook},
  pages={1--35},
  year={2010},
  publisher={Springer}
}
@inproceedings{2010xavier,
  title={Understanding the Difficulty of Training Deep Feedforward Neural Networks},
  author={Glorot, Xavier and Bengio, Yoshua},
  booktitle={Proceedings of the thirteenth International Conference on Artificial Intelligence and Statistics (ICAIS)},
  pages={249--256},
  year={2010},
  organization={JMLR Workshop and Conference Proceedings}
}
@article{2012bpr,
  title={BPR: Bayesian Personalized Ranking from Implicit Feedback},
  author={Rendle, Steffen and Freudenthaler, Christoph and Gantner, Zeno and Schmidt-Thieme, Lars},
  journal={arXiv preprint arXiv:1205.2618},
  year={2012}
}
@inproceedings{2017ncf,
  title={Neural Collaborative Filtering},
  author={He, Xiangnan and Liao, Lizi and Zhang, Hanwang and Nie, Liqiang and Hu, Xia and Chua, Tat-Seng},
  booktitle={WWW},
  pages={173--182},
  year={2017}
}
@inproceedings{2017transformer,
 author = {Vaswani, Ashish and Shazeer, Noam and Parmar, Niki and Uszkoreit, Jakob and Jones, Llion and Gomez, Aidan N and Kaiser, \L ukasz and Polosukhin, Illia},
 booktitle = {NeurIPS},
 pages = {},
 title = {Attention is All you Need},
 volume = {30},
 year = {2017}
}
@article{2019MacridVAE,
  title={Learning Disentangled Representations for Recommendation},
  author={Ma, Jianxin and Zhou, Chang and Cui, Peng and Yang, Hongxia and Zhu, Wenwu},
  journal={NeurIPS},
  volume={32},
  year={2019}
}
@inproceedings{2019ngcf,
  title={Neural Graph Collaborative Filtering},
  author={Wang, Xiang and He, Xiangnan and Wang, Meng and Feng, Fuli and Chua, Tat-Seng},
  booktitle={SIGIR},
  pages={165--174},
  year={2019}
}
@inproceedings{2019DGNN,
  title={Disentangled Graph Convolutional Networks},
  author={Ma, Jianxin and Cui, Peng and Kuang, Kun and Wang, Xin and Zhu, Wenwu},
  booktitle={ICML},
  pages={4212--4221},
  year={2019},
  organization={PMLR}
}
@inproceedings{2019MEIRec,
  title={Metapath-guided Heterogeneous Graph Neural Network for Intent Recommendation},
  author={Fan, Shaohua and Zhu, Junxiong and Han, Xiaotian and Shi, Chuan and Hu, Linmei and Ma, Biyu and Li, Yongliang},
  booktitle={KDD},
  pages={2478--2486},
  year={2019}
}
@inproceedings{2018VAECF,
  title={Variational Autoencoders for Collaborative Filtering},
  author={Liang, Dawen and Krishnan, Rahul G and Hoffman, Matthew D and Jebara, Tony},
  booktitle={WWW},
  pages={689--698},
  year={2018}
}
@article{2020cdprec,
  title={Context-dependent Propagating-based Video Recommendation in Multimodal Heterogeneous Information Networks},
  author={Sang, Lei and Xu, Min and Qian, Shengsheng and Martin, Matt and Li, Peter and Wu, Xindong},
  journal={IEEE Transactions on Multimedia (TMM)},
  volume={23},
  pages={2019--2032},
  year={2020},
  publisher={IEEE}
}
@inproceedings{2020lightgcn,
  title={Lightgcn: Simplifying and Powering Graph Convolution Network for Recommendation},
  author={He, Xiangnan and Deng, Kuan and Wang, Xiang and Li, Yan and Zhang, Yongdong and Wang, Meng},
  booktitle={SIGIR},
  pages={639--648},
  year={2020}
}
@inproceedings{2020moco,
  title={Momentum Contrast for Unsupervised Visual Representation Learning},
  author={He, Kaiming and Fan, Haoqi and Wu, Yuxin and Xie, Saining and Girshick, Ross},
  booktitle={CVPR},
  pages={9729--9738},
  year={2020}
}
@inproceedings{2020simclr,
  title={A Simple Framework for Contrastive Learning of Visual Representations},
  author={Chen, Ting and Kornblith, Simon and Norouzi, Mohammad and Hinton, Geoffrey},
  booktitle={ICML},
  pages={1597--1607},
  year={2020},
  organization={PMLR}
}
@inproceedings{2020kde,
  title={Understanding contrastive representation learning through alignment and uniformity on the hypersphere},
  author={Wang, Tongzhou and Isola, Phillip},
  booktitle={ICML},
  pages={9929--9939},
  year={2020},
  organization={PMLR}
}
@article{2020byol,
  title={Bootstrap your own Latent-a New Approach to Self-supervised Learning},
  author={Grill, Jean-Bastien and Strub, Florian and Altch{\'e}, Florent and Tallec, Corentin and Richemond, Pierre and Buchatskaya, Elena and Doersch, Carl and Avila Pires, Bernardo and Guo, Zhaohan and Gheshlaghi Azar, Mohammad and others},
  journal={NeurIPS},
  volume={33},
  pages={21271--21284},
  year={2020}
}
@inproceedings{2020gaussian,
  title={Denoising Diffusion Probabilistic Models},
  author={Ho, Jonathan and Jain, Ajay and Abbeel, Pieter},
  booktitle={NeurIPS},
  volume={33},
  pages={6840--6851},
  year={2020}
}
@inproceedings{2020lrgcn,
  title={Revisiting Graph based Collaborative Filtering: A Linear Residual Graph Convolutional Network Approach},
  author={Chen, Lei and Wu, Le and Hong, Richang and Zhang, Kun and Wang, Meng},
  booktitle={AAAI},
  volume={34},
  number={01},
  pages={27--34},
  year={2020}
}
@inproceedings{2020disenhan,
  title={DisenHAN: Disentangled Heterogeneous Graph Attention Nnetwork for Recommendation},
  author={Wang, Yifan and Tang, Suyao and Lei, Yuntong and Song, Weiping and Wang, Sheng and Zhang, Ming},
  booktitle={CIKM},
  pages={1605--1614},
  year={2020}
}
@inproceedings{2020DGCF,
  title={Disentangled Graph Collaborative Filtering},
  author={Wang, Xiang and Jin, Hongye and Zhang, An and He, Xiangnan and Xu, Tong and Chua, Tat-Seng},
  booktitle={SIGIR},
  pages={1001--1010},
  year={2020}
}
@inproceedings{2021kgin,
  title={Learning Intents behind Interactions with Knowledge Graph for Recommendation},
  author={Wang, Xiang and Huang, Tinglin and Wang, Dingxian and Yuan, Yancheng and Liu, Zhenguang and He, Xiangnan and Chua, Tat-Seng},
  booktitle={WWW},
  pages={878--887},
  year={2021}
}
@inproceedings{2021PTDNet,
  title={Learning to Drop: Robust Graph Neural Network via Topological Denoising},
  author={Luo, Dongsheng and Cheng, Wei and Yu, Wenchao and Zong, Bo and Ni, Jingchao and Chen, Haifeng and Zhang, Xiang},
  booktitle={WSDM},
  pages={779--787},
  year={2021}
}
@inproceedings{2021ALBEF,
  title={Align before Fuse: Vision and Language Representation Learning with Momentum Distillation}, 
  author={Junnan Li and Ramprasaath R. Selvaraju and Akhilesh Deepak Gotmare and Shafiq Joty and Caiming Xiong and Steven Hoi},
  year={2021},
  booktitle={NeurIPS},
}
@inproceedings{2021sgl,
  title={Self-supervised Graph Learning for Recommendation},
  author={Wu, Jiancan and Wang, Xiang and Feng, Fuli and He, Xiangnan and Chen, Liang and Lian, Jianxun and Xie, Xing},
  booktitle={SIGIR},
  pages={726--735},
  year={2021}
}
@article{2021CDR,
  title={Curriculum Disentangled Recommendation with Noisy Multi-feedback},
  author={Chen, Hong and Chen, Yudong and Wang, Xin and Xie, Ruobing and Wang, Rui and Xia, Feng and Zhu, Wenwu},
  journal={NeurIPS},
  volume={34},
  pages={26924--26936},
  year={2021}
}
@inproceedings{2021DeRec,
  title={Deconfounded Recommendation for Alleviating Bias Amplification},
  author={Wang, Wenjie and Feng, Fuli and He, Xiangnan and Wang, Xiang and Chua, Tat-Seng},
  booktitle={KDD},
  pages={1717--1725},
  year={2021}
}
@inproceedings{2022directau,
  title={Towards Representation Alignment and Uniformity in Collaborative Filtering},
  author={Wang, Chenyang and Yu, Yuanqing and Ma, Weizhi and Zhang, Min and Chen, Chong and Liu, Yiqun and Ma, Shaoping},
  booktitle={KDD},
  pages={1816--1825},
  year={2022}
}
@inproceedings{2022simgcl,
  title={Are Graph Augmentations Necessary? Simple Graph Contrastive Learning for Recommendation},
  author={Yu, Junliang and Yin, Hongzhi and Xia, Xin and Chen, Tong and Cui, Lizhen and Nguyen, Quoc Viet Hung},
  booktitle={SIGIR},
  pages={1294--1303},
  year={2022}
}
@inproceedings{2022ncl,
  title={Improving Graph Collaborative Filtering with Neighborhood-enriched Contrastive Learning},
  author={Lin, Zihan and Tian, Changxin and Hou, Yupeng and Zhao, Wayne Xin},
  booktitle={WWW},
  pages={2320--2329},
  year={2022}
}
@inproceedings{2022ICLRec,
  title={Intent Contrastive Learning for Sequential Recommendation},
  author={Chen, Yongjun and Liu, Zhiwei and Li, Jia and McAuley, Julian and Xiong, Caiming},
  booktitle={WWW},
  pages={2172--2182},
  year={2022}
}
@inproceedings{2022vibgsl,
  title={Graph Structure Learning with Variational Information Bottleneck},
  author={Sun, Qingyun and Li, Jianxin and Peng, Hao and Wu, Jia and Fu, Xingcheng and Ji, Cheng and Philip, S Yu},
  booktitle={AAAI},
  volume={36},
  number={4},
  pages={4165--4174},
  year={2022}
}
@article{2022textemb,
  title={Text and Code Embeddings by Contrastive Pre-training},
  author={Neelakantan, Arvind and Xu, Tao and Puri, Raul and Radford, Alec and Han, Jesse Michael and Tworek, Jerry and Yuan, Qiming and Tezak, Nikolas and Kim, Jong Wook and Hallacy, Chris and others},
  journal={arXiv preprint arXiv:2201.10005},
  year={2022}
}
@article{2022CoT,
  title={Chain-of-thought Prompting Elicits Reasoning in Large Language Models},
  author={Wei, Jason and Wang, Xuezhi and Schuurmans, Dale and Bosma, Maarten and Xia, Fei and Chi, Ed and Le, Quoc V and Zhou, Denny and others},
  journal={NeurIPS},
  volume={35},
  pages={24824--24837},
  year={2022}
}
@inproceedings{2023lightgcl,
  title={LightGCL: Simple Yet Effective Graph Contrastive Learning for Recommendation},
  author={Cai, Xuheng and Huang, Chao and Xia, Lianghao and Ren, Xubin},
  booktitle={ICLR},
  year={2023}
}
@inproceedings{2023hgcl,
  title={Heterogeneous Graph Contrastive Learning for Recommendation},
  author={Chen, Mengru and Huang, Chao and Xia, Lianghao and Wei, Wei and Xu, Yong and Luo, Ronghua},
  booktitle={WSDM},
  pages={544--552},
  year={2023}
}
@inproceedings{2024KAR,
  title={Towards Open-world Recommendation with Knowledge Augmentation from Large Language Models},
  author={Xi, Yunjia and Liu, Weiwen and Lin, Jianghao and Cai, Xiaoling and Zhu, Hong and Zhu, Jieming and Chen, Bo and Tang, Ruiming and Zhang, Weinan and Yu, Yong},
  booktitle={RecSys},
  pages={12--22},
  year={2024}
}
@article{2023news,
  title={Personalized News Recommendation: Methods and Challenges},
  author={Wu, Chuhan and Wu, Fangzhao and Huang, Yongfeng and Xie, Xing},
  journal={ACM Transactions on Information Systems (TOIS)},
  volume={41},
  number={1},
  pages={1--50},
  year={2023},
  publisher={ACM New York, NY}
}
@inproceedings{2023FDA,
    author = {Chen, Lei and Wu, Le and Zhang, Kun and Hong, Richang and Lian, Defu and Zhang, Zhiqiang and Zhou, Jun and Wang, Meng},
    title = {Improving Recommendation Fairness via Data Augmentation},
    year = {2023},
    booktitle = {WWW},
    pages = {1012–1020},
}
@article{zhang2023revisiting,
  title={Revisiting Graph-based Recommender Systems from the Perspective of Variational Auto-encoder},
  author={Zhang, Yi and Zhang, Yiwen and Yan, Dengcheng and Deng, Shuiguang and Yang, Yun},
  journal={ACM Transactions on Information Systems (TOIS)},
  volume={41},
  number={3},
  pages={1--28},
  year={2023},
  publisher={ACM New York, NY}
}
@inproceedings{2023tallrec,
  title={Tallrec: An Effective and Efficient Tuning Framework to Align lLarge Language Model with Recommendation},
  author={Bao, Keqin and Zhang, Jizhi and Zhang, Yang and Wang, Wenjie and Feng, Fuli and He, Xiangnan},
  booktitle={RecSys},
  pages={1007--1014},
  year={2023}
}
@article{2023gpt4,
  title={Gpt-4 Technical Report},
  author={Achiam, Josh and Adler, Steven and Agarwal, Sandhini and Ahmad, Lama and Akkaya, Ilge and Aleman, Florencia Leoni and Almeida, Diogo and Altenschmidt, Janko and Altman, Sam and Anadkat, Shyamal and others},
  journal={arXiv preprint arXiv:2303.08774},
  year={2023}
}
@inproceedings{2023dccf,
  title={Disentangled Contrastive Collaborative Filtering},
  author={Ren, Xubin and Xia, Lianghao and Zhao, Jiashu and Yin, Dawei and Huang, Chao},
  booktitle={SIGIR},
  pages={1137--1146},
  year={2023}
}
@inproceedings{2023bsl,
  title={BSL: Understanding and Improving Softmax Loss for Recommendation},
  author={Wu, Junkang and Chen, Jiawei and Wu, Jiancan and Shi, Wentao and Zhang, Jizhi and Wang, Xiang},
  booktitle={ICDE},
  year={2024}
}
@article{2023xsimgcl,
  title={XSimGCL: Towards Extremely Simple Graph Contrastive Learning for Recommendation},
  author={Yu, Junliang and Xia, Xin and Chen, Tong and Cui, Lizhen and Hung, Nguyen Quoc Viet and Yin, Hongzhi},
  journal={IEEE Transactions on Knowledge and Data Engineering (TKDE)},
  volume={36},
  number={2},
  pages={913--926},
  year={2023},
  publisher={IEEE}
}
@inproceedings{2024graphaug,
  title={Graph Augmentation for Recommendation},
  author={Zhang, Qianru and Xia, Lianghao and Cai, Xuheng and Yiu, Siuming and Huang, Chao and Jensen, Christian S},
  booktitle={ICDE},
  year={2024}
}
@inproceedings{2024recdcl,
  title={RecDCL: Dual Contrastive Learning for Recommendation},
  author={Zhang, Dan and Geng, Yangliao and Gong, Wenwen and Qi, Zhongang and Chen, Zhiyu and Tang, Xing and Shan, Ying and Dong, Yuxiao and Tang, Jie},
  booktitle={WWW},
  pages={3655–3666},
  year={2024}
}
@article{2024dvgrl,
  title={Dual Variational Graph Reconstruction Learning for Social Recommendation},
  author={Zhang, Yi and Zhang, Yiwen and Zhao, Yuchuan and Deng, Shuiguang and Yang, Yun},
  journal={IEEE Transactions on Knowledge and Data Engineering (TKDE)},
  year={2024},
  publisher={IEEE}
}
@inproceedings{2024bigcf,
  title={Exploring the Individuality and Collectivity of Intents behind Interactions for Graph Collaborative Filtering},
  author={Zhang, Yi and Sang, Lei and Zhang, Yiwen},
  booktitle={SIGIR},
  pages={1253--1262},
  year={2024}
}
@inproceedings{2024rlmrec,
  title={Representation Learning with Large Language Models for Recommendation},
  author={Ren, Xubin and Wei, Wei and Xia, Lianghao and Su, Lixin and Cheng, Suqi and Wang, Junfeng and Yin, Dawei and Huang, Chao},
  booktitle={WWW},
  pages={3464--3475},
  year={2024}
}
@article{2024alpharec,
  title={Language Representations Can be What Recommenders Need: Findings and Potentials},
  author={Sheng, Leheng and Zhang, An and Zhang, Yi and Chen, Yuxin and Wang, Xiang and Chua, Tat-Seng},
  journal={ICLR},
  year={2025}
}
@article{2024DALR,
  title={Denoising Alignment with Large Language Model for Recommendation},
  author={Peng, Yingtao and Gao, Chen and Zhang, Yu and Dan, Tangpeng and Du, Xiaoyi and Luo, Hengliang and Li, Yong and Meng, Xiaofeng},
  journal={ACM Transactions on Information Systems (TOIS)},
  year={2024},
  publisher={ACM New York, NY}
}
@article{2024easyrec,
  title={EasyRec: Simple yet Effective Language Models for Recommendation},
  author={Ren, Xubin and Huang, Chao},
  journal={arXiv preprint arXiv:2408.08821},
  year={2024}
}
@article{2024DHGPF,
  title={Denoising Heterogeneous Graph Pre-training Framework for Recommendation},
  author={Sang, Lei and Wang, Yu and Zhang, Yiwen and Wu, Xindong},
  journal={ACM Transactions on Information Systems (TOIS)},
  year={2024},
  publisher={ACM New York, NY}
}
@inproceedings{2024sslrec,
  title={SSLRec: A Self-Supervised Learning Framework for Recommendation},
  author={Ren, Xubin and Xia, Lianghao and Yang, Yuhao and Wei, Wei and Wang, Tianle and Cai, Xuheng and Huang, Chao},
  booktitle={WSDM},
  pages={567--575},
  year={2024}
}
@article{sang2024intent,
  title={Intent-guided Heterogeneous Graph Contrastive Learning for Recommendation},
  author={Sang, Lei and Wang, Yu and Zhang, Yi and Zhang, Yiwen and Wu, Xindong},
  journal={IEEE Transactions on Knowledge and Data Engineering (TKDE)},
  year={2025},
  volume={37},
  number={4},
  pages={1915-1929}
}
@article{2024rosepo,
  title={RosePO: Aligning LLM-based Recommenders with Human Values},
  author={Liao, Jiayi and He, Xiangnan and Xie, Ruobing and Wu, Jiancan and Yuan, Yancheng and Sun, Xingwu and Kang, Zhanhui and Wang, Xiang},
  journal={arXiv preprint arXiv:2410.12519},
  year={2024}
}
@article{2023llamarec,
  title={LlamaRec: Two-Stage Recommendation using Large Language Models for Ranking},
  author={Yue, Zhenrui and Rabhi, Sara and Moreira, Gabriel de Souza Pereira and Wang, Dong and Oldridge, Even},
  journal={CIKM},
  year={2023}
}
@inproceedings{2024llara,
  title={Llara: Large Language-Recommendation Assistant},
  author={Liao, Jiayi and Li, Sihang and Yang, Zhengyi and Wu, Jiancan and Yuan, Yancheng and Wang, Xiang and He, Xiangnan},
  booktitle={SIGIR},
  pages={1785--1795},
  year={2024}
}
@inproceedings{2023VQ-Rec,
  title={Learning Vector-quantized Item Representation for Transferable Sequential Recommenders},
  author={Hou, Yupeng and He, Zhankui and McAuley, Julian and Zhao, Wayne Xin},
  booktitle={WWW},
  pages={1162--1171},
  year={2023}
}
@article{2023chatrec,
  title={Chat-Rec: Towards Interactive and Explainable LLMs-augmented Recommender System},
  author={Gao, Yunfan and Sheng, Tao and Xiang, Youlin and Xiong, Yun and Wang, Haofen and Zhang, Jiawei},
  journal={arXiv preprint arXiv:2303.14524},
  year={2023}
}
@article{2024BLaIR,
  title={Bridging language and items for retrieval and recommendation},
  author={Hou, Yupeng and Li, Jiacheng and He, Zhankui and Yan, An and Chen, Xiusi and McAuley, Julian},
  journal={arXiv preprint arXiv:2403.03952},
  year={2024}
}
@article{2024llama3,
  title={The Llama 3 Herd of Models},
  author={Dubey, Abhimanyu and Jauhri, Abhinav and Pandey, Abhinav and Kadian, Abhishek and Al-Dahle, Ahmad and Letman, Aiesha and Mathur, Akhil and Schelten, Alan and Yang, Amy and Fan, Angela and others},
  journal={arXiv preprint arXiv:2407.21783},
  year={2024}
}
@article{2024sfrembedding,
  title={SFR-Embedding-Mistral: Enhance Text Retrieval with Transfer Learning},
  author={Meng, Rui and Liu, Ye and Joty, Shafiq Rayhan and Xiong, Caiming and Zhou, Yingbo and Yavuz, Semih},
  journal={Salesforce AI Research Blog},
  volume={3},
  year={2024}
}
@inproceedings{2024GBSR,
  title={Graph Bottlenecked Social Recommendation},
  author={Yang, Yonghui and Wu, Le and Wang, Zihan and He, Zhuangzhuang and Hong, Richang and Wang, Meng},
  booktitle={KDD},
  pages={3853--3862},
  year={2024}
}
@article{zhang2024simplify,
  title={Simplify to the Limit! Embedding-less Graph Collaborative Filtering for Recommender Systems},
  author={Zhang, Yi and Zhang, Yiwen and Sang, Lei and Sheng, Victor S},
  journal={ACM Transactions on Information Systems (TOIS)},
  volume={43},
  number={1},
  pages={1--30},
  year={2024},
  publisher={ACM New York, NY, USA}
}