@article{bogunovic2018adversarially,
  title={Adversarially robust optimization with {Gaussian} processes},
  author={Bogunovic, Ilija and Scarlett, Jonathan and Jegelka, Stefanie and Cevher, Volkan},
  journal={Advances in neural information processing systems},
  volume={31},
  year={2018}
}

@inproceedings{dogan2023bilevel,
  title={Bilevel optimization by conditional {Bayesian} optimization},
  author={Dogan, Vedat and Prestwich, Steven},
  booktitle={International Conference on Machine Learning, Optimization, and Data Science},
  pages={243--258},
  year={2023},
  organization={Springer}
}

@article{ekmekcioglu2024bayesian,
  title={Bayesian Optimization of Bilevel Problems},
  author={Ekmekcioglu, Omer and Aydin, Nursen and Branke, Juergen},
  journal={arXiv preprint arXiv:2412.18518},
  year={2024}
}

@inproceedings{fuconvergence,
  title={Convergence of {Bayesian} Bilevel Optimization},
  author={Fu, Shi and He, Fengxiang and Tian, Xinmei and Tao, Dacheng},
  booktitle={The Twelfth International Conference on Learning Representations},
  year={2024}
}

@article{gelbart2014bayesian,
  title={{Bayesian} optimization with unknown constraints},
  author={Gelbart, Michael A and Snoek, Jasper and Adams, Ryan P},
  journal={arXiv preprint arXiv:1403.5607},
  year={2014}
}

@article{hernandez2016general,
  title={A general framework for constrained {Bayesian} optimization using information-based search},
  author={Hern{\'a}ndez-Lobato, Jos{\'e} Miguel and Gelbart, Michael A and Adams, Ryan P and Hoffman, Matthew W and Ghahramani, Zoubin},
  year={2016},
  publisher={MIT Press}
}

@inproceedings{islam2018efficient,
  title={Efficient global optimization for solving computationally expensive bilevel optimization problems},
  author={Islam, Md Monjurul and Singh, Hemant Kumar and Ray, Tapabrata},
  booktitle={2018 IEEE congress on evolutionary computation (CEC)},
  pages={1--8},
  year={2018},
  organization={IEEE}
}

@inproceedings{kieffer2017bayesian,
  title={{Bayesian} optimization approach of general bi-level problems},
  author={Kieffer, Emmanuel and Danoy, Gr{\'e}goire and Bouvry, Pascal and Nagih, Anass},
  booktitle={Proceedings of the Genetic and Evolutionary Computation Conference Companion},
  pages={1614--1621},
  year={2017}
}

@article{liregret,
  title={Regret Bounds for Noise-Free Cascaded Kernelized Bandits},
  author={Li, Zihan and Scarlett, Jonathan},
  journal={Transactions on Machine Learning Research},
  year={2024}
}

@inproceedings{nguyen2023optimistic,
  title={Optimistic {Bayesian} Optimization with Unknown Constraints},
  author={Nguyen, Quoc Phong and Chew, Wan Theng Ruth and Song, Le and Low, Bryan Kian Hsiang and Jaillet, Patrick},
  booktitle={The Twelfth International Conference on Learning Representations},
  year={2023}
}

@inproceedings{wang2021comparing,
  title={Comparing expected improvement and kriging believer for expensive bilevel optimization},
  author={Wang, Bing and Singh, Hemant Kumar and Ray, Tapabrata},
  booktitle={2021 IEEE Congress on Evolutionary Computation (CEC)},
  pages={1635--1642},
  year={2021},
  organization={IEEE}
}

@inproceedings{xu2023constrained,
  title={Constrained efficient global optimization of expensive black-box functions},
  author={Xu, Wenjie and Jiang, Yuning and Svetozarevic, Bratislav and Jones, Colin},
  booktitle={International Conference on Machine Learning},
  pages={38485--38498},
  year={2023},
  organization={PMLR}
}

