@inproceedings{nguyen2023optimistic,
  title={Optimistic {Bayesian} Optimization with Unknown Constraints},
  author={Nguyen, Quoc Phong and Chew, Wan Theng Ruth and Song, Le and Low, Bryan Kian Hsiang and Jaillet, Patrick},
  booktitle={The Twelfth International Conference on Learning Representations},
  year={2023}
}

@inproceedings{srinivas2009gaussian,
  title = {{Gaussian} process optimization in the bandit setting: No regret and experimental design},
  author={Srinivas, Niranjan and Krause, Andreas and Kakade, Sham M and Seeger, Matthias},
  booktitle = {International Conference on Machine Learning},      
  year = {2010},
}

@book{williams2006gaussian,
  title={{Gaussian} processes for machine learning},
  author={Williams, Christopher KI and Rasmussen, Carl Edward},
  volume={2},
  number={3},
  year={2006},
  publisher={MIT press Cambridge, MA}
}

@article{beck2021gentle,
  title={A gentle and incomplete introduction to bilevel optimization},
  author={Beck, Yasmine and Schmidt, Martin},
  year={2021}
}

@article{bard1982explicit,
  title={An explicit solution to the multi-level programming problem},
  author={Bard, Jonathan F and Falk, James E},
  journal={Computers \& Operations Research},
  volume={9},
  number={1},
  pages={77--100},
  year={1982},
  publisher={Elsevier}
}

@article{bard1990branch,
  title={A branch and bound algorithm for the bilevel programming problem},
  author={Bard, Jonathan F and Moore, James T},
  journal={SIAM Journal on Scientific and Statistical Computing},
  volume={11},
  number={2},
  pages={281--292},
  year={1990},
  publisher={SIAM}
}

@inproceedings{franceschi2018bilevel,
  title={Bilevel programming for hyperparameter optimization and meta-learning},
  author={Franceschi, Luca and Frasconi, Paolo and Salzo, Saverio and Grazzi, Riccardo and Pontil, Massimiliano},
  booktitle={International conference on machine learning},
  pages={1568--1577},
  year={2018},
  organization={PMLR}
}

@article{rajeswaran2019meta,
  title={Meta-learning with implicit gradients},
  author={Rajeswaran, Aravind and Finn, Chelsea and Kakade, Sham M and Levine, Sergey},
  journal={Advances in neural information processing systems},
  volume={32},
  year={2019}
}

@inproceedings{finn2017model,
  title={Model-agnostic meta-learning for fast adaptation of deep networks},
  author={Finn, Chelsea and Abbeel, Pieter and Levine, Sergey},
  booktitle={International conference on machine learning},
  pages={1126--1135},
  year={2017},
  organization={PMLR}
}

@inproceedings{liu2021value,
  title={A value-function-based interior-point method for non-convex bi-level optimization},
  author={Liu, Risheng and Liu, Xuan and Yuan, Xiaoming and Zeng, Shangzhi and Zhang, Jin},
  booktitle={International Conference on Machine Learning},
  pages={6882--6892},
  year={2021},
  organization={PMLR}
}

@article{sinha2013efficient,
  title={Efficient evolutionary algorithm for single-objective bilevel optimization},
  author={Sinha, Ankur and Malo, Pekka and Deb, Kalyanmoy},
  journal={arXiv preprint arXiv:1303.3901},
  year={2013}
}

@article{kleinert2021survey,
  title={A survey on mixed-integer programming techniques in bilevel optimization},
  author={Kleinert, Thomas and Labb{\'e}, Martine and Ljubi{\'c}, Ivana and Schmidt, Martin},
  journal={EURO Journal on Computational Optimization},
  volume={9},
  pages={100007},
  year={2021},
  publisher={Elsevier}
}

@article{beck2023computationally,
  title={On a Computationally Ill-Behaved Bilevel Problem with a Continuous and Nonconvex Lower Level},
  author={Beck, Yasmine and Bienstock, Daniel and Schmidt, Martin and Th{\"u}rauf, Johannes},
  journal={Journal of Optimization Theory and Applications},
  pages={1--20},
  year={2023},
  publisher={Springer}
}

@inproceedings{kieffer2017bayesian,
  title={{Bayesian} optimization approach of general bi-level problems},
  author={Kieffer, Emmanuel and Danoy, Gr{\'e}goire and Bouvry, Pascal and Nagih, Anass},
  booktitle={Proceedings of the Genetic and Evolutionary Computation Conference Companion},
  pages={1614--1621},
  year={2017}
}

@article{gelbart2014bayesian,
  title={{Bayesian} optimization with unknown constraints},
  author={Gelbart, Michael A and Snoek, Jasper and Adams, Ryan P},
  journal={arXiv preprint arXiv:1403.5607},
  year={2014}
}

@article{hernandez2016general,
  title={A general framework for constrained {Bayesian} optimization using information-based search},
  author={Hern{\'a}ndez-Lobato, Jos{\'e} Miguel and Gelbart, Michael A and Adams, Ryan P and Hoffman, Matthew W and Ghahramani, Zoubin},
  year={2016},
  publisher={MIT Press}
}

@inproceedings{angelo2014differential,
  title={Differential evolution assisted by a surrogate model for bilevel programming problems},
  author={Angelo, Jaqueline S and Krempser, Eduardo and Barbosa, Helio JC},
  booktitle={2014 IEEE Congress on Evolutionary Computation (CEC)},
  pages={1784--1791},
  year={2014},
  organization={IEEE}
}

@article{kushner1964new,
  title={A new method of locating the maximum point of an arbitrary multipeak curve in the presence of noise},
  author={Kushner, Harold J},
  year={1964}
}

@inproceedings{movckus1975bayesian,
  title={On {Bayesian} methods for seeking the extremum},
  author={Mo{\v{c}}kus, Jonas},
  booktitle={Optimization Techniques IFIP Technical Conference: Novosibirsk, July 1--7, 1974},
  pages={400--404},
  year={1975},
  organization={Springer}
}

@article{hennig2012entropy,
  title={Entropy Search for Information-Efficient Global Optimization.},
  author={Hennig, Philipp and Schuler, Christian J},
  journal={Journal of Machine Learning Research},
  volume={13},
  number={6},
  year={2012}
}

@article{hernandez2014predictive,
  title={Predictive entropy search for efficient global optimization of black-box functions},
  author={Hern{\'a}ndez-Lobato, Jos{\'e} Miguel and Hoffman, Matthew W and Ghahramani, Zoubin},
  journal={Advances in neural information processing systems},
  volume={27},
  year={2014}
}

@inproceedings{wang2017max,
  title={Max-value entropy search for efficient {Bayesian} optimization},
  author={Wang, Zi and Jegelka, Stefanie},
  booktitle={International Conference on Machine Learning},
  pages={3627--3635},
  year={2017},
  organization={PMLR}
}

@article{shu2018bi,
  title={A bi-level approach for determining optimal dynamic retail electricity pricing of large industrial customers},
  author={Shu, Jun and Guan, Rui and Wu, Lei and Han, Bing},
  journal={IEEE Transactions on Smart Grid},
  volume={10},
  number={2},
  pages={2267--2277},
  year={2018},
  publisher={IEEE}
}

@article{leal2020portfolio,
  title={Portfolio problems with two levels decision-makers: Optimal portfolio selection with pricing decisions on transaction costs},
  author={Leal, Marina and Ponce, Diego and Puerto, Justo},
  journal={European Journal of Operational Research},
  volume={284},
  number={2},
  pages={712--727},
  year={2020},
  publisher={Elsevier}
}

@inproceedings{dogan2023bilevel,
  title={Bilevel optimization by conditional {Bayesian} optimization},
  author={Dogan, Vedat and Prestwich, Steven},
  booktitle={International Conference on Machine Learning, Optimization, and Data Science},
  pages={243--258},
  year={2023},
  organization={Springer}
}

@article{gardner2018gpytorch,
  title={Gpytorch: Blackbox matrix-matrix {Gaussian} process inference with gpu acceleration},
  author={Gardner, Jacob and Pleiss, Geoff and Weinberger, Kilian Q and Bindel, David and Wilson, Andrew G},
  journal={Advances in neural information processing systems},
  volume={31},
  year={2018}
}

@article{sinha2014test,
  title={Test problem construction for single-objective bilevel optimization},
  author={Sinha, Ankur and Malo, Pekka and Deb, Kalyanmoy},
  journal={Evolutionary computation},
  volume={22},
  number={3},
  pages={439--477},
  year={2014},
  publisher={MIT Press}
}

@article{picheny2013benchmark,
  title={A benchmark of kriging-based infill criteria for noisy optimization},
  author={Picheny, Victor and Wagner, Tobias and Ginsbourger, David},
  journal={Structural and multidisciplinary optimization},
  volume={48},
  pages={607--626},
  year={2013},
  publisher={Springer}
}

@article{PyPSA,
   author = {T. Brown and J. H\"orsch and D. Schlachtberger},
   title = {{PyPSA: Python for Power System Analysis}},
   journal = {Journal of Open Research Software},
   volume = {6},
   issue = {1},
   number = {4},
   year = {2018},
   eprint = {1707.09913},
   url = {https://doi.org/10.5334/jors.188},
   doi = {10.5334/jors.188}
}

@article{mckay2000comparison,
  title={A comparison of three methods for selecting values of input variables in the analysis of output from a computer code},
  author={McKay, Michael D and Beckman, Richard J and Conover, William J},
  journal={Technometrics},
  volume={42},
  number={1},
  pages={55--61},
  year={2000},
  publisher={Taylor \& Francis}
}

@article{eriksson2019scalable,
  title={Scalable global optimization via local {Bayesian} optimization},
  author={Eriksson, David and Pearce, Michael and Gardner, Jacob and Turner, Ryan D and Poloczek, Matthias},
  journal={Advances in neural information processing systems},
  volume={32},
  year={2019}
}

@inproceedings{xu2023constrained,
  title={Constrained efficient global optimization of expensive black-box functions},
  author={Xu, Wenjie and Jiang, Yuning and Svetozarevic, Bratislav and Jones, Colin},
  booktitle={International Conference on Machine Learning},
  pages={38485--38498},
  year={2023},
  organization={PMLR}
}

@article{shekhar2017gaussian,
  title={{Gaussian} Process bandits with adaptive discretization},
  author={Shekhar, Shubhanshu and Javidi, Tara},
  journal={arXiv preprint arXiv:1712.01447},
  year={2017}
}

@inproceedings{calandriello2019gaussian,
  title={{Gaussian} process optimization with adaptive sketching: Scalable and no regret},
  author={Calandriello, Daniele and Carratino, Luigi and Lazaric, Alessandro and Valko, Michal and Rosasco, Lorenzo},
  booktitle={Conference on Learning Theory},
  pages={533--557},
  year={2019},
  organization={PMLR}
}

@misc{cocosimulatorCOCOCAPEOPEN,
	author = {COCO},
	title = {{C}{O}{C}{O} - the {C}{A}{P}{E}-{O}{P}{E}{N} to {C}{A}{P}{E}-{O}{P}{E}{N} simulator --- cocosimulator.org},
	howpublished = {\url{https://www.cocosimulator.org/}},
	year = {},
	note = {[Accessed 30-09-2024]},
}

@misc{chemsep,
	author = {ChemSep},
	title = {chemsep.org},
	howpublished = {\url{http://www.chemsep.org/}},
	year = {},
	note = {[Accessed 30-09-2024]},
}

@article{bogunovic2018adversarially,
  title={Adversarially robust optimization with {Gaussian} processes},
  author={Bogunovic, Ilija and Scarlett, Jonathan and Jegelka, Stefanie and Cevher, Volkan},
  journal={Advances in neural information processing systems},
  volume={31},
  year={2018}
}

@inproceedings{vakili2021information,
  title={On information gain and regret bounds in {Gaussian} process bandits},
  author={Vakili, Sattar and Khezeli, Kia and Picheny, Victor},
  booktitle={International Conference on Artificial Intelligence and Statistics},
  pages={82--90},
  year={2021},
  organization={PMLR}
}

@inproceedings{fuconvergence,
  title={Convergence of {Bayesian} Bilevel Optimization},
  author={Fu, Shi and He, Fengxiang and Tian, Xinmei and Tao, Dacheng},
  booktitle={The Twelfth International Conference on Learning Representations},
  year={2024}
}

@article{liregret,
  title={Regret Bounds for Noise-Free Cascaded Kernelized Bandits},
  author={Li, Zihan and Scarlett, Jonathan},
  journal={Transactions on Machine Learning Research},
  year={2024}
}

@inproceedings{islam2018efficient,
  title={Efficient global optimization for solving computationally expensive bilevel optimization problems},
  author={Islam, Md Monjurul and Singh, Hemant Kumar and Ray, Tapabrata},
  booktitle={2018 IEEE congress on evolutionary computation (CEC)},
  pages={1--8},
  year={2018},
  organization={IEEE}
}

@inproceedings{wang2021comparing,
  title={Comparing expected improvement and kriging believer for expensive bilevel optimization},
  author={Wang, Bing and Singh, Hemant Kumar and Ray, Tapabrata},
  booktitle={2021 IEEE Congress on Evolutionary Computation (CEC)},
  pages={1635--1642},
  year={2021},
  organization={IEEE}
}

@article{ekmekcioglu2024bayesian,
  title={Bayesian Optimization of Bilevel Problems},
  author={Ekmekcioglu, Omer and Aydin, Nursen and Branke, Juergen},
  journal={arXiv preprint arXiv:2412.18518},
  year={2024}
}