@article{hoffman2021spectral,
  title={Spectral gaps of random graphs and applications},
  author={Hoffman, Christopher and Kahle, Matthew and Paquette, Elliot},
  journal={International Mathematics Research Notices},
  volume={2021},
  number={11},
  pages={8353--8404},
  year={2021},
  publisher={Oxford University Press}
}

@inproceedings{cooper2016coalescing,
  title={The coalescing-branching random walk on expanders and the dual epidemic process},
  author={Cooper, Colin and Radzik, Tomasz and Rivera, Nicolas},
  booktitle={Proceedings of the 2016 ACM Symposium on Principles of Distributed Computing},
  pages={461--467},
  year={2016}
}

@book{peleg2000distributed,
  title={Distributed computing: a locality-sensitive approach},
  author={Peleg, David},
  year={2000},
  publisher={SIAM}
}

@inproceedings{ghaffari2015distributed,
  title={Distributed broadcast revisited: Towards universal optimality},
  author={Ghaffari, Mohsen},
  booktitle={International Colloquium on Automata, Languages, and Programming},
  pages={638--649},
  year={2015},
  organization={Springer}
}

@article{garay1998sublinear,
  title={A sublinear time distributed algorithm for minimum-weight spanning trees},
  author={Garay, Juan A and Kutten, Shay and Peleg, David},
  journal={SIAM Journal on Computing},
  volume={27},
  number={1},
  pages={302--316},
  year={1998},
  publisher={SIAM}
}

@article{chandra2024fast,
  title={Fast Broadcast in Highly Connected Networks},
  author={Chandra, Shashwat and Chang, Yi-Jun and Dory, Michal and Ghaffari, Mohsen and Leitersdorf, Dean},
  journal={arXiv preprint arXiv:2404.12930},
  year={2024}
}

@article{erd6s1960evolution,
  title={On the evolution of random graphs},
  author={Erd6s, Paul and R{\'e}nyi, Alfr{\'e}d},
  journal={Publ. Math. Inst. Hungar. Acad. Sci},
  volume={5},
  pages={17--61},
  year={1960},
  publisher={Citeseer}
}

@article{bassoli2013network,
  title={Network coding theory: A survey},
  author={Bassoli, Riccardo and Marques, Hugo and Rodriguez, Jonathan and Shum, Kenneth W and Tafazolli, Rahim},
  journal={IEEE Communications Surveys \& Tutorials},
  volume={15},
  number={4},
  pages={1950--1978},
  year={2013},
  publisher={ieee}
}

@inproceedings{gao2014arboricity,
  title={Arboricity and spanning-tree packing in random graphs with an application to load balancing},
  author={Gao, Pu and P{\'e}rez-Gim{\'e}nez, Xavier and Sato, Cristiane M},
  booktitle={Proceedings of the twenty-fifth annual ACM-SIAM symposium on Discrete algorithms},
  pages={317--326},
  year={2014},
  organization={SIAM}
}

@article{fulkerson1976edge,
  title={On edge-disjoint branchings},
  author={Fulkerson, Delbert Ray and Harding, Gary C},
  journal={Networks},
  volume={6},
  number={2},
  pages={97--104},
  year={1976},
  publisher={Wiley Online Library}
}

@article{jaggi2005polynomial,
  title={Polynomial time algorithms for multicast network code construction},
  author={Jaggi, Sidharth and Sanders, Peter and Chou, Philip A and Effros, Michelle and Egner, Sebastian and Jain, Kamal and Tolhuizen, Ludo MGM},
  journal={IEEE Transactions on Information Theory},
  volume={51},
  number={6},
  pages={1973--1982},
  year={2005},
  publisher={IEEE}
}

@article{ahlswede2000network,
  title={Network information flow},
  author={Ahlswede, Rudolf and Cai, Ning and Li, S-YR and Yeung, Raymond W},
  journal={IEEE Transactions on information theory},
  volume={46},
  number={4},
  pages={1204--1216},
  year={2000},
  publisher={IEEE}
}

@article{li2003linear,
  title={Linear network coding},
  author={Li, S-YR and Yeung, Raymond W and Cai, Ning},
  journal={IEEE transactions on information theory},
  volume={49},
  number={2},
  pages={371--381},
  year={2003},
  publisher={IEEE}
}
@inproceedings{servetto2002constrained,
  title={Constrained random walks on random graphs: routing algorithms for large scale wireless sensor networks},
  author={Servetto, Sergio D and Barrenechea, Guillermo},
  booktitle={Proceedings of the 1st ACM international workshop on Wireless sensor networks and applications},
  pages={12--21},
  year={2002}
}
@inproceedings{fragouli2004decentralized,
  title={Decentralized network coding},
  author={Fragouli, Christina and Soljanin, Emina},
  booktitle={Information Theory Workshop},
  pages={310--314},
  year={2004},
  organization={IEEE}
}

@inproceedings{ho2011universal,
  title={Universal and robust distributed network codes},
  author={Ho, Tracey and Jaggi, Sidharth and Vyetrenko, Svitlana and Xia, Lingxiao},
  booktitle={2011 Proceedings IEEE INFOCOM},
  pages={766--774},
  year={2011},
  organization={IEEE}
}

@inproceedings{ho2003benefits,
  title={The benefits of coding over routing in a randomized setting},
  author={Ho, Tracey and Koetter, Ralf and Medard, Muriel and Karger, David R and Effros, Michelle},
  booktitle={IEEE international symposium on information theory},
  pages={442--442},
  year={2003}
}

@article{palmer2001spanning,
  title={On the spanning tree packing number of a graph: a survey},
  author={Palmer, Edgar M},
  journal={Discrete Mathematics},
  volume={230},
  number={1-3},
  pages={13--21},
  year={2001},
  publisher={Elsevier}
}

@article{swamy2013asymptotically,
  title={An asymptotically optimal push--pull method for multicasting over a random network},
  author={Swamy, Vasuki Narasimha and Bhashyam, Srikrishna and Sundaresan, Rajesh and Viswanath, Pramod},
  journal={IEEE transactions on information theory},
  volume={59},
  number={8},
  pages={5075--5087},
  year={2013},
  publisher={IEEE}
}

@article{chung2001diameter,
  title={The diameter of sparse random graphs},
  author={Chung, Fan and Lu, Linyuan},
  journal={Advances in Applied Mathematics},
  volume={26},
  number={4},
  pages={257--279},
  year={2001},
  publisher={Elsevier}
}

@article{tutte1961problem,
  title={On the problem of decomposing a graph into n connected factors},
  author={Tutte, William Thomas},
  journal={Journal of the London Mathematical Society},
  volume={1},
  number={1},
  pages={221--230},
  year={1961},
  publisher={Oxford University Press}
}

@article{nash1961edge,
  title={Edge-disjoint spanning trees of finite graphs},
  author={Nash-Williams, C St JA},
  journal={Journal of the London Mathematical Society},
  volume={1},
  number={1},
  pages={445--450},
  year={1961},
  publisher={Oxford University Press}
}

@article{chuzhoy2020packing,
  title={On packing low-diameter spanning trees},
  author={Chuzhoy, Julia and Parter, Merav and Tan, Zihan},
  journal={arXiv preprint arXiv:2006.07486},
  year={2020}
}

@inproceedings{censor2014distributed,
  title={Distributed connectivity decomposition},
  author={Censor-Hillel, Keren and Ghaffari, Mohsen and Kuhn, Fabian},
  booktitle={Proceedings of the 2014 ACM symposium on Principles of distributed computing},
  pages={156--165},
  year={2014}
}

@InProceedings{aradhya_et_al:LIPIcs.OPODIS.2024.36,
  author =	{Aradhya, Vijeth and Gilbert, Seth and G\"{o}tte, Thorsten},
  title =	{{Distributed Branching Random Walks and Their Applications}},
  booktitle =	{28th International Conference on Principles of Distributed Systems (OPODIS 2024)},
  pages =	{36:1--36:20},
  series =	{Leibniz International Proceedings in Informatics (LIPIcs)},
  ISBN =	{978-3-95977-360-7},
  ISSN =	{1868-8969},
  year =	{2025},
  volume =	{324},
  editor =	{Bonomi, Silvia and Galletta, Letterio and Rivi\`{e}re, Etienne and Schiavoni, Valerio},
  publisher =	{Schloss Dagstuhl -- Leibniz-Zentrum f{\"u}r Informatik},
  address =	{Dagstuhl, Germany},
  URL =		{https://drops.dagstuhl.de/entities/document/10.4230/LIPIcs.OPODIS.2024.36},
  URN =		{urn:nbn:de:0030-drops-225723},
  doi =		{10.4230/LIPIcs.OPODIS.2024.36},
  annote =	{Keywords: Distributed Graph Algorithms, Random Walks, Permutation Routing}
}

@book{lawler2010random,
  title={Random walk: a modern introduction},
  author={Lawler, Gregory F and Limic, Vlada},
  volume={123},
  year={2010},
  publisher={Cambridge University Press}
}

@article{guerraoui2023inherent,
  title={On the Inherent Anonymity of Gossiping},
  author={Guerraoui, Rachid and Kermarrec, Anne-Marie and Kucherenko, Anastasiia and Pinot, Rafael and Voitovych, Sasha},
  journal={arXiv preprint arXiv:2308.02477},
  year={2023}
}

@phdthesis{roche2017robust,
  title={Robust Local Algorithms for Communication and Stability in Distributed Networks},
  author={Roche, Scott T},
  year={2017},
  school={Northeastern University}
}

@inproceedings{alon2008many,
  title={Many random walks are faster than one},
  author={Alon, Noga and Avin, Chen and Koucky, Michal and Kozma, Gady and Lotker, Zvi and Tuttle, Mark R},
  booktitle={Proceedings of the twentieth annual symposium on parallelism in algorithms and architectures},
  pages={119--128},
  year={2008}
}

@article{elsasser2011tight,
  title={Tight bounds for the cover time of multiple random walks},
  author={Els{\"a}sser, Robert and Sauerwald, Thomas},
  journal={Theoretical Computer Science},
  volume={412},
  number={24},
  pages={2623--2641},
  year={2011},
  publisher={Elsevier}
}

@book{shi2015branching,
  title={Branching random walks},
  author={Shi, Zhan and others},
  volume={2151},
  year={2015},
  publisher={Springer}
}

@inproceedings{molla2017distributed,
  title={Distributed computation of mixing time},
  author={Molla, Anisur Rahaman and Pandurangan, Gopal},
  booktitle={Proceedings of the 18th International Conference on Distributed Computing and Networking},
  pages={1--4},
  year={2017}
}

@article{kutten2015sublinear,
  title={Sublinear bounds for randomized leader election},
  author={Kutten, Shay and Pandurangan, Gopal and Peleg, David and Robinson, Peter and Trehan, Amitabh},
  journal={Theoretical Computer Science},
  volume={561},
  pages={134--143},
  year={2015},
  publisher={Elsevier}
}

@inproceedings{gilbert2018leader,
  title={Leader election in well-connected graphs},
  author={Gilbert, Seth and Robinson, Peter and Sourav, Suman},
  booktitle={Proceedings of the 2018 ACM Symposium on Principles of Distributed Computing},
  pages={227--236},
  year={2018}
}

@inproceedings{fichtenberger2018two,
  title={A two-sided error distributed property tester for conductance},
  author={Fichtenberger, Hendrik and Vasudev, Yadu},
  booktitle={43rd International Symposium on Mathematical Foundations of Computer Science (MFCS 2018)},
  year={2018},
  organization={Schloss-Dagstuhl-Leibniz Zentrum f{\"u}r Informatik}
}

@inproceedings{batu2024all,
  title={All You Need are Random Walks: Fast and Simple Distributed Conductance Testing},
  author={Batu, Tu{\u{g}}kan and Trehan, Amitabh and Trehan, Chhaya},
  booktitle={International Colloquium on Structural Information and Communication Complexity},
  pages={64--82},
  year={2024},
  organization={Springer}
}

@inproceedings{wu2004comparison,
  title={A comparison of network coding and tree packing},
  author={Wu, Yunnan and Chou, Philip A and Jain, Kamal},
  booktitle={International Symposium onInformation Theory, 2004. ISIT 2004. Proceedings.},
  pages={143},
  year={2004},
  organization={IEEE}
}

@article{dutta2015coalescing,
  title={Coalescing-branching random walks on graphs},
  author={Dutta, Chinmoy and Pandurangan, Gopal and Rajaraman, Rajmohan and Roche, Scott},
  journal={ACM Transactions on Parallel Computing (TOPC)},
  volume={2},
  number={3},
  pages={1--29},
  year={2015},
  publisher={ACM New York, NY, USA}
}

@article{mitzenmacher2018better,
  title={Better bounds for coalescing-branching random walks},
  author={Mitzenmacher, Michael and Rajaraman, Rajmohan and Roche, Scott},
  journal={ACM Transactions on Parallel Computing (TOPC)},
  volume={5},
  number={1},
  pages={1--23},
  year={2018},
  publisher={ACM New York, NY, USA}
}

@inproceedings{berenbrin2018tight,
  title={Tight bounds for coalescing-branching random walks on regular graphs},
  author={Berenbrin, Petra and Giakkoupis, George and Kling, Peter},
  booktitle={Proceedings of the Twenty-Ninth Annual ACM-SIAM Symposium on Discrete Algorithms},
  pages={1715--1733},
  year={2018},
  organization={SIAM}
}

@incollection{edmonds1972,
  author = {Edmonds, J.},
  title = {Edge-Disjoint Branchings},
  booktitle = {Combinatorial Algorithms},
  editor = {Rustin, R.},
  year = {1972},
  publisher = {Algorithmics Press},
  address = {New York, New York},
  pages = {91--96}
}


@inproceedings{gao2019topologyEth,
  title={Topology measurement and analysis on ethereum p2p network},
  author={Gao, Yue and Shi, Jinqiao and Wang, Xuebin and Tan, Qingfeng and Zhao, Can and Yin, Zelin},
  booktitle={2019 IEEE Symposium on Computers and Communications (ISCC)},
  pages={1--7},
  year={2019},
  organization={IEEE}
}

@inproceedings{delgado2019txprobeBTC,
  title={Txprobe: Discovering bitcoin’s network topology using orphan transactions},
  author={Delgado-Segura, Sergi and Bakshi, Surya and P{\'e}rez-Sol{\`a}, Cristina and Litton, James and Pachulski, Andrew and Miller, Andrew and Bhattacharjee, Bobby},
  booktitle={Financial Cryptography and Data Security: 23rd International Conference, FC 2019, Frigate Bay, St. Kitts and Nevis, February 18--22, 2019, Revised Selected Papers 23},
  pages={550--566},
  year={2019},
  organization={Springer}
}

@inproceedings{dale2008evolutionTorrent,
  title={Evolution and enhancement of bittorrent network topologies},
  author={Dale, Cameron and Liu, Jiangchuan and Peters, Joseph and Li, Bo},
  booktitle={2008 16th Interntional Workshop on Quality of Service},
  pages={1--10},
  year={2008},
  organization={IEEE}
}

@inproceedings{cohen2003incentives,
  title={Incentives build robustness in BitTorrent},
  author={Cohen, Bram},
  booktitle={Workshop on Economics of Peer-to-Peer systems},
  volume={6},
  pages={68--72},
  year={2003},
  organization={Berkeley, CA, USA}
}

@article{nakamoto2008bitcoin,
  title={Bitcoin: A peer-to-peer electronic cash system},
  author={Nakamoto, Satoshi},
  journal={Satoshi Nakamoto},
  year={2008}
}

@article{buterin2014next,
  title={A next-generation smart contract and decentralized application platform},
  author={Buterin, Vitalik and others},
  journal={white paper},
  volume={3},
  number={37},
  pages={2--1},
  year={2014}
}