@article{ABGPRY2018,
  title={Sublinear-time algorithms for counting star subgraphs via edge sampling},
  author={Aliakbarpour, Maryam and Biswas, Amartya Shankha and Gouleakis, Themis and Peebles, John and Rubinfeld, Ronitt and Yodpinyanee, Anak},
  journal={Algorithmica},
  volume={80},
  pages={668--697},
  year={2018},
  publisher={Springer}
}

@article{AMS1999,
  author       = {Noga Alon and
                  Yossi Matias and
                  Mario Szegedy},
  title        = {The Space Complexity of Approximating the Frequency Moments},
  journal      = {J. Comput. Syst. Sci.},
  volume       = {58},
  number       = {1},
  pages        = {137--147},
  year         = {1999},
}

@inproceedings{BT2022,
  title={Better Sum Estimation via Weighted Sampling},
  author={Beretta, Lorenzo and T{\v{e}}tek, Jakub},
  booktitle={Proceedings of the 2022 Annual ACM-SIAM Symposium on Discrete Algorithms (SODA)},
  pages={2303--2338},
  year={2022},
  organization={SIAM}
}

@inproceedings{ERS2018,
  title={Sublinear time estimation of degree distribution moments: The degeneracy connection},
  author={Eden, Talya and Ron, Dana and Seshadhri, C},
  booktitle={44th International Colloquium on Automata, Languages, and Programming (ICALP 2017)},
  year={2017},
  organization={Schloss Dagstuhl-Leibniz-Zentrum fuer Informatik}
}

@article{ERS2019,
  title={Sublinear time estimation of degree distribution moments: The arboricity connection},
  author={Eden, Talya and Ron, Dana and Seshadhri, C},
  journal={SIAM Journal on Discrete Mathematics},
  volume={33},
  number={4},
  pages={2267--2285},
  year={2019},
  publisher={SIAM}
}

@article{JW2023,
title = {Towards Optimal Moment Estimation in Streaming and Distributed Models},
author = {Jayaram, Rajesh and Woodruff, David},
journal = {ACM Transactions on Algorithms},
volume = {19},
year = {2023},
month = {05},
doi = {10.1145/3596494}
}

@inproceedings{MPX2007,
  title={Estimating sum by weighted sampling},
  author={Motwani, Rajeev and Panigrahy, Rina and Xu, Ying},
  booktitle={International Colloquium on Automata, Languages, and Programming},
  pages={53--64},
  year={2007},
  organization={Springer}
}

