% !TEX root = main.tex

@book{MU2017,
  title={Probability and computing: Randomization and probabilistic techniques in algorithms and data analysis},
  author={Mitzenmacher, Michael and Upfal, Eli},
  year={2017},
  publisher={Cambridge university press}
}

@inproceedings{ACK2015,
  title={Adaptive estimation in weighted group testing},
  author={Acharya, Jayadev and Canonne, Cl{\'e}ment L and Kamath, Gautam},
  booktitle={2015 IEEE International Symposium on Information Theory (ISIT)},
  pages={2116--2120},
  year={2015},
  organization={IEEE}
}

@article{F2006,
author = {Feige, Uriel},
title = {On Sums of Independent Random Variables with Unbounded Variance and Estimating the Average Degree in a Graph},
journal = {SIAM Journal on Computing},
volume = {35},
number = {4},
pages = {964-984},
year = {2006},
}

@article{GR2008,
  title={Approximating average parameters of graphs},
  author={Goldreich, Oded and Ron, Dana},
  journal={Random Structures \& Algorithms},
  volume={32},
  number={4},
  pages={473--493},
  year={2008},
  publisher={Wiley Online Library}
}



@article{AMS1999,
  author       = {Noga Alon and
                  Yossi Matias and
                  Mario Szegedy},
  title        = {The Space Complexity of Approximating the Frequency Moments},
  journal      = {J. Comput. Syst. Sci.},
  volume       = {58},
  number       = {1},
  pages        = {137--147},
  year         = {1999},
}


@inproceedings{BT2022,
  title={Better Sum Estimation via Weighted Sampling},
  author={Beretta, Lorenzo and T{\v{e}}tek, Jakub},
  booktitle={Proceedings of the 2022 Annual ACM-SIAM Symposium on Discrete Algorithms (SODA)},
  pages={2303--2338},
  year={2022},
  organization={SIAM}
}

@article{ABGPRY2018,
  title={Sublinear-time algorithms for counting star subgraphs via edge sampling},
  author={Aliakbarpour, Maryam and Biswas, Amartya Shankha and Gouleakis, Themis and Peebles, John and Rubinfeld, Ronitt and Yodpinyanee, Anak},
  journal={Algorithmica},
  volume={80},
  pages={668--697},
  year={2018},
  publisher={Springer}
}

@inproceedings{MPX2007,
  title={Estimating sum by weighted sampling},
  author={Motwani, Rajeev and Panigrahy, Rina and Xu, Ying},
  booktitle={International Colloquium on Automata, Languages, and Programming},
  pages={53--64},
  year={2007},
  organization={Springer}
}

@inproceedings{ERS2018,
  title={Sublinear time estimation of degree distribution moments: The degeneracy connection},
  author={Eden, Talya and Ron, Dana and Seshadhri, C},
  booktitle={44th International Colloquium on Automata, Languages, and Programming (ICALP 2017)},
  year={2017},
  organization={Schloss Dagstuhl-Leibniz-Zentrum fuer Informatik}
}

@article{GRS2011,
  title={Counting stars and other small subgraphs in sublinear-time},
  author={Gonen, Mira and Ron, Dana and Shavitt, Yuval},
  journal={SIAM Journal on Discrete Mathematics},
  volume={25},
  number={3},
  pages={1365--1411},
  year={2011},
  publisher={SIAM}
}

@article{AN2022,
  title={Asymptotically Optimal Bounds for Estimating H-Index in Sublinear Time with Applications to Subgraph Counting},
  author={Assadi, Sepehr and Nguyen, Hoai-An},
  journal={arXiv preprint arXiv:2209.08114},
  year={2022}
}

@inproceedings{TT2022,
  title={Edge sampling and graph parameter estimation via vertex neighborhood accesses},
  author={T{\v{e}}tek, Jakub and Thorup, Mikkel},
  booktitle={Proceedings of the 54th Annual ACM SIGACT Symposium on Theory of Computing},
  pages={1116--1129},
  year={2022}
}

@article{ERS2019,
  title={Sublinear time estimation of degree distribution moments: The arboricity connection},
  author={Eden, Talya and Ron, Dana and Seshadhri, C},
  journal={SIAM Journal on Discrete Mathematics},
  volume={33},
  number={4},
  pages={2267--2285},
  year={2019},
  publisher={SIAM}
}

@book{G2017,
  title={Introduction to property testing},
  author={Goldreich, Oded},
  year={2017},
  publisher={Cambridge University Press}
}

@article{JW2023,
title = {Towards Optimal Moment Estimation in Streaming and Distributed Models},
author = {Jayaram, Rajesh and Woodruff, David},
journal = {ACM Transactions on Algorithms},
volume = {19},
year = {2023},
month = {05},
doi = {10.1145/3596494}
}
