
% Journals

% First the Full Name is given, then the abbreviation used in the AMS Math
% Reviews, with an indication if it could not be found there.
% Note the 2nd overwrites the 1st, so swap them if you want the full name.

 %{AMS}
 @String{AMSTrans = "American Mathematical Society Translations" }
 @String{AMSTrans = "Amer. Math. Soc. Transl." }
 @String{BullAMS = "Bulletin of the American Mathematical Society" }
 @String{BullAMS = "Bull. Amer. Math. Soc." }
 @String{ProcAMS = "Proceedings of the American Mathematical Society" }
 @String{ProcAMS = "Proc. Amer. Math. Soc." }
 @String{TransAMS = "Transactions of the American Mathematical Society" }
 @String{TransAMS = "Trans. Amer. Math. Soc." }

 %ACM
 @String{CACM = "Communications of the {ACM}" }
 @String{CACM = "Commun. {ACM}" }
 @String{CompServ = "Comput. Surveys" }
 @String{JACM = "J. ACM" }
 @String{ACMMathSoft = "{ACM} Transactions on Mathematical Software" }
 @String{ACMMathSoft = "{ACM} Trans. Math. Software" }
 @String{SIGNUM = "{ACM} {SIGNUM} Newsletter" }
 @String{SIGNUM = "{ACM} {SIGNUM} Newslett." }

 @String{AmerSocio = "American Journal of Sociology" }
 @String{AmerStatAssoc = "Journal of the American Statistical Association" }
 @String{AmerStatAssoc = "J. Amer. Statist. Assoc." }
 @String{ApplMathComp = "Applied Mathematics and Computation" }
 @String{ApplMathComp = "Appl. Math. Comput." }
 @String{AmerMathMonthly = "American Mathematical Monthly" }
 @String{AmerMathMonthly = "Amer. Math. Monthly" }
 @String{BIT = "{BIT}" }
 @String{BritStatPsych = "British Journal of Mathematical and Statistical
          Psychology" }
 @String{BritStatPsych = "Brit. J. Math. Statist. Psych." }
 @String{CanMathBull = "Canadian Mathematical Bulletin" }
 @String{CanMathBull = "Canad. Math. Bull." }
 @String{CompApplMath = "Journal of Computational and Applied Mathematics" }
 @String{CompApplMath = "J. Comput. Appl. Math." }
 @String{CompPhys = "Journal of Computational Physics" }
 @String{CompPhys = "J. Comput. Phys." }
 @String{CompStruct = "Computers and Structures" }
 @String{CompStruct = "Comput. \& Structures" }
 @String{CompJour = "The Computer Journal" }
 @String{CompJour = "Comput. J." }
 @String{CompSysSci = "Journal of Computer and System Sciences" }
 @String{CompSysSci = "J. Comput. System Sci." }
 @String{Computing = "Computing" }
 @String{ContempMath = "Contemporary Mathematics" }
 @String{ContempMath = "Contemp. Math." }
 @String{Crelle = "Crelle's Journal" }
 @String{GiornaleMath = "Giornale di Mathematiche" }
 @String{GiornaleMath = "Giorn. Mat." } % didn't find in AMS MR., ibid.

 %IEEE
 @String{Computer = "{IEEE} Computer" }
 @String{IEEETransComp = "{IEEE} Transactions on Computers" }
 @String{IEEETransComp = "{IEEE} Trans. Comput." }
 @String{IEEETransAC = "{IEEE} Transactions on Automatic Control" }
 @String{IEEETransAC = "{IEEE} Trans. Automat. Control" }
 @String{IEEESpec = "{IEEE} Spectrum" } % didn't find in AMS MR
 @String{ProcIEEE = "Proceedings of the {IEEE}" }
 @String{ProcIEEE = "Proc. {IEEE}" } % didn't find in AMS MR
 @String{IEEETransAeroElec = "{IEEE} Transactions on Aerospace and Electronic
     Systems" }
 @String{IEEETransAeroElec = "{IEEE} Trans. Aerospace Electron. Systems" }

 @String{IMANumerAna = "{IMA} Journal of Numerical Analysis" }
 @String{IMANumerAna = "{IMA} J. Numer. Anal." }
 @String{InfProcLet = "Information Processing Letters" }
 @String{InfProcLet = "Inform. Process. Lett." }
 @String{InstMathApp = "Journal of the Institute of Mathematics and
     its Applications" }
 @String{InstMathApp = "J. Inst. Math. Appl." }
 @String{IntControl = "International Journal of Control" }
 @String{IntControl = "Internat. J. Control" }
 @String{IntNumerEng = "International Journal for Numerical Methods in
     Engineering" }
 @String{IntNumerEng = "Internat. J. Numer. Methods Engrg." }
 @String{IntSuper = "International Journal of Supercomputing Applications" }
 @String{IntSuper = "Internat. J. Supercomputing Applic." } % didn't find
%% in AMS MR
 @String{Kibernetika = "Kibernetika" }
 @String{JResNatBurStand = "Journal of Research of the National Bureau
     of Standards" }
 @String{JResNatBurStand = "J. Res. Nat. Bur. Standards" }
 @String{LinAlgApp = "Linear Algebra and its Applications" }
 @String{LinAlgApp = "Linear Algebra Appl." }
 @String{MathAnaAppl = "Journal of Mathematical Analysis and Applications" }
 @String{MathAnaAppl = "J. Math. Anal. Appl." }
 @String{MathAnnalen = "Mathematische Annalen" }
 @String{MathAnnalen = "Math. Ann." }
 @String{MathPhys = "Journal of Mathematical Physics" }
 @String{MathPhys = "J. Math. Phys." }
 @String{MathComp = "Mathematics of Computation" }
 @String{MathComp = "Math. Comp." }
 @String{MathScand = "Mathematica Scandinavica" }
 @String{MathScand = "Math. Scand." }
 @String{TablesAidsComp = "Mathematical Tables and Other Aids to Computation" }
 @String{TablesAidsComp = "Math. Tables Aids Comput." }
 @String{NumerMath = "Numerische Mathematik" }
 @String{NumerMath = "Numer. Math." }
 @String{PacificMath = "Pacific Journal of Mathematics" }
 @String{PacificMath = "Pacific J. Math." }
 @String{ParDistComp = "Journal of Parallel and Distributed Computing" }
 @String{ParDistComp = "J. Parallel and Distrib. Comput." } % didn't find
%% in AMS MR
 @String{ParComputing = "Parallel Computing" }
 @String{ParComputing = "Parallel Comput." }
 @String{PhilMag = "Philosophical Magazine" }
 @String{PhilMag = "Philos. Mag." }
 @String{ProcNAS = "Proceedings of the National Academy of Sciences
                    of the USA" }
 @String{ProcNAS = "Proc. Nat. Acad. Sci. U. S. A." }
 @String{Psychometrika = "Psychometrika" }
 @String{QuartMath = "Quarterly Journal of Mathematics, Oxford, Series (2)" }
 @String{QuartMath = "Quart. J. Math. Oxford Ser. (2)" }
 @String{QuartApplMath = "Quarterly of Applied Mathematics" }
 @String{QuartApplMath = "Quart. Appl. Math." }
 @String{RevueInstStat = "Review of the International Statisical Institute" }
 @String{RevueInstStat = "Rev. Inst. Internat. Statist." }

 %SIAM
 @String{JSIAM = "Journal of the Society for Industrial and Applied
     Mathematics" }
 @String{JSIAM = "J. Soc. Indust. Appl. Math." }
 @String{JSIAMB = "Journal of the Society for Industrial and Applied
     Mathematics, Series B, Numerical Analysis" }
 @String{JSIAMB = "J. Soc. Indust. Appl. Math. Ser. B Numer. Anal." }
 @String{SIAMAlgMeth = "{SIAM} Journal on Algebraic and Discrete Methods" }
 @String{SIAMAlgMeth = "{SIAM} J. Algebraic Discrete Methods" }
 @String{SIAMAppMath = "{SIAM} Journal on Applied Mathematics" }
 @String{SIAMAppMath = "{SIAM} J. Appl. Math." }
 @String{SIAMComp = "{SIAM} Journal on Computing" }
 @String{SIAMComp = "{SIAM} J. Comput." }
 @String{SIAMMatrix = "{SIAM} Journal on Matrix Analysis and Applications" }
 @String{SIAMMatrix = "{SIAM} J. Matrix Anal. Appl." }
 @String{SIAMNumAnal = "{SIAM} Journal on Numerical Analysis" }
 @String{SIAMNumAnal = "{SIAM} J. Numer. Anal." }
 @String{SIAMReview = "{SIAM} Review" }
 @String{SIAMReview = "{SIAM} Rev." }
 @String{SIAMSciStat = "{SIAM} Journal on Scientific and Statistical
     Computing" }
 @String{SIAMSciStat = "{SIAM} J. Sci. Statist. Comput." }

 @String{SoftPracExp = "Software Practice and Experience" }
 @String{SoftPracExp = "Software Prac. Experience" } % didn't find in AMS MR
 @String{StatScience = "Statistical Science" }
 @String{StatScience = "Statist. Sci." }
 @String{Techno = "Technometrics" }
 @String{USSRCompMathPhys = "{USSR} Computational Mathematics and Mathematical
     Physics" }
 @String{USSRCompMathPhys = "{U. S. S. R.} Comput. Math. and Math. Phys." }
 @String{VLSICompSys = "Journal of {VLSI} and Computer Systems" }
 @String{VLSICompSys = "J. {VLSI} Comput. Syst." }
 @String{ZAngewMathMech = "Zeitschrift fur Angewandte Mathematik und
     Mechanik" }
 @String{ZAngewMathMech = "Z. Angew. Math. Mech." }
 @String{ZAngewMathPhys = "Zeitschrift fur Angewandte Mathematik und Physik" }
 @String{ZAngewMathPhys = "Z. Angew. Math. Phys." }

% Publishers % ================================================= |

 @String{Academic = "Academic Press" }
 @String{ACMPress = "{ACM} Press" }
 @String{AdamHilger = "Adam Hilger" }
 @String{AddisonWesley = "Addison-Wesley" }
 @String{AllynBacon = "Allyn and Bacon" }
 @String{AMS = "American Mathematical Society" }
 @String{Birkhauser = "Birkha{\"u}ser" }
 @String{CambridgePress = "Cambridge University Press" }
 @String{Chelsea = "Chelsea" }
 @String{ClaredonPress = "Claredon Press" }
 @String{DoverPub = "Dover Publications" }
 @String{Eyolles = "Eyolles" }
 @String{HoltRinehartWinston = "Holt, Rinehart and Winston" }
 @String{Interscience = "Interscience" }
 @String{JohnsHopkinsPress = "The Johns Hopkins University Press" }
 @String{JohnWileySons = "John Wiley and Sons" }
 @String{Macmillan = "Macmillan" }
 @String{MathWorks = "The Math Works Inc." }
 @String{McGrawHill = "McGraw-Hill" }
 @String{NatBurStd = "National Bureau of Standards" }
 @String{NorthHolland = "North-Holland" }
 @String{OxfordPress = "Oxford University Press" }  %address Oxford or London?
 @String{PergamonPress = "Pergamon Press" }
 @String{PlenumPress = "Plenum Press" }
 @String{PrenticeHall = "Prentice-Hall" }
 @String{SIAMPub = "{SIAM} Publications" }
 @String{Springer = "Springer-Verlag" }
 @String{TexasPress = "University of Texas Press" }
 @String{VanNostrand = "Van Nostrand" }
 @String{WHFreeman = "W. H. Freeman and Co." }

%Entries

@article{wang2023modelscope,
  title={Modelscope text-to-video technical report},
  author={Wang, Jiuniu and Yuan, Hangjie and Chen, Dayou and Zhang, Yingya and Wang, Xiang and Zhang, Shiwei},
  journal={arXiv preprint arXiv:2308.06571},
  year={2023}
}

@misc{zeroscope,
  author={cerspense},
  year={2023},
  howpublished = {\url{https://huggingface.co/cerspense/zeroscope_v2_576w}}
}

@article{dreamfusion,
  author = {Poole, Ben and Jain, Ajay and Barron, Jonathan T. and Mildenhall, Ben},
  title = {DreamFusion: Text-to-3D using 2D Diffusion},
  journal = {arXiv},
  year = {2022},
}
@inproceedings{nerf,
 title={NeRF: Representing Scenes as Neural Radiance Fields for View Synthesis},
 author={Ben Mildenhall and Pratul P. Srinivasan and Matthew Tancik and Jonathan T. Barron and Ravi Ramamoorthi and Ren Ng},
 year={2020},
 booktitle={ECCV},
}

@article{singer2023text4d,
  author = {Singer, Uriel and Sheynin, Shelly and Polyak, Adam and Ashual, Oron and
           Makarov, Iurii and Kokkinos, Filippos and Goyal, Naman and Vedaldi, Andrea and
           Parikh, Devi and Johnson, Justin and Taigman, Yaniv},
  title = {Text-To-4D Dynamic Scene Generation},
  journal = {arXiv:2301.11280},
  year = {2023},
}

@article{prolificdreamer,
      title={ProlificDreamer: High-Fidelity and Diverse Text-to-3D Generation with Variational Score Distillation},
      author={Zhengyi Wang and Cheng Lu and Yikai Wang and Fan Bao and Chongxuan Li and Hang Su and Jun Zhu},
      journal={arXiv preprint arXiv:2305.16213},
      year={2023}
}

@article{hertz2023delta, 
    title={Delta Denoising Score},
    author={Hertz, Amir and Aberman, Kfir and Cohen-Or, Daniel},
    booktitle={arXiv preprint arXiv:2304.07090},
    year={2023} }

@article{yatim2023spacetime,
        title = {Space-Time Diffusion Features for Zero-Shot Text-Driven Motion Transfer},
        author = {Yatim, Danah and Fridman, Rafail and Bar-Tal, Omer and Kasten, Yoni and Dekel, Tali},
        journal={arXiv preprint arxiv:2311.17009},
        year={2023}
        }

@article{zhao2023motiondirector,
  title={MotionDirector: Motion Customization of Text-to-Video Diffusion Models},
  author={Zhao, Rui and Gu, Yuchao and Wu, Jay Zhangjie and Zhang, David Junhao and Liu, Jiawei and Wu, Weijia and Keppo, Jussi and Shou, Mike Zheng},
  journal={arXiv preprint arXiv:2310.08465},
  year={2023}
}

@misc{park2024spectral,
      title={Spectral Motion Alignment for Video Motion Transfer using Diffusion Models}, 
      author={Geon Yeong Park and Hyeonho Jeong and Sang Wan Lee and Jong Chul Ye},
      year={2024},
      eprint={2403.15249},
      archivePrefix={arXiv},
      primaryClass={cs.CV}
}

@article{jeong2023vmc,
                title={VMC: Video Motion Customization using Temporal Attention Adaption for Text-to-Video Diffusion Models}, 
                author={Jeong, Hyeonho and Park, Geon Yeong and Ye, Jong Chul},
          	journal={arXiv preprint arXiv:2312.00845},
                year={2023},
        }


@article{tokenflow2023,
        title = {TokenFlow: Consistent Diffusion Features for Consistent Video Editing},
        author = {Geyer, Michal and Bar-Tal, Omer and Bagon, Shai and Dekel, Tali},
        journal={arXiv preprint arxiv:2307.10373},
        year={2023}
        }

@misc{chen2023controlavideo,
        title={Control-A-Video: Controllable Text-to-Video Generation with Diffusion Models}, 
        author={Weifeng Chen and Jie Wu and Pan Xie and Hefeng Wu and Jiashi Li and Xin Xia and Xuefeng Xiao and Liang Lin},
        year={2023},
        eprint={2305.13840},
        archivePrefix={arXiv},
        primaryClass={cs.CV}
    }  

@inproceedings{qiu2024richdreamer,
                  title={Richdreamer: A generalizable normal-depth diffusion model for detail richness in text-to-3d},
                  author={Qiu, Lingteng and Chen, Guanying and Gu, Xiaodong and Zuo, Qi and Xu, Mutian and Wu, Yushuang and Yuan, Weihao and Dong, Zilong and Bo, Liefeng and Han, Xiaoguang},
                  booktitle={Proceedings of the IEEE/CVF Conference on Computer Vision and Pattern Recognition},
                  pages={9914--9925},
                  year={2024}
                }

@article{objaverseXL,
  title={Objaverse-XL: A Universe of 10M+ 3D Objects},
  author={Matt Deitke and Ruoshi Liu and Matthew Wallingford and Huong Ngo and
          Oscar Michel and Aditya Kusupati and Alan Fan and Christian Laforte and
          Vikram Voleti and Samir Yitzhak Gadre and Eli VanderBilt and
          Aniruddha Kembhavi and Carl Vondrick and Georgia Gkioxari and
          Kiana Ehsani and Ludwig Schmidt and Ali Farhadi},
  journal={arXiv preprint arXiv:2307.05663},
  year={2023}
}

@article{qi2023fatezero,
        title={FateZero: Fusing Attentions for Zero-shot Text-based Video Editing}, 
        author={Chenyang Qi and Xiaodong Cun and Yong Zhang and Chenyang Lei and Xintao Wang and Ying Shan and Qifeng Chen},
        year={2023},
        journal={arXiv:2303.09535},
}

@article{Ceylan2023Pix2VideoVE,
  title={Pix2Video: Video Editing using Image Diffusion},
  author={Duygu Ceylan and Chun-Hao Paul Huang and Niloy Jyoti Mitra},
  journal={ArXiv},
  year={2023},
  volume={abs/2303.12688}
}

@article{wu2022tuneavideo,
    title={Tune-A-Video: One-Shot Tuning of Image Diffusion Models for Text-to-Video Generation},
    author={Wu, Jay Zhangjie and Ge, Yixiao and Wang, Xintao and Lei, Stan Weixian and Gu, Yuchao and Hsu, Wynne and Shan, Ying and Qie, Xiaohu and Shou, Mike Zheng},
    journal={arXiv preprint arXiv:2212.11565},
    year={2022}
}  

@article{text2video-zero,
    title={Text2Video-Zero: Text-to-Image Diffusion Models are Zero-Shot Video Generators},
    author={Khachatryan, Levon and Movsisyan, Andranik and Tadevosyan, Vahram and Henschel, Roberto and Wang, Zhangyang and Navasardyan, Shant and Shi, Humphrey},
    journal={arXiv preprint arXiv:2303.13439},
    year={2023}
}

@inproceedings{bar2022text2live,
  title={Text2live: Text-driven layered image and video editing},
  author={Bar-Tal, Omer and Ofri-Amar, Dolev and Fridman, Rafail and Kasten, Yoni and Dekel, Tali},
  booktitle={European Conference on Computer Vision},
  pages={707--723},
  year={2022},
  organization={Springer}
}

@article{lee2023shape,
  title={Shape-aware Text-driven Layered Video Editing},
  author={Lee, Yao-Chih and Jang, Ji-Ze Genevieve and Chen, Yi-Ting and Qiu, Elizabeth and Huang, Jia-Bin},
  journal={arXiv preprint arXiv:2301.13173},
  year={2023}
}

@misc{chang2023diffusionatlas,
      title={DiffusionAtlas: High-Fidelity Consistent Diffusion Video Editing}, 
      author={Shao-Yu Chang and Hwann-Tzong Chen and Tyng-Luh Liu},
      year={2023},
      eprint={2312.03772},
      archivePrefix={arXiv},
      primaryClass={cs.CV}
}

@inproceedings{sohl2015deep,
  title={Deep unsupervised learning using nonequilibrium thermodynamics},
  author={Sohl-Dickstein, Jascha and Weiss, Eric and Maheswaranathan, Niru and Ganguli, Surya},
  booktitle={International Conference on Machine Learning},
  pages={2256--2265},
  year={2015},
  organization={PMLR}
}

@article{ddpm,
  title={Denoising diffusion probabilistic models},
  author={Ho, Jonathan and Jain, Ajay and Abbeel, Pieter},
  journal={Advances in Neural Information Processing Systems},
  year={2020}
}

@inproceedings{song2020_ddim,
  title={Denoising Diffusion Implicit Models},
  author={Song, Jiaming and Meng, Chenlin and Ermon, Stefano},
  booktitle={International Conference on Learning Representations},
  year={2020}
}

@inproceedings{rombach2022high,
  title={High-resolution image synthesis with latent diffusion models},
  author={Rombach, Robin and Blattmann, Andreas and Lorenz, Dominik and Esser, Patrick and Ommer, Bj{\"o}rn},
  booktitle={Proceedings of the IEEE/CVF Conference on Computer Vision and Pattern Recognition},
  pages={10684--10695},
  year={2022}
}
@inproceedings{stable_diffusion,
  title={High-resolution image synthesis with latent diffusion models},
  author={Rombach, Robin and Blattmann, Andreas and Lorenz, Dominik and Esser, Patrick and Ommer, Bj{\"o}rn},
  booktitle={Proceedings of the IEEE/CVF Conference on Computer Vision and Pattern Recognition},
  pages={10684--10695},
  year={2022}
}
@misc{hacohen2024ltxvideorealtimevideolatent,
      title={LTX-Video: Realtime Video Latent Diffusion}, 
      author={Yoav HaCohen and Nisan Chiprut and Benny Brazowski and Daniel Shalem and Dudu Moshe and Eitan Richardson and Eran Levin and Guy Shiran and Nir Zabari and Ori Gordon and Poriya Panet and Sapir Weissbuch and Victor Kulikov and Yaki Bitterman and Zeev Melumian and Ofir Bibi},
      year={2024},
      eprint={2501.00103},
      archivePrefix={arXiv},
      primaryClass={cs.CV},
      url={https://arxiv.org/abs/2501.00103}, 
}

@misc{guo2023animatediff,
  title={AnimateDiff: Animate Your Personalized Text-to-Image Diffusion Models without Specific Tuning},
  author={Yuwei Guo and Ceyuan Yang and Anyi Rao and Zhengyang Liang and Yaohui Wang and Yu Qiao and Maneesh Agrawala and Dahua Lin and Bo Dai},
  booktitle={arXiv preprint arxiv:2307.04725},
  year={2023},
  archivePrefix={arXiv},
  primaryClass={cs.CV}
}

@inproceedings{sd3,
      title={Scaling Rectified Flow Transformers for High-Resolution Image Synthesis}, 
      author={Patrick Esser and Sumith Kulal and Andreas Blattmann and Rahim Entezari and Jonas Müller and Harry Saini and Yam Levi and Dominik Lorenz and Axel Sauer and Frederic Boesel and Dustin Podell and Tim Dockhorn and Zion English and Kyle Lacey and Alex Goodwin and Yannik Marek and Robin Rombach},
      year={2024},
      eprint={2403.03206},
      archivePrefix={arXiv},
      primaryClass={cs.CV},
      url={https://arxiv.org/abs/2403.03206}, 
}
@article{bar2023multidiffusion,
  title={MultiDiffusion: Fusing Diffusion Paths for Controlled Image Generation},
  author={Bar-Tal, Omer and Yariv, Lior and Lipman, Yaron and Dekel, Tali},
  journal={arXiv preprint arXiv:2302.08113},
  year={2023}
}

@inproceedings{dit,
      title={Scalable Diffusion Models with Transformers}, 
      author={William Peebles and Saining Xie},
      year={2023},
      eprint={2212.09748},
      archivePrefix={arXiv},
      primaryClass={cs.CV},
      url={https://arxiv.org/abs/2212.09748}, 
}

@inproceedings{ronneberger2015unet,
  title={U-net: Convolutional networks for biomedical image segmentation},
  author={Ronneberger, Olaf and Fischer, Philipp and Brox, Thomas},
  booktitle={International Conference on Medical image computing and computer-assisted intervention},
  year={2015}
}

@InProceedings{webvid,
  author       = "Max Bain and Arsha Nagrani and G{\"u}l Varol and Andrew Zisserman",
  title        = "Frozen in Time: A Joint Video and Image Encoder for End-to-End Retrieval",
  booktitle    = "IEEE International Conference on Computer Vision",
  year         = "2021",
}

@misc{wang2024internvid,
      title={InternVid: A Large-scale Video-Text Dataset for Multimodal Understanding and Generation}, 
      author={Yi Wang and Yinan He and Yizhuo Li and Kunchang Li and Jiashuo Yu and Xin Ma and Xinhao Li and Guo Chen and Xinyuan Chen and Yaohui Wang and Conghui He and Ping Luo and Ziwei Liu and Yali Wang and Limin Wang and Yu Qiao},
      year={2024},
      eprint={2307.06942},
      archivePrefix={arXiv},
      primaryClass={cs.CV}
}

@article{hong2022cogvideo,
  title={Cogvideo: Large-scale pretraining for text-to-video generation via transformers},
  author={Hong, Wenyi and Ding, Ming and Zheng, Wendi and Liu, Xinghan and Tang, Jie},
  journal={arXiv preprint arXiv:2205.15868},
  year={2022}
}

@article{villegas2022phenaki,
  title={Phenaki: Variable length video generation from open domain textual description},
  author={Villegas, Ruben and Babaeizadeh, Mohammad and Kindermans, Pieter-Jan and Moraldo, Hernan and Zhang, Han and Saffar, Mohammad Taghi and Castro, Santiago and Kunze, Julius and Erhan, Dumitru},
  journal={arXiv preprint arXiv:2210.02399},
  year={2022}
}

@misc{wu2021nuwa,
      title={N\"UWA: Visual Synthesis Pre-training for Neural visUal World creAtion}, 
      author={Chenfei Wu and Jian Liang and Lei Ji and Fan Yang and Yuejian Fang and Daxin Jiang and Nan Duan},
      year={2021},
      eprint={2111.12417},
      archivePrefix={arXiv},
      primaryClass={cs.CV}
}

@misc{kondratyuk2024videopoet,
      title={VideoPoet: A Large Language Model for Zero-Shot Video Generation}, 
      author={Dan Kondratyuk and Lijun Yu and Xiuye Gu and José Lezama and Jonathan Huang and Grant Schindler and Rachel Hornung and Vighnesh Birodkar and Jimmy Yan and Ming-Chang Chiu and Krishna Somandepalli and Hassan Akbari and Yair Alon and Yong Cheng and Josh Dillon and Agrim Gupta and Meera Hahn and Anja Hauth and David Hendon and Alonso Martinez and David Minnen and Mikhail Sirotenko and Kihyuk Sohn and Xuan Yang and Hartwig Adam and Ming-Hsuan Yang and Irfan Essa and Huisheng Wang and David A. Ross and Bryan Seybold and Lu Jiang},
      year={2024},
      eprint={2312.14125},
      archivePrefix={arXiv},
      primaryClass={cs.CV}
}
@article{videodoodles,
  author = {Yu, Emilie and Blackburn-Matzen, Kevin and Nguyen, Cuong and Wang, Oliver and Habib Kazi, Rubaiat and Bousseau, Adrien},
  title = {VideoDoodles: Hand-Drawn Animations on Videos with Scene-Aware Canvases},
  year = {2023},
  publisher = {Association for Computing Machinery},
  doi = {10.1145/3592413},
  journal = {ACM Trans. Graph.},
  articleno = {54},
  numpages = {12},
}

@article{davis,
  title={The 2017 davis challenge on video object segmentation},
  author={Pont-Tuset, Jordi and Perazzi, Federico and Caelles, Sergi and Arbel{\'a}ez, Pablo and Sorkine-Hornung, Alex and Van Gool, Luc},
  journal={arXiv preprint arXiv:1704.00675},
  year={2017}
}
@misc{genmo2024mochi,
      title={Mochi 1},
      author={Genmo Team},
      year={2024},
      publisher = {GitHub},
      journal = {GitHub repository},
      howpublished={\url{https://github.com/genmoai/models}}
}
@misc{kong2025hunyuanvideosystematicframeworklarge,
      title={HunyuanVideo: A Systematic Framework For Large Video Generative Models}, 
      author={Weijie Kong and Qi Tian and Zijian Zhang and Rox Min and Zuozhuo Dai and Jin Zhou and Jiangfeng Xiong and Xin Li and Bo Wu and Jianwei Zhang and Kathrina Wu and Qin Lin and Junkun Yuan and Yanxin Long and Aladdin Wang and Andong Wang and Changlin Li and Duojun Huang and Fang Yang and Hao Tan and Hongmei Wang and Jacob Song and Jiawang Bai and Jianbing Wu and Jinbao Xue and Joey Wang and Kai Wang and Mengyang Liu and Pengyu Li and Shuai Li and Weiyan Wang and Wenqing Yu and Xinchi Deng and Yang Li and Yi Chen and Yutao Cui and Yuanbo Peng and Zhentao Yu and Zhiyu He and Zhiyong Xu and Zixiang Zhou and Zunnan Xu and Yangyu Tao and Qinglin Lu and Songtao Liu and Dax Zhou and Hongfa Wang and Yong Yang and Di Wang and Yuhong Liu and Jie Jiang and Caesar Zhong},
      year={2025},
      eprint={2412.03603},
      archivePrefix={arXiv},
      primaryClass={cs.CV},
      url={https://arxiv.org/abs/2412.03603}, 
}
@misc{make_a_video,
  author = {Singer, Uriel and Polyak, Adam and Hayes, Thomas and Yin, Xi and An, Jie and Zhang, Songyang and Hu, Qiyuan and Yang, Harry and Ashual, Oron and Gafni, Oran and Parikh, Devi and Gupta, Sonal and Taigman, Yaniv},
  title = {Make-A-Video: Text-to-Video Generation without Text-Video Data},
  publisher = {arXiv},
  year = {2022},
}

@article{ho2022imagen_video,
  title={Imagen video: High definition video generation with diffusion models},
  author={Ho, Jonathan and Chan, William and Saharia, Chitwan and Whang, Jay and Gao, Ruiqi and Gritsenko, Alexey and Kingma, Diederik P and Poole, Ben and Norouzi, Mohammad and Fleet, David J and others},
  journal={arXiv preprint arXiv:2210.02303},
  year={2022}
}

@misc{bartal2024lumiere,
      title={Lumiere: A Space-Time Diffusion Model for Video Generation}, 
      author={Omer Bar-Tal and Hila Chefer and Omer Tov and Charles Herrmann and Roni Paiss and Shiran Zada and Ariel Ephrat and Junhwa Hur and Guanghui Liu and Amit Raj and Yuanzhen Li and Michael Rubinstein and Tomer Michaeli and Oliver Wang and Deqing Sun and Tali Dekel and Inbar Mosseri},
      year={2024},
      eprint={2401.12945},
      archivePrefix={arXiv},
      primaryClass={cs.CV}
}
@software{opensora,
  author = {Zangwei Zheng and Xiangyu Peng and Tianji Yang and Chenhui Shen and Shenggui Li and Hongxin Liu and Yukun Zhou and Tianyi Li and Yang You},
  title = {Open-Sora: Democratizing Efficient Video Production for All},
  month = {March},
  year = {2024},
  url = {https://github.com/hpcaitech/Open-Sora}
}
@article{tokenflow2023,
        title = {TokenFlow: Consistent Diffusion Features for Consistent Video Editing},
        author = {Geyer, Michal and Bar-Tal, Omer and Bagon, Shai and Dekel, Tali},
        journal={arXiv preprint arxiv:2307.10373},
        year={2023}
        }

@misc{sora,
      title={Sora: Creating video from text}, 
      author={OpenAI},
      year={2024},
}
@misc{zhang2023show1,
      title={Show-1: Marrying Pixel and Latent Diffusion Models for Text-to-Video Generation}, 
      author={David Junhao Zhang and Jay Zhangjie Wu and Jia-Wei Liu and Rui Zhao and Lingmin Ran and Yuchao Gu and Difei Gao and Mike Zheng Shou},
      year={2023},
      eprint={2309.15818},
      archivePrefix={arXiv},
      primaryClass={cs.CV}
}

@misc{guo2023animatediff,
  title={AnimateDiff: Animate Your Personalized Text-to-Image Diffusion Models without Specific Tuning},
  author={Yuwei Guo and Ceyuan Yang and Anyi Rao and Zhengyang Liang and Yaohui Wang and Yu Qiao and Maneesh Agrawala and Dahua Lin and Bo Dai},
  booktitle={arXiv preprint arxiv:2307.04725},
  year={2023},
  archivePrefix={arXiv},
  primaryClass={cs.CV}
}

@misc{blattmann2023align,
      title={Align your Latents: High-Resolution Video Synthesis with Latent Diffusion Models}, 
      author={Andreas Blattmann and Robin Rombach and Huan Ling and Tim Dockhorn and Seung Wook Kim and Sanja Fidler and Karsten Kreis},
      year={2023},
      eprint={2304.08818},
      archivePrefix={arXiv},
      primaryClass={cs.CV}
}

@misc{girdhar2023emu,
      title={Emu Video: Factorizing Text-to-Video Generation by Explicit Image Conditioning}, 
      author={Rohit Girdhar and Mannat Singh and Andrew Brown and Quentin Duval and Samaneh Azadi and Sai Saketh Rambhatla and Akbar Shah and Xi Yin and Devi Parikh and Ishan Misra},
      year={2023},
      eprint={2311.10709},
      archivePrefix={arXiv},
      primaryClass={cs.CV}
}

@misc{harvey2022flexible,
      title={Flexible Diffusion Modeling of Long Videos}, 
      author={William Harvey and Saeid Naderiparizi and Vaden Masrani and Christian Weilbach and Frank Wood},
      year={2022},
      eprint={2205.11495},
      archivePrefix={arXiv},
      primaryClass={cs.CV}
}
@software{unrealengine,
  author = {{Epic Games}},
  title = {Unreal Engine},
  url = {https://www.unrealengine.com},
  version = {4.22.1},
  date = {2019-04-25},
}

@Manual{blender,
   title = {Blender - a 3D modelling and rendering package},
   author = {Blender Online Community},
   organization = {Blender Foundation},
   address = {Stichting Blender Foundation, Amsterdam},
   year = {2018},
   url = {http://www.blender.org},
 }
@software{maya,
  author = {{Autodesk, INC.}},
  title = {Maya},
  url = {https:/ autodesk.com/maya},
  version = {2019},
  date = {2019-01-15},
}

@article{gen1,
  title={Structure and Content-Guided Video Synthesis with Diffusion Models},
  author={Esser, Patrick and Chiu, Johnathan and Atighehchian, Parmida and Granskog, Jonathan and Germanidis, Anastasis},
  journal={arXiv preprint arXiv:2302.03011},
  year={2023}
}

@misc{lu2021layered,
      title={Layered Neural Rendering for Retiming People in Video}, 
      author={Erika Lu and Forrester Cole and Tali Dekel and Weidi Xie and Andrew Zisserman and David Salesin and William T. Freeman and Michael Rubinstein},
      year={2021},
      eprint={2009.07833},
      archivePrefix={arXiv},
      primaryClass={cs.CV}
}

@misc{lu2021omnimatte,
      title={Omnimatte: Associating Objects and Their Effects in Video}, 
      author={Erika Lu and Forrester Cole and Tali Dekel and Andrew Zisserman and William T. Freeman and Michael Rubinstein},
      year={2021},
      eprint={2105.06993},
      archivePrefix={arXiv},
      primaryClass={cs.CV}
}

@article{yang2024cogvideox,
  title={CogVideoX: Text-to-Video Diffusion Models with An Expert Transformer},
  author={Yang, Zhuoyi and Teng, Jiayan and Zheng, Wendi and Ding, Ming and Huang, Shiyu and Xu, Jiazheng and Yang, Yuanming and Hong, Wenyi and Zhang, Xiaohan and Feng, Guanyu and others},
  journal={arXiv preprint arXiv:2408.06072},
  year={2024}
}

@article{hive,
  title={HIVE: Harnessing Human Feedback for Instructional Visual Editing},
  author={Shu Zhang and Xinyi Yang and Yihao Feng and Can Qin and Chia-Chih Chen and Ning Yu and Zeyuan Chen and Haiquan Wang and Silvio Savarese and Stefano Ermon and Caiming Xiong and Ran Xu},
  journal={2024 IEEE/CVF Conference on Computer Vision and Pattern Recognition (CVPR)},
  year={2023},
  pages={9026-9036},
  url={https://api.semanticscholar.org/CorpusID:257622925}
}

@article{Wasserman2024PaintBI,
  title={Paint by Inpaint: Learning to Add Image Objects by Removing Them First},
  author={Navve Wasserman and Noam Rotstein and Roy Ganz and Ron Kimmel},
  journal={ArXiv},
  year={2024},
  volume={abs/2404.18212},
  url={https://api.semanticscholar.org/CorpusID:269449302}
}

@inproceedings{Zhang2023MagicBrush,
      title={MagicBrush: A Manually Annotated Dataset for Instruction-Guided Image Editing},
      author={Kai Zhang and Lingbo Mo and Wenhu Chen and Huan Sun and Yu Su},
      booktitle={Advances in Neural Information Processing Systems},
      year={2023}
    }

@inproceedings{Sheynin2023EmuEP,
  title={Emu Edit: Precise Image Editing via Recognition and Generation Tasks},
  author={Shelly Sheynin and Adam Polyak and Uriel Singer and Yuval Kirstain and Amit Zohar and Oron Ashual and Devi Parikh and Yaniv Taigman},
  year={2023},
  url={https://api.semanticscholar.org/CorpusID:265221391}
}

@article{erasedraw-24,
  title={EraseDraw: Learning to Draw Step-by-Step via Erasing Objects from Images},
  author={Canberk, Alper and Bondarenko, Maksym and Ozguroglu, Ege and Liu, Ruoshi and Vondrick, Carl},
  booktitle={ECCV 2024},
  year={2024}
}		

@misc{po2023stateartdiffusionmodels,
      title={State of the Art on Diffusion Models for Visual Computing}, 
      author={Ryan Po and Wang Yifan and Vladislav Golyanik and Kfir Aberman and Jonathan T. Barron and Amit H. Bermano and Eric Ryan Chan and Tali Dekel and Aleksander Holynski and Angjoo Kanazawa and C. Karen Liu and Lingjie Liu and Ben Mildenhall and Matthias Nießner and Björn Ommer and Christian Theobalt and Peter Wonka and Gordon Wetzstein},
      year={2023},
      eprint={2310.07204},
      archivePrefix={arXiv},
      primaryClass={cs.AI},
      url={https://arxiv.org/abs/2310.07204}, 
}

@book{christiansen2013adobe,
  title={Adobe After Effects CC Visual Effects and Compositing Studio Techniques},
  author={Christiansen, Mark},
  year={2013},
  publisher={Adobe Press}
}

@InProceedings{brooks2022instructpix2pix,
    author     = {Brooks, Tim and Holynski, Aleksander and Efros, Alexei A.},
    title      = {InstructPix2Pix: Learning to Follow Image Editing Instructions},
    booktitle  = {CVPR},
    year       = {2023},
}

@misc{winter2024objectdrop,
      title={ObjectDrop: Bootstrapping Counterfactuals for Photorealistic Object Removal and Insertion},
      author={Daniel Winter and Matan Cohen and Shlomi Fruchter and Yael Pritch and Alex Rav-Acha and Yedid Hoshen},
      year={2024},
      eprint={2403.18818},
      archivePrefix={arXiv},
      primaryClass={cs.CV}
}


@misc{raffel2023exploringlimitstransferlearning,
      title={Exploring the Limits of Transfer Learning with a Unified Text-to-Text Transformer}, 
      author={Colin Raffel and Noam Shazeer and Adam Roberts and Katherine Lee and Sharan Narang and Michael Matena and Yanqi Zhou and Wei Li and Peter J. Liu},
      year={2023},
      eprint={1910.10683},
      archivePrefix={arXiv},
      primaryClass={cs.LG},
      url={https://arxiv.org/abs/1910.10683}, 
}

@article{achiam2023gpt4,
  title={Gpt-4 technical report},
  author={Achiam, Josh and Adler, Steven and Agarwal, Sandhini and Ahmad, Lama and Akkaya, Ilge and Aleman, Florencia Leoni and Almeida, Diogo and Altenschmidt, Janko and Altman, Sam and Anadkat, Shyamal and others},
  journal={arXiv preprint arXiv:2303.08774},
  year={2023}
}

@software{gen3,
  author = {{R Team, Runway}},
  title = {Platform for AI-powered video editing and
generative media creation.},
  url = {https://runwayml.com},
  date = {2024},
}

@software{houdini,
  author = {{SideFX Houdini FX. SideFX}},
  title = {Side Effects Software Inc.},
  url = {https://sidefx.com},
  date = {2018},
}


@misc{polyak2024movie,
    title={Movie Gen: A Cast of Media Foundation Models},
    author={Adam Polyak and Amit Zohar and Andrew Brown and Andros Tjandra and Animesh Sinha and Ann Lee and Apoorv Vyas and Bowen Shi and Chih-Yao Ma and Ching-Yao Chuang and David Yan and Dhruv Choudhary and Dingkang Wang and Geet Sethi and Guan Pang and Haoyu Ma and Ishan Misra and Ji Hou and Jialiang Wang and Kiran Jagadeesh and Kunpeng Li and Luxin Zhang and Mannat Singh and Mary Williamson and Matt Le and Matthew Yu and Mitesh Kumar Singh and Peizhao Zhang and Peter Vajda and Quentin Duval and Rohit Girdhar and Roshan Sumbaly and Sai Saketh Rambhatla and Sam Tsai and Samaneh Azadi and Samyak Datta and Sanyuan Chen and Sean Bell and Sharadh Ramaswamy and Shelly Sheynin and Siddharth Bhattacharya and Simran Motwani and Tao Xu and Tianhe Li and Tingbo Hou and Wei-Ning Hsu and Xi Yin and Xiaoliang Dai and Yaniv Taigman and Yaqiao Luo and Yen-Cheng Liu and Yi-Chiao Wu and Yue Zhao and Yuval Kirstain and Zecheng He and Zijian He and Albert Pumarola and Ali Thabet and Artsiom Sanakoyeu and Arun Mallya and Baishan Guo and Boris Araya and Breena Kerr and Carleigh Wood and Ce Liu and Cen Peng and Dimitry Vengertsev and Edgar Schonfeld and Elliot Blanchard and Felix Juefei-Xu and Fraylie Nord and Jeff Liang and John Hoffman and Jonas Kohler and Kaolin Fire and Karthik Sivakumar and Lawrence Chen and Licheng Yu and Luya Gao and Markos Georgopoulos and Rashel Moritz and Sara K. Sampson and Shikai Li and Simone Parmeggiani and Steve Fine and Tara Fowler and Vladan Petrovic and Yuming Du},
    year={2024},
    eprint={2410.13720},
    archivePrefix={arXiv},
    primaryClass={cs.CV}
}
@article{Tewel2024AdditTO,
  title={Add-it: Training-Free Object Insertion in Images With Pretrained Diffusion Models},
  author={Yoad Tewel and Rinon Gal and Dvir Samuel Yuval Atzmon and Lior Wolf and Gal Chechik},
  journal={ArXiv},
  year={2024},
  volume={abs/2411.07232},
  url={https://api.semanticscholar.org/CorpusID:273962996}
}

@article{Wang2023VideoComposerCV,
  title={VideoComposer: Compositional Video Synthesis with Motion Controllability},
  author={Xiang Wang and Hangjie Yuan and Shiwei Zhang and Dayou Chen and Jiuniu Wang and Yingya Zhang and Yujun Shen and Deli Zhao and Jingren Zhou},
  journal={ArXiv},
  year={2023},
  volume={abs/2306.02018},
  url={https://api.semanticscholar.org/CorpusID:259075720}
}

@article{Chen2023ControlAVideoCT,
  title={Control-A-Video: Controllable Text-to-Video Generation with Diffusion Models},
  author={Weifeng Chen and Jie Wu and Pan Xie and Hefeng Wu and Jiashi Li and Xin Xia and Xuefeng Xiao and Liang-Jin Lin},
  journal={ArXiv},
  year={2023},
  volume={abs/2305.13840},
  url={https://api.semanticscholar.org/CorpusID:258841645}
}

@InProceedings{zhou2023propainter,
      title     = {{ProPainter}: Improving Propagation and Transformer for Video Inpainting},
      author    = {Zhou, Shangchen and Li, Chongyi and Chan, Kelvin C.K and Loy, Chen Change},
      booktitle = {Proceedings of IEEE International Conference on Computer Vision (ICCV)},
      year      = {2023}
    }

@inproceedings{Ma2024VidPanosGP,
  title={VidPanos: Generative Panoramic Videos from Casual Panning Videos},
  author={Jingwei Ma and Erika Lu and Roni Paiss and Shiran Zada and Aleksander Holynski and Tali Dekel and Brian Curless and Michael Rubinstein and Forrester Cole},
  booktitle={ACM SIGGRAPH Conference and Exhibition on Computer Graphics and Interactive Techniques in Asia},
  year={2024},
  url={https://api.semanticscholar.org/CorpusID:273403638}
}

@article{Zhang2023AVIDAV,
  title={AVID: Any-Length Video Inpainting with Diffusion Model},
  author={Zhixing Zhang and Bichen Wu and Xiaoyan Wang and Yaqiao Luo and Luxin Zhang and Yinan Zhao and P{\'e}ter Vajda and Dimitris N. Metaxas and Licheng Yu},
  journal={2024 IEEE/CVF Conference on Computer Vision and Pattern Recognition (CVPR)},
  year={2023},
  pages={7162-7172},
  url={https://api.semanticscholar.org/CorpusID:266055411}
}

@article{Zi2024CoCoCoIT,
  title={CoCoCo: Improving Text-Guided Video Inpainting for Better Consistency, Controllability and Compatibility},
  author={Bojia Zi and Shihao Zhao and Xianbiao Qi and Jianan Wang and Yukai Shi and Qianyu Chen and Bin Liang and Kam-Fai Wong and Lei Zhang},
  journal={ArXiv},
  year={2024},
  volume={abs/2403.12035},
  url={https://api.semanticscholar.org/CorpusID:268532447}
}

@article{generative-omnimatte,
  author    = {Lee, Yao-Chih and Lu, Erika and Rumbley, Sarah and Geyer, Michal and Huang, Jia-Bin and Dekel, Tali and Cole, Forrester},
  title     = {Generative Omnimatte: Learning to Decompose Video into Layers},
  journal   = {arXiv preprint arXiv:2411.16683},
  year      = {2024},
}

@article{Chen2024Panda70MC7,
  title={Panda-70M: Captioning 70M Videos with Multiple Cross-Modality Teachers},
  author={Tsai-Shien Chen and Aliaksandr Siarohin and Willi Menapace and Ekaterina Deyneka and Hsiang-wei Chao and Byung Eun Jeon and Yuwei Fang and Hsin-Ying Lee and Jian Ren and Ming-Hsuan Yang and S. Tulyakov},
  journal={2024 IEEE/CVF Conference on Computer Vision and Pattern Recognition (CVPR)},
  year={2024},
  pages={13320-13331},
  url={https://api.semanticscholar.org/CorpusID:268091168}
}

@inproceedings{Lin2023VideoDirectorGPT,
        author = {Han Lin and Abhay Zala and Jaemin Cho and Mohit Bansal},
        title = {VideoDirectorGPT: Consistent Multi-Scene Video Generation via LLM-Guided Planning},
        year = {2024},
        booktitle = {COLM},
}

@article{lian2023llmgroundedvideo,
    title={LLM-grounded Video Diffusion Models}, 
    author={Lian, Long and Shi, Baifeng and Yala, Adam and Darrell, Trevor and Li, Boyi},
    journal={arXiv preprint arXiv:2309.17444},
    year={2023}
}



@article{hsu2024autovfx,
    title={AutoVFX: Physically Realistic Video Editing from Natural Language Instructions},
    author={Hsu, Hao-Yu and Lin, Zhi-Hao and Zhai, Albert and Xia, Hongchi and Wang, Shenlong},
    journal={arXiv preprint arXiv:2411.02394},
    year={2024}
}

@article{Su2021RoFormerETrope,
  title={RoFormer: Enhanced Transformer with Rotary Position Embedding},
  author={Jianlin Su and Yu Lu and Shengfeng Pan and Bo Wen and Yunfeng Liu},
  journal={ArXiv},
  year={2021},
  volume={abs/2104.09864},
  url={https://api.semanticscholar.org/CorpusID:233307138}
}



@inproceedings{Vaswani2017AttentionIA,
  title={Attention is All you Need},
  author={Ashish Vaswani and Noam M. Shazeer and Niki Parmar and Jakob Uszkoreit and Llion Jones and Aidan N. Gomez and Lukasz Kaiser and Illia Polosukhin},
  booktitle={Neural Information Processing Systems},
  year={2017},
  url={https://api.semanticscholar.org/CorpusID:13756489}
}

@misc{gal2021stylegannada,
      title={StyleGAN-NADA: CLIP-Guided Domain Adaptation of Image Generators},
      author={Rinon Gal and Or Patashnik and Haggai Maron and Gal Chechik and Daniel Cohen-Or},
      year={2021},
      eprint={2108.00946},
      archivePrefix={arXiv},
      primaryClass={cs.CV}
}

@inproceedings{clip,
  title={Learning Transferable Visual Models From Natural Language Supervision},
  author={Alec Radford and Jong Wook Kim and Chris Hallacy and Aditya Ramesh and Gabriel Goh and Sandhini Agarwal and Girish Sastry and Amanda Askell and Pamela Mishkin and Jack Clark and Gretchen Krueger and Ilya Sutskever},
  booktitle={International Conference on Machine Learning},
  year={2021},
  url={https://api.semanticscholar.org/CorpusID:231591445}
}

@article{Ravi2024SAM2S,
  title={SAM 2: Segment Anything in Images and Videos},
  author={Nikhila Ravi and Valentin Gabeur and Yuan-Ting Hu and Ronghang Hu and Chaitanya K. Ryali and Tengyu Ma and Haitham Khedr and Roman R{\"a}dle and Chlo{\'e} Rolland and Laura Gustafson and Eric Mintun and Junting Pan and Kalyan Vasudev Alwala and Nicolas Carion and Chao-Yuan Wu and Ross B. Girshick and Piotr Doll'ar and Christoph Feichtenhofer},
  journal={ArXiv},
  year={2024},
  volume={abs/2408.00714},
  url={https://api.semanticscholar.org/CorpusID:271601113}
}

@article{zhang2024evfsamearlyvisionlanguagefusion,
      title={EVF-SAM: Early Vision-Language Fusion for Text-Prompted Segment Anything Model}, 
      author={Yuxuan Zhang and Tianheng Cheng and Rui Hu and Lei Liu and Heng Liu and Longjin Ran and Xiaoxin Chen and Wenyu Liu and Xinggang Wang},
      year={2024},
      eprint={2406.20076},
      archivePrefix={arXiv},
      primaryClass={cs.CV},
      url={https://arxiv.org/abs/2406.20076}, 
}

@article{Wu2024ACS,
  title={A Comprehensive Study of Multimodal Large Language Models for Image Quality Assessment},
  author={Tianhe Wu and Kede Ma and Jie-Kai Liang and Yujiu Yang and Lei Zhang},
  journal={ArXiv},
  year={2024},
  volume={abs/2403.10854},
  url={https://api.semanticscholar.org/CorpusID:268513482}
}

@misc{lora,
      title={LoRA: Low-Rank Adaptation of Large Language Models}, 
      author={Edward J. Hu and Yelong Shen and Phillip Wallis and Zeyuan Allen-Zhu and Yuanzhi Li and Shean Wang and Lu Wang and Weizhu Chen},
      year={2021},
      eprint={2106.09685},
      archivePrefix={arXiv},
      primaryClass={cs.CL},
      url={https://arxiv.org/abs/2106.09685}, 
}

@inproceedings{Guo2024MagicVFXVE,
  title={MagicVFX: Visual Effects Synthesis in Just Minutes},
  author={Jiaqi Guo and Lianli Gao and Junchen Zhu and Jiaxin Zhang and Siyang Li and Jingkuan Song},
  booktitle={ACM Multimedia},
  year={2024},
  url={https://api.semanticscholar.org/CorpusID:273642722}
}

@inproceedings{
      meng2022sdedit,
      title={{SDE}dit: Guided Image Synthesis and Editing with Stochastic Differential Equations},
      author={Chenlin Meng and Yutong He and Yang Song and Jiaming Song and Jiajun Wu and Jun-Yan Zhu and Stefano Ermon},
      booktitle={International Conference on Learning Representations},
      year={2022},
}


@InProceedings{Tumanyan_2023_CVPR,
        author    = {Tumanyan, Narek and Geyer, Michal and Bagon, Shai and Dekel, Tali},
        title     = {Plug-and-Play Diffusion Features for Text-Driven Image-to-Image Translation},
        booktitle = {Proceedings of the IEEE/CVF Conference on Computer Vision and Pattern Recognition (CVPR)},
        month     = {June},
        year      = {2023},
        pages     = {1921-1930}
    }       

@article{adam,
  title={Adam: A Method for Stochastic Optimization},
  author={Diederik P. Kingma and Jimmy Ba},
  journal={CoRR},
  year={2014},
  volume={abs/1412.6980}
}