@article{Chen2023ControlAVideoCT,
  title={Control-A-Video: Controllable Text-to-Video Generation with Diffusion Models},
  author={Weifeng Chen and Jie Wu and Pan Xie and Hefeng Wu and Jiashi Li and Xin Xia and Xuefeng Xiao and Liang-Jin Lin},
  journal={ArXiv},
  year={2023},
  volume={abs/2305.13840},
  url={https://api.semanticscholar.org/CorpusID:258841645}
}

@article{Chen2024Panda70MC7,
  title={Panda-70M: Captioning 70M Videos with Multiple Cross-Modality Teachers},
  author={Tsai-Shien Chen and Aliaksandr Siarohin and Willi Menapace and Ekaterina Deyneka and Hsiang-wei Chao and Byung Eun Jeon and Yuwei Fang and Hsin-Ying Lee and Jian Ren and Ming-Hsuan Yang and S. Tulyakov},
  journal={2024 IEEE/CVF Conference on Computer Vision and Pattern Recognition (CVPR)},
  year={2024},
  pages={13320-13331},
  url={https://api.semanticscholar.org/CorpusID:268091168}
}

@inproceedings{Lin2023VideoDirectorGPT,
        author = {Han Lin and Abhay Zala and Jaemin Cho and Mohit Bansal},
        title = {VideoDirectorGPT: Consistent Multi-Scene Video Generation via LLM-Guided Planning},
        year = {2024},
        booktitle = {COLM},
}

@inproceedings{Ma2024VidPanosGP,
  title={VidPanos: Generative Panoramic Videos from Casual Panning Videos},
  author={Jingwei Ma and Erika Lu and Roni Paiss and Shiran Zada and Aleksander Holynski and Tali Dekel and Brian Curless and Michael Rubinstein and Forrester Cole},
  booktitle={ACM SIGGRAPH Conference and Exhibition on Computer Graphics and Interactive Techniques in Asia},
  year={2024},
  url={https://api.semanticscholar.org/CorpusID:273403638}
}

@inproceedings{Sheynin2023EmuEP,
  title={Emu Edit: Precise Image Editing via Recognition and Generation Tasks},
  author={Shelly Sheynin and Adam Polyak and Uriel Singer and Yuval Kirstain and Amit Zohar and Oron Ashual and Devi Parikh and Yaniv Taigman},
  year={2023},
  url={https://api.semanticscholar.org/CorpusID:265221391}
}

@article{Tewel2024AdditTO,
  title={Add-it: Training-Free Object Insertion in Images With Pretrained Diffusion Models},
  author={Yoad Tewel and Rinon Gal and Dvir Samuel Yuval Atzmon and Lior Wolf and Gal Chechik},
  journal={ArXiv},
  year={2024},
  volume={abs/2411.07232},
  url={https://api.semanticscholar.org/CorpusID:273962996}
}

@article{Wang2023VideoComposerCV,
  title={VideoComposer: Compositional Video Synthesis with Motion Controllability},
  author={Xiang Wang and Hangjie Yuan and Shiwei Zhang and Dayou Chen and Jiuniu Wang and Yingya Zhang and Yujun Shen and Deli Zhao and Jingren Zhou},
  journal={ArXiv},
  year={2023},
  volume={abs/2306.02018},
  url={https://api.semanticscholar.org/CorpusID:259075720}
}

@article{Wasserman2024PaintBI,
  title={Paint by Inpaint: Learning to Add Image Objects by Removing Them First},
  author={Navve Wasserman and Noam Rotstein and Roy Ganz and Ron Kimmel},
  journal={ArXiv},
  year={2024},
  volume={abs/2404.18212},
  url={https://api.semanticscholar.org/CorpusID:269449302}
}

@article{Zhang2023AVIDAV,
  title={AVID: Any-Length Video Inpainting with Diffusion Model},
  author={Zhixing Zhang and Bichen Wu and Xiaoyan Wang and Yaqiao Luo and Luxin Zhang and Yinan Zhao and P{\'e}ter Vajda and Dimitris N. Metaxas and Licheng Yu},
  journal={2024 IEEE/CVF Conference on Computer Vision and Pattern Recognition (CVPR)},
  year={2023},
  pages={7162-7172},
  url={https://api.semanticscholar.org/CorpusID:266055411}
}

@inproceedings{Zhang2023MagicBrush,
      title={MagicBrush: A Manually Annotated Dataset for Instruction-Guided Image Editing},
      author={Kai Zhang and Lingbo Mo and Wenhu Chen and Huan Sun and Yu Su},
      booktitle={Advances in Neural Information Processing Systems},
      year={2023}
    }

@article{Zi2024CoCoCoIT,
  title={CoCoCo: Improving Text-Guided Video Inpainting for Better Consistency, Controllability and Compatibility},
  author={Bojia Zi and Shihao Zhao and Xianbiao Qi and Jianan Wang and Yukai Shi and Qianyu Chen and Bin Liang and Kam-Fai Wong and Lei Zhang},
  journal={ArXiv},
  year={2024},
  volume={abs/2403.12035},
  url={https://api.semanticscholar.org/CorpusID:268532447}
}

@misc{bartal2024lumiere,
      title={Lumiere: A Space-Time Diffusion Model for Video Generation}, 
      author={Omer Bar-Tal and Hila Chefer and Omer Tov and Charles Herrmann and Roni Paiss and Shiran Zada and Ariel Ephrat and Junhwa Hur and Guanghui Liu and Amit Raj and Yuanzhen Li and Michael Rubinstein and Tomer Michaeli and Oliver Wang and Deqing Sun and Tali Dekel and Inbar Mosseri},
      year={2024},
      eprint={2401.12945},
      archivePrefix={arXiv},
      primaryClass={cs.CV}
}

@Manual{blender,
   title = {Blender - a 3D modelling and rendering package},
   author = {Blender Online Community},
   organization = {Blender Foundation},
   address = {Stichting Blender Foundation, Amsterdam},
   year = {2018},
   url = {http://www.blender.org},
 }

@InProceedings{brooks2022instructpix2pix,
    author     = {Brooks, Tim and Holynski, Aleksander and Efros, Alexei A.},
    title      = {InstructPix2Pix: Learning to Follow Image Editing Instructions},
    booktitle  = {CVPR},
    year       = {2023},
}

@book{christiansen2013adobe,
  title={Adobe After Effects CC Visual Effects and Compositing Studio Techniques},
  author={Christiansen, Mark},
  year={2013},
  publisher={Adobe Press}
}

@inproceedings{dit,
      title={Scalable Diffusion Models with Transformers}, 
      author={William Peebles and Saining Xie},
      year={2023},
      eprint={2212.09748},
      archivePrefix={arXiv},
      primaryClass={cs.CV},
      url={https://arxiv.org/abs/2212.09748}, 
}

@article{erasedraw-24,
  title={EraseDraw: Learning to Draw Step-by-Step via Erasing Objects from Images},
  author={Canberk, Alper and Bondarenko, Maksym and Ozguroglu, Ege and Liu, Ruoshi and Vondrick, Carl},
  booktitle={ECCV 2024},
  year={2024}
}

@article{generative-omnimatte,
  author    = {Lee, Yao-Chih and Lu, Erika and Rumbley, Sarah and Geyer, Michal and Huang, Jia-Bin and Dekel, Tali and Cole, Forrester},
  title     = {Generative Omnimatte: Learning to Decompose Video into Layers},
  journal   = {arXiv preprint arXiv:2411.16683},
  year      = {2024},
}

@misc{guo2023animatediff,
  title={AnimateDiff: Animate Your Personalized Text-to-Image Diffusion Models without Specific Tuning},
  author={Yuwei Guo and Ceyuan Yang and Anyi Rao and Zhengyang Liang and Yaohui Wang and Yu Qiao and Maneesh Agrawala and Dahua Lin and Bo Dai},
  booktitle={arXiv preprint arxiv:2307.04725},
  year={2023},
  archivePrefix={arXiv},
  primaryClass={cs.CV}
}

@misc{hacohen2024ltxvideorealtimevideolatent,
      title={LTX-Video: Realtime Video Latent Diffusion}, 
      author={Yoav HaCohen and Nisan Chiprut and Benny Brazowski and Daniel Shalem and Dudu Moshe and Eitan Richardson and Eran Levin and Guy Shiran and Nir Zabari and Ori Gordon and Poriya Panet and Sapir Weissbuch and Victor Kulikov and Yaki Bitterman and Zeev Melumian and Ofir Bibi},
      year={2024},
      eprint={2501.00103},
      archivePrefix={arXiv},
      primaryClass={cs.CV},
      url={https://arxiv.org/abs/2501.00103}, 
}

@article{hive,
  title={HIVE: Harnessing Human Feedback for Instructional Visual Editing},
  author={Shu Zhang and Xinyi Yang and Yihao Feng and Can Qin and Chia-Chih Chen and Ning Yu and Zeyuan Chen and Haiquan Wang and Silvio Savarese and Stefano Ermon and Caiming Xiong and Ran Xu},
  journal={2024 IEEE/CVF Conference on Computer Vision and Pattern Recognition (CVPR)},
  year={2023},
  pages={9026-9036},
  url={https://api.semanticscholar.org/CorpusID:257622925}
}

@software{houdini,
  author = {{SideFX Houdini FX. SideFX}},
  title = {Side Effects Software Inc.},
  url = {https://sidefx.com},
  date = {2018},
}

@article{hsu2024autovfx,
    title={AutoVFX: Physically Realistic Video Editing from Natural Language Instructions},
    author={Hsu, Hao-Yu and Lin, Zhi-Hao and Zhai, Albert and Xia, Hongchi and Wang, Shenlong},
    journal={arXiv preprint arXiv:2411.02394},
    year={2024}
}

@article{jeong2023vmc,
                title={VMC: Video Motion Customization using Temporal Attention Adaption for Text-to-Video Diffusion Models}, 
                author={Jeong, Hyeonho and Park, Geon Yeong and Ye, Jong Chul},
          	journal={arXiv preprint arXiv:2312.00845},
                year={2023},
        }

@misc{kong2025hunyuanvideosystematicframeworklarge,
      title={HunyuanVideo: A Systematic Framework For Large Video Generative Models}, 
      author={Weijie Kong and Qi Tian and Zijian Zhang and Rox Min and Zuozhuo Dai and Jin Zhou and Jiangfeng Xiong and Xin Li and Bo Wu and Jianwei Zhang and Kathrina Wu and Qin Lin and Junkun Yuan and Yanxin Long and Aladdin Wang and Andong Wang and Changlin Li and Duojun Huang and Fang Yang and Hao Tan and Hongmei Wang and Jacob Song and Jiawang Bai and Jianbing Wu and Jinbao Xue and Joey Wang and Kai Wang and Mengyang Liu and Pengyu Li and Shuai Li and Weiyan Wang and Wenqing Yu and Xinchi Deng and Yang Li and Yi Chen and Yutao Cui and Yuanbo Peng and Zhentao Yu and Zhiyu He and Zhiyong Xu and Zixiang Zhou and Zunnan Xu and Yangyu Tao and Qinglin Lu and Songtao Liu and Dax Zhou and Hongfa Wang and Yong Yang and Di Wang and Yuhong Liu and Jie Jiang and Caesar Zhong},
      year={2025},
      eprint={2412.03603},
      archivePrefix={arXiv},
      primaryClass={cs.CV},
      url={https://arxiv.org/abs/2412.03603}, 
}

@article{lian2023llmgroundedvideo,
    title={LLM-grounded Video Diffusion Models}, 
    author={Lian, Long and Shi, Baifeng and Yala, Adam and Darrell, Trevor and Li, Boyi},
    journal={arXiv preprint arXiv:2309.17444},
    year={2023}
}

@software{maya,
  author = {{Autodesk, INC.}},
  title = {Maya},
  url = {https:/ autodesk.com/maya},
  version = {2019},
  date = {2019-01-15},
}

@article{objaverseXL,
  title={Objaverse-XL: A Universe of 10M+ 3D Objects},
  author={Matt Deitke and Ruoshi Liu and Matthew Wallingford and Huong Ngo and
          Oscar Michel and Aditya Kusupati and Alan Fan and Christian Laforte and
          Vikram Voleti and Samir Yitzhak Gadre and Eli VanderBilt and
          Aniruddha Kembhavi and Carl Vondrick and Georgia Gkioxari and
          Kiana Ehsani and Ludwig Schmidt and Ali Farhadi},
  journal={arXiv preprint arXiv:2307.05663},
  year={2023}
}

@software{opensora,
  author = {Zangwei Zheng and Xiangyu Peng and Tianji Yang and Chenhui Shen and Shenggui Li and Hongxin Liu and Yukun Zhou and Tianyi Li and Yang You},
  title = {Open-Sora: Democratizing Efficient Video Production for All},
  month = {March},
  year = {2024},
  url = {https://github.com/hpcaitech/Open-Sora}
}

@misc{park2024spectral,
      title={Spectral Motion Alignment for Video Motion Transfer using Diffusion Models}, 
      author={Geon Yeong Park and Hyeonho Jeong and Sang Wan Lee and Jong Chul Ye},
      year={2024},
      eprint={2403.15249},
      archivePrefix={arXiv},
      primaryClass={cs.CV}
}

@misc{polyak2024movie,
    title={Movie Gen: A Cast of Media Foundation Models},
    author={Adam Polyak and Amit Zohar and Andrew Brown and Andros Tjandra and Animesh Sinha and Ann Lee and Apoorv Vyas and Bowen Shi and Chih-Yao Ma and Ching-Yao Chuang and David Yan and Dhruv Choudhary and Dingkang Wang and Geet Sethi and Guan Pang and Haoyu Ma and Ishan Misra and Ji Hou and Jialiang Wang and Kiran Jagadeesh and Kunpeng Li and Luxin Zhang and Mannat Singh and Mary Williamson and Matt Le and Matthew Yu and Mitesh Kumar Singh and Peizhao Zhang and Peter Vajda and Quentin Duval and Rohit Girdhar and Roshan Sumbaly and Sai Saketh Rambhatla and Sam Tsai and Samaneh Azadi and Samyak Datta and Sanyuan Chen and Sean Bell and Sharadh Ramaswamy and Shelly Sheynin and Siddharth Bhattacharya and Simran Motwani and Tao Xu and Tianhe Li and Tingbo Hou and Wei-Ning Hsu and Xi Yin and Xiaoliang Dai and Yaniv Taigman and Yaqiao Luo and Yen-Cheng Liu and Yi-Chiao Wu and Yue Zhao and Yuval Kirstain and Zecheng He and Zijian He and Albert Pumarola and Ali Thabet and Artsiom Sanakoyeu and Arun Mallya and Baishan Guo and Boris Araya and Breena Kerr and Carleigh Wood and Ce Liu and Cen Peng and Dimitry Vengertsev and Edgar Schonfeld and Elliot Blanchard and Felix Juefei-Xu and Fraylie Nord and Jeff Liang and John Hoffman and Jonas Kohler and Kaolin Fire and Karthik Sivakumar and Lawrence Chen and Licheng Yu and Luya Gao and Markos Georgopoulos and Rashel Moritz and Sara K. Sampson and Shikai Li and Simone Parmeggiani and Steve Fine and Tara Fowler and Vladan Petrovic and Yuming Du},
    year={2024},
    eprint={2410.13720},
    archivePrefix={arXiv},
    primaryClass={cs.CV}
}

@inproceedings{qiu2024richdreamer,
                  title={Richdreamer: A generalizable normal-depth diffusion model for detail richness in text-to-3d},
                  author={Qiu, Lingteng and Chen, Guanying and Gu, Xiaodong and Zuo, Qi and Xu, Mutian and Wu, Yushuang and Yuan, Weihao and Dong, Zilong and Bo, Liefeng and Han, Xiaoguang},
                  booktitle={Proceedings of the IEEE/CVF Conference on Computer Vision and Pattern Recognition},
                  pages={9914--9925},
                  year={2024}
                }

@misc{sora,
      title={Sora: Creating video from text}, 
      author={OpenAI},
      year={2024},
}

@article{tokenflow2023,
        title = {TokenFlow: Consistent Diffusion Features for Consistent Video Editing},
        author = {Geyer, Michal and Bar-Tal, Omer and Bagon, Shai and Dekel, Tali},
        journal={arXiv preprint arxiv:2307.10373},
        year={2023}
        }

@software{unrealengine,
  author = {{Epic Games}},
  title = {Unreal Engine},
  url = {https://www.unrealengine.com},
  version = {4.22.1},
  date = {2019-04-25},
}

@article{videodoodles,
  author = {Yu, Emilie and Blackburn-Matzen, Kevin and Nguyen, Cuong and Wang, Oliver and Habib Kazi, Rubaiat and Bousseau, Adrien},
  title = {VideoDoodles: Hand-Drawn Animations on Videos with Scene-Aware Canvases},
  year = {2023},
  publisher = {Association for Computing Machinery},
  doi = {10.1145/3592413},
  journal = {ACM Trans. Graph.},
  articleno = {54},
  numpages = {12},
}

@misc{winter2024objectdrop,
      title={ObjectDrop: Bootstrapping Counterfactuals for Photorealistic Object Removal and Insertion},
      author={Daniel Winter and Matan Cohen and Shlomi Fruchter and Yael Pritch and Alex Rav-Acha and Yedid Hoshen},
      year={2024},
      eprint={2403.18818},
      archivePrefix={arXiv},
      primaryClass={cs.CV}
}

@article{yang2024cogvideox,
  title={CogVideoX: Text-to-Video Diffusion Models with An Expert Transformer},
  author={Yang, Zhuoyi and Teng, Jiayan and Zheng, Wendi and Ding, Ming and Huang, Shiyu and Xu, Jiazheng and Yang, Yuanming and Hong, Wenyi and Zhang, Xiaohan and Feng, Guanyu and others},
  journal={arXiv preprint arXiv:2408.06072},
  year={2024}
}

@article{yatim2023spacetime,
        title = {Space-Time Diffusion Features for Zero-Shot Text-Driven Motion Transfer},
        author = {Yatim, Danah and Fridman, Rafail and Bar-Tal, Omer and Kasten, Yoni and Dekel, Tali},
        journal={arXiv preprint arxiv:2311.17009},
        year={2023}
        }

@misc{zeroscope,
  author={cerspense},
  year={2023},
  howpublished = {\url{https://huggingface.co/cerspense/zeroscope_v2_576w}}
}

@article{zhao2023motiondirector,
  title={MotionDirector: Motion Customization of Text-to-Video Diffusion Models},
  author={Zhao, Rui and Gu, Yuchao and Wu, Jay Zhangjie and Zhang, David Junhao and Liu, Jiawei and Wu, Weijia and Keppo, Jussi and Shou, Mike Zheng},
  journal={arXiv preprint arXiv:2310.08465},
  year={2023}
}

@InProceedings{zhou2023propainter,
      title     = {{ProPainter}: Improving Propagation and Transformer for Video Inpainting},
      author    = {Zhou, Shangchen and Li, Chongyi and Chan, Kelvin C.K and Loy, Chen Change},
      booktitle = {Proceedings of IEEE International Conference on Computer Vision (ICCV)},
      year      = {2023}
    }

