@article{CHAI2024121588,
title = {An interpretable wide and deep model for online disinformation detection},
journal = {Expert Systems with Applications},
volume = {237},
pages = {121588},
year = {2024},
issn = {0957-4174},
doi = {10.1016/j.eswa.2023.121588},
author = {Yidong Chai and Yi Liu and Weifeng Li and Bin Zhu and Hongyan Liu and Yuanchun Jiang},
keywords = {Online disinformation detection, Wide and deep model, Interpretable deep learning, Text mining}
}

@article{Chen2023,
   author = {Jinyin Chen and Chengyu Jia and Haibin Zheng and Ruoxi Chen and Chenbo Fu},
   doi = {10.1109/TNSE.2023.3249290},
   issn = {2327-4697},
   journal = {IEEE Transactions on Network Science and Engineering},
   pages = {1-15},
   title = {Is Multi-Modal Necessarily Better? Robustness Evaluation of Multi-Modal Fake News Detection},
   year = {2023},
}

@article{Comito2023,
   author = {Carmela Comito and Luciano Caroprese and Ester Zumpano},
   doi = {10.1007/s13278-023-01104-w},
   issn = {1869-5469},
   issue = {1},
   journal = {Social Network Analysis and Mining},
   pages = {101},
   title = {Multimodal fake news detection on social media: a survey of deep learning techniques},
   volume = {13},
   year = {2023},
}

@article{Ghorbanpour2023,
   author = {Faeze Ghorbanpour and Maryam Ramezani and Mohammad Amin Fazli and Hamid R. Rabiee},
   doi = {10.1007/s13278-023-01065-0},
   issn = {1869-5469},
   issue = {1},
   journal = {Social Network Analysis and Mining},
   month = {3},
   pages = {56},
   title = {FNR: a similarity and transformer-based approach to detect multi-modal fake news in social media},
   volume = {13},
   year = {2023},
}

@InProceedings{Giachanou2020,
author="Giachanou, Anastasia
and Zhang, Guobiao
and Rosso, Paolo",
editor="Sojka, Petr
and Kope{\v{c}}ek, Ivan
and Pala, Karel
and Hor{\'a}k, Ale{\v{s}}",
title="Multimodal Fake News Detection with Textual, Visual and Semantic Information",
booktitle="Text, Speech, and Dialogue",
year="2020",
publisher="Springer International Publishing",
address="Cham",
pages="30--38",
isbn="978-3-030-58323-1"
}

@article{Guo2023,
   author = {Ying Guo},
   doi = {10.1007/s10489-022-04266-w},
   issn = {0924-669X},
   issue = {12},
   journal = {Applied Intelligence},
   month = {6},
   pages = {15311-15320},
   title = {A mutual attention based multimodal fusion for fake news detection on social network},
   volume = {53},
   year = {2023},
}

@article{Hameleers2020,
author = {Michael Hameleers and Thomas E. Powell and Toni G.L.A. Van Der Meer and Lieke Bos},
title = {A Picture Paints a Thousand Lies? The Effects and Mechanisms of Multimodal Disinformation and Rebuttals Disseminated via Social Media},
journal = {Political Communication},
volume = {37},
number = {2},
pages = {281-301},
year  = {2020},
publisher = {Routledge},
doi = {10.1080/10584609.2019.1674979},
}

@article{Han2024,
title = {A Multifaceted Reasoning Network for Explainable Fake News Detection},
journal = {Information Processing \& Management},
volume = {61},
number = {6},
pages = {103822},
year = {2024},
issn = {0306-4573},
doi = {10.1016/j.ipm.2024.103822},
author = {Linfeng Han and Xiaoming Zhang and Ziyi Zhou and Yun Liu},
}

@article{Hangloo2022,
   author = {Sakshini Hangloo and Bhavna Arora},
   doi = {10.1007/s00530-022-00966-y},
   issn = {0942-4962},
   issue = {6},
   journal = {Multimedia Systems},
   month = {12},
   pages = {2391-2422},
   title = {Combating multimodal fake news on social media: methods, datasets, and future perspective},
   volume = {28},
   year = {2022},
}

@article{Hua2023,
   author = {Jiaheng Hua and Xiaodong Cui and Xianghua Li and Keke Tang and Peican Zhu},
   doi = {10.1016/j.asoc.2023.110125},
   issn = {15684946},
   journal = {Applied Soft Computing},
   month = {3},
   pages = {110125},
   title = {Multimodal fake news detection through data augmentation-based contrastive learning},
   volume = {136},
   year = {2023},
}

@article{Huda2024,
   author = {Noor ul Huda and Ali Javed and Kholoud Maswadi and Ali Alhazmi and Rehan Ashraf},
   doi = {10.1007/s11042-023-17586-x},
   issn = {1573-7721},
   issue = {16},
   journal = {Multimedia Tools and Applications},
   pages = {49013-49037},
   title = {Fake-checker: A fusion of texture features and deep learning for deepfakes detection},
   volume = {83},
   year = {2024},
}

@article{Jing2023,
   author = {Jing Jing and Hongchen Wu and Jie Sun and Xiaochang Fang and Huaxiang Zhang},
   doi = {10.1016/j.ipm.2022.103120},
   issn = {03064573},
   issue = {1},
   journal = {Information Processing \& Management},
   month = {1},
   pages = {103120},
   title = {Multimodal fake news detection via progressive fusion networks},
   volume = {60},
   year = {2023},
}

@article{Li2022,
   author = {Shuo Li and Tao Yao and Saifei Li and Lianshan Yan},
   doi = {10.1002/int.23084},
   issn = {0884-8173},
   issue = {12},
   journal = {International Journal of Intelligent Systems},
   month = {12},
   pages = {12235-12251},
   title = {Semantic‐enhanced multimodal fusion network for fake news detection},
   volume = {37},
   year = {2022},
}

@article{Meel2023,
   author = {Priyanka Meel and Dinesh Kumar Vishwakarma},
   doi = {10.1016/j.eswa.2023.120537},
   issn = {09574174},
   journal = {Expert Systems with Applications},
   month = {11},
   pages = {120537},
   title = {Multi-modal fusion using Fine-tuned Self-attention and transfer learning for veracity analysis of web information},
   volume = {229},
   year = {2023},
}

@article{MontoroMontarroso2023,
   author = {Andrés Montoro-Montarroso and Javier Cantón-Correa and Paolo Rosso and Berta Chulvi and Ángel Panizo-Lledot and Javier Huertas-Tato and Blanca Calvo-Figueras and M. José Rementeria and Juan Gómez-Romero},
   doi = {10.3145/epi.2023.may.22},
   issn = {16992407},
   journal = {El Profesional de la información},
   month = {6},
   title = {Fighting disinformation with artificial intelligence: fundamentals, advances and challenges},
   year = {2023},
}

@article{PENG2023120501,
title = {Combating the COVID-19 infodemic using Prompt-Based curriculum learning},
journal = {Expert Systems with Applications},
volume = {229},
pages = {120501},
year = {2023},
issn = {0957-4174},
doi = {10.1016/j.eswa.2023.120501},
author = {Zifan Peng and Mingchen Li and Yue Wang and George T.S. Ho},
keywords = {COVID-19, Curriculum learning, Deep learning, Social media, Text mining}
}

@article{Peng2024,
title = {Not all fake news is semantically similar: Contextual semantic representation learning for multimodal fake news detection},
journal = {Information Processing \& Management},
volume = {61},
number = {1},
pages = {103564},
year = {2024},
issn = {0306-4573},
doi = {10.1016/j.ipm.2023.103564},
author = {Liwen Peng and Songlei Jian and Zhigang Kan and Linbo Qiao and Dongsheng Li},
}

@article{Rastogi2022,
   author = {Shubhangi Rastogi and Divya Bansal},
   doi = {10.1007/s11042-022-13129-y},
   issn = {1573-7721},
   issue = {28},
   journal = {Multimedia Tools and Applications},
   pages = {40675-40707},
   title = {Disinformation detection on social media: An integrated approach},
   volume = {81},
   year = {2022},
}

@article{Schuster2020,
   author = {Tal Schuster and Roei Schuster and Darsh J. Shah and Regina Barzilay},
   issn = {0891-2017},
   issue = {2},
   journal = {Computational Linguistics},
   month = {6},
   pages = {499-510},
   title = {The Limitations of Stylometry for Detecting Machine-Generated Fake News},
   volume = {46},
   year = {2020},
}

@article{Sengan2023,
   author = {Sudhakar Sengan and Subramaniyaswamy Vairavasundaram and Logesh Ravi and Ahmad Qasim Mohammad AlHamad and Hamzah Ali Alkhazaleh and Meshal Alharbi},
   doi = {10.1109/TCSS.2023.3269087},
   issn = {2329-924X},
   journal = {IEEE Transactions on Computational Social Systems},
   pages = {1-12},
   title = {Fake News Detection Using Stance Extracted Multimodal Fusion-Based Hybrid Neural Network},
   year = {2023},
}

@article{Silva2023,
   author = {Marcos Paulo Silva Gôlo and Mariana Caravanti de Souza and Rafael Geraldeli Rossi and Solange Oliveira Rezende and Bruno Magalhães Nogueira and Ricardo Marcondes Marcacini},
   doi = {10.1016/j.engappai.2023.106088},
   issn = {09521976},
   journal = {Engineering Applications of Artificial Intelligence},
   month = {6},
   pages = {106088},
   title = {One-class learning for fake news detection through multimodal variational autoencoders},
   volume = {122},
   year = {2023},
}

@article{Singh2023,
   author = {Prabhav Singh and Ridam Srivastava and K.P.S. Rana and Vineet Kumar},
   doi = {10.1016/j.eswa.2022.119302},
   issn = {09574174},
   journal = {Expert Systems with Applications},
   month = {4},
   pages = {119302},
   title = {SEMI-FND: Stacked ensemble based multimodal inferencing framework for faster fake news detection},
   volume = {215},
   year = {2023},
}

@article{Tufchi2023,
   author = {Shivani Tufchi and Ashima Yadav and Tanveer Ahmed},
   doi = {10.1007/s13735-023-00296-3},
   issn = {2192-662X},
   issue = {2},
   journal = {International Journal of Multimedia Information Retrieval},
   pages = {28},
   title = {A comprehensive survey of multimodal fake news detection techniques: advances, challenges, and opportunities},
   volume = {12},
   year = {2023},
}

@article{Wang2023,
   author = {Bin Wang and Yong Feng and Xian-cai Xiong and Yong-heng Wang and Bao-hua Qiang},
   doi = {10.1007/s10489-022-04055-5},
   issn = {0924-669X},
   issue = {9},
   journal = {Applied Intelligence},
   month = {5},
   pages = {10429-10443},
   title = {Multi-modal transformer using two-level visual features for fake news detection},
   volume = {53},
   year = {2023},
}

@article{Wilson2023,
author = {Wilson, Anna  and Wilkes, Seb  and Teramoto, Yayoi  and Hale, Scott },
title = {Multimodal analysis of disinformation and misinformation},
journal = {Royal Society Open Science},
volume = {10},
number = {12},
pages = {230964},
year = {2023},
doi = {10.1098/rsos.230964},
}

@article{Wu2023,
   author = {Lianwei Wu and Pusheng Liu and Yongqiang Zhao and Peng Wang and Yangning Zhang},
   doi = {10.1109/TKDE.2023.3280555},
   issn = {1041-4347},
   issue = {8},
   journal = {IEEE Transactions on Knowledge and Data Engineering},
   pages = {1-14},
   title = {Human Cognition-based Consistency Inference Networks for Multi-modal Fake News Detection},
   volume = {14},
   year = {2023},
}

@article{Xiong2023,
   author = {Shufeng Xiong and Guipei Zhang and Vishwash Batra and Lei Xi and Lei Shi and Liangliang Liu},
   doi = {10.1016/j.inffus.2022.12.016},
   issn = {15662535},
   journal = {Information Fusion},
   month = {5},
   pages = {150-158},
   title = {TRIMOON: Two-Round Inconsistency-based Multi-modal fusion Network for fake news detection},
   volume = {93},
   year = {2023},
}

@article{Yadav2023,
   author = {Ashima Yadav and Shivani Gaba and Haneef Khan and Ishan Budhiraja and Akansha Singh and Krishna Kant Singh},
   doi = {10.1109/TCSS.2023.3255242},
   issn = {2329-924X},
   journal = {IEEE Transactions on Computational Social Systems},
   pages = {1-13},
   title = {ETMA: Efficient Transformer-Based Multilevel Attention Framework for Multimodal Fake News Detection},
   year = {2023},
}

@article{Zhang2022,
   author = {Guobiao Zhang and Anastasia Giachanou and Paolo Rosso},
   doi = {10.1177/01655515221087683},
   issn = {0165-5515},
   journal = {Journal of Information Science},
   month = {4},
   pages = {355-367},
   title = {SceneFND: Multimodal fake news detection by modelling scene context information},
   year = {2022},
}

@article{singh2021,
author = {Singh, Vivek K. and Ghosh, Isha and Sonagara, Darshan},
title = {Detecting fake news stories via multimodal analysis},
journal = {Journal of the Association for Information Science and Technology},
volume = {72},
number = {1},
pages = {3-17},
doi = {10.1002/asi.24359},
year = {2021}
}

