@article{Bonomi2021,
title = {Dynamic texture analysis for detecting fake faces in video sequences},
journal = {Journal of Visual Communication and Image Representation},
volume = {79},
pages = {103239},
year = {2021},
issn = {1047-3203},
doi = {10.1016/j.jvcir.2021.103239},
author = {Mattia Bonomi and Cecilia Pasquini and Giulia Boato},
}

@article{Bhargava2023,
   author = {Puneet Bhargava and Katie MacDonald and Christie Newton and Hause Lin and Gordon Pennycook},
   doi = {10.37016/mr-2020-114},
   journal = {Harvard Kennedy School Misinformation Review},
   month = {3},
   title = {How effective are TikTok misinformation debunking videos?},
   year = {2023},
}


@misc{BhargavaDataset,
  author       = {Puneet Bhargava and Katie MacDonald and Christie Newton and Hause Lin and Gordon Pennycook},
  title        = {How effective are TikTok misinformation debunking videos?},
  month        = oct,
  year         = 2022,
  publisher    = {OSF},
  url          = {https://osf.io/xfcsp/}
}

@article{Choi2022,
title = {Effective fake news video detection using domain knowledge and multimodal data fusion on youtube},
journal = {Pattern Recognition Letters},
volume = {154},
pages = {44-52},
year = {2022},
issn = {0167-8655},
doi = {10.1016/j.patrec.2022.01.007},
author = {Hyewon Choi and Youngjoong Ko}
}

@article{Comito2023,
   author = {Carmela Comito and Luciano Caroprese and Ester Zumpano},
   doi = {10.1007/s13278-023-01104-w},
   issn = {1869-5469},
   issue = {1},
   journal = {Social Network Analysis and Mining},
   pages = {101},
   title = {Multimodal fake news detection on social media: a survey of deep learning techniques},
   volume = {13},
   year = {2023},
}


@article{conde2018toward,
  title={Toward automatic generation of linguistic advice for saving energy at home},
  author={Conde-Clemente, Patricia and Alonso, Jose M and Trivino, Gracian},
  journal={Soft Computing},
  volume={22},
  number={2},
  pages={345--359},
  year={2018},
  publisher={Springer}
}

@article{de2022natural,
  title={Natural language report of the composting process status using linguistic perception},
  author={de Anda-Trasvi{\~n}a, Andrea and Nieto-Garibay, Alejandra and Guti{\'e}rrez, Joaqu{\'\i}n},
  journal={Applied Soft Computing},
  volume={127},
  pages={109357},
  year={2022},
  publisher={Elsevier}
}

@article{delVicario2016,
  title={The spreading of misinformation online},
  author={Del Vicario, Michela and Bessi, Alessandro and Zollo, Fabiana and Petroni, Fabio and Scala, Antonio and Caldarelli, Guido and Stanley, H Eugene and Quattrociocchi, Walter},
  journal={Proceedings of the national academy of Sciences},
  volume={113},
  number={3},
  pages={554--559},
  year={2016},
  publisher={National Acad Sciences}
}

@article{GIANNAKAKIS201789,
author = {Giannakakis, G and Pediaditis, M and Manousos, D and Kazantzaki, E and Chiarugi, F and Simos, P G and Marias, K and Tsiknakis, M},
doi = {10.1016/j.bspc.2016.06.020},
issn = {1746-8094},
journal = {Biomedical Signal Processing and Control},
keywords = { Anxiety, Blink rate, Emotion recognition, Head motion, Stress,Facial cues},
pages = {89--101},
title = {{Stress and anxiety detection using facial cues from videos}},
volume = {31},
year = {2017}
}

@inproceedings{Herrera-Planells2018,
address = {Sevilla},
author = {Herrera-Planells, Javier and Villena-Rom{\'{a}}n, Julio},
booktitle = {CEUR Workshop Proceedings},
editor = {Estevez-Velarde, S. and Gutierrez, Y. and Munoz, R. and Villena-Roman, J. and Almeida-Cruz, Y. and {Garcia Cumbreras}, M.A. and Montejo-Raez, A. and Piad-Morffis, A. and Martinez-Camara, E. and Montoyo, A. and {Diaz Galiano}, M.C. and Garcia-Vega, M. and Montejo-Raez, A.},
pages = {139622},
publisher = {CEUR-WS},
title = {{MeaningCloud at TASS 2018: News Headlines Categorization for Brand Safety Assessment}},
year = {2018}
}


@book{Kaehler2016,
author = {Kaehler, Adrian and Bradski, Gary},
isbn = {9781491937990},
publisher = {O'Reilly Media, Inc.},
title = {Learning OpenCV 3 - Computer Vision in C++ with the OpenCV Library},
year = {2016}
}


@article{Losada2020,
author = {Losada, David E and Gamallo, Pablo},
doi = {10.1007/s10579-018-9423-1},
issn = {1574-0218},
journal = {Language Resources and Evaluation},
number = {1},
pages = {1--24},
title = {{Evaluating and improving lexical resources for detecting signs of depression in text}},
volume = {54},
year = {2020}
}

@article{Muhammed2022,
  title={The disaster of misinformation: a review of research in social media},
  author={Muhammed T, Sadiq and Mathew, Saji K},
  journal={International journal of data science and analytics},
  volume={13},
  number={4},
  pages={271--285},
  year={2022},
  publisher={Springer}
}


@article{Nguyen2022,
author = {Nguyen, Thanh Thi and Nguyen, Quoc Viet Hung and Nguyen, Dung Tien and Nguyen, Duc Thanh and Huynh-The, Thien and Nahavandi, Saeid and Nguyen, Thanh Tam and Pham, Quoc-Viet and Nguyen, Cuong M},
doi = {10.1016/j.cviu.2022.103525},
issn = {1077-3142},
journal = {Computer Vision and Image Understanding},
keywords = {Artificial intelligence,Autoencoders,Deep learning,Deepfakes,Face manipulation,Forensics,GAN,Survey},
pages = {103525},
title = {{Deep learning for deepfakes creation and detection: A survey}},
volume = {223},
year = {2022}
}

@article{novikova2019five,
  title={The five-factor model: Contemporary personality theory},
  author={Novikova, Irina A and Vorobyeva, Alexandra A},
  journal={Cross-Cultural Psychology: Contemporary Themes and Perspectives},
  pages={685--706},
  year={2019},
  publisher={Wiley Online Library}
}

@article{PYKL2022117952,
title = {Fake spreader is a narcissist; Real spreader is Machiavellian prediction of fake news diffusion using psycho-sociological facets},
journal = {Expert Systems with Applications},
volume = {207},
pages = {117952},
year = {2022},
issn = {0957-4174},
doi = {10.1016/j.eswa.2022.117952},
author = {P.Y.K.L. Srinivas 
 and Amitava Das and Viswanath Pulabaigari}
}


@inproceedings{Trivino2010,
  title={Linguistic description of traffic in a roundabout},
  author={Trivino, Gracian and Sanchez, Angel and Montemayor, Antonio S and Pantrigo, Juan J and Cabido, Raul and Pardo, Eduardo G},
  booktitle={International Conference on Fuzzy Systems},
  pages={1--8},
  year={2010},
  organization={IEEE}
}

@misc{Radford2022b,
author = {Radford, Alec and Kim, Jong Wook and McLeavey, Christine and Mishkin, Pamela and Xu, Tao and Brockman, Greg and Sutskever, Ilya},
title = {{Introducing Whisper}},
url = {https://openai.com/blog/whisper/},
urldate = {2022-10-20},
year = {2022}
}

@article{Goldberg1992,
author = {Goldberg, L.R.},
doi = {10.1037/1040-3590.4.1.26},
issn = {1040-3590},
journal = {Psychological Assessment},
number = {1},
pages = {26--42},
title = {{The development of markers for the Big-Five factor structure}},
volume = {4},
year = {1992}
}


@article{Su2016,
author = {Su, Lin and Levine, Martin},
doi = {10.1016/j.cviu.2016.01.009},
issn = {10773142},
journal = {Computer Vision and Image Understanding},
month = {jun},
pages = {52--68},
title = {{Does “lie to me” lie to you? An evaluation of facial clues to high-stakes deception}},
volume = {147},
year = {2016}
}


@book{vasiliev2020,
  title={Natural Language Processing with Python and SpaCy: A Practical Introduction},
  author={Vasiliev, Yuli},
  year={2020},
  publisher={No Starch Press}
}

@inproceedings{zadeh2002granular,
  title={Granular computing as a basis for a computational theory of perceptions},
  author={Zadeh, Lotfi A},
  booktitle={2002 IEEE World Congress on Computational Intelligence. 2002 IEEE International Conference on Fuzzy Systems. FUZZ-IEEE'02. Proceedings (Cat. No. 02CH37291)},
  volume={1},
  pages={564--565},
  year={2002},
  organization={IEEE}
}

@article{ZECHNER2009883,
annote = {Spoken Language Technology for Education},
author = {Zechner, Klaus and Higgins, Derrick and Xi, Xiaoming and Williamson, David M},
doi = {10.1016/j.specom.2009.04.009},
issn = {0167-6393},
journal = {Speech Communication},
number = {10},
pages = {883--895},
title = {{Automatic scoring of non-native spontaneous speech in tests of spoken English}},
volume = {51},
year = {2009}
}

@article{Shu2017,
author = {Shu, Kai and Sliva, Amy and Wang, Suhang and Tang, Jiliang and Liu, Huan},
title = {Fake News Detection on Social Media: A Data Mining Perspective},
year = {2017},
issue_date = {June 2017},
publisher = {Association for Computing Machinery},
volume = {19},
number = {1},
issn = {1931-0145},
doi = {10.1145/3137597.3137600},
journal = {SIGKDD Explor. Newsl.},
month = {sep},
pages = {22–36},
}

@misc{steel_benjamin_2023_7534952,
  author       = {Steel, Benjamin and
                  Parker, Sara and
                  Ruths, Derek},
  title        = {The Invasion of Ukraine Viewed through TikTok: A Dataset},
  month        = jan,
  year         = 2023,
  publisher    = {Zenodo},
  version      = {1.1.0},
  doi          = {10.5281/zenodo.7534952}
}



@inproceedings{Pennington2014,
address = {Doha},
author = {Pennington, Jeffrey and Socher, Richard and Manning, Christopher D.},
booktitle = {Proceedings of the 2014 Conference on Empirical Methods in Natural Language Processing (EMNLP)},
pages = {1532--1543},
publisher = {Association for Computational Linguistics},
title = {{GloVe: Global Vectors for Word Representation}},
year = {2014}
}


@misc{Mikolov2013,
  doi = {10.48550/ARXIV.1301.3781},
  
  url = {https://arxiv.org/abs/1301.3781},
  
  author = {Mikolov, Tomas and Chen, Kai and Corrado, Greg and Dean, Jeffrey},
  
  keywords = {Computation and Language (cs.CL), FOS: Computer and information sciences, FOS: Computer and information sciences},
  
  title = {Efficient Estimation of Word Representations in Vector Space},
  
  publisher = {arXiv},
  
  year = {2013},
  
  copyright = {arXiv.org perpetual, non-exclusive license}
}

@misc{brown2020,
  doi = {10.48550/ARXIV.2005.14165},
  
  url = {https://arxiv.org/abs/2005.14165},
  
  author = {Brown, Tom B. and Mann, Benjamin and Ryder, Nick and Subbiah, Melanie and al.},
  
  title = {Language Models are Few-Shot Learners},
  
  publisher = {arXiv},
  
  year = {2020},
  
  copyright = {arXiv.org perpetual, non-exclusive license}
}

@article{singh2021,
author = {Singh, Vivek K. and Ghosh, Isha and Sonagara, Darshan},
title = {Detecting fake news stories via multimodal analysis},
journal = {Journal of the Association for Information Science and Technology},
volume = {72},
number = {1},
pages = {3-17},
doi = {10.1002/asi.24359},
year = {2021}
}

@InProceedings{Giachanou2020,
author="Giachanou, Anastasia
and Zhang, Guobiao
and Rosso, Paolo",
editor="Sojka, Petr
and Kope{\v{c}}ek, Ivan
and Pala, Karel
and Hor{\'a}k, Ale{\v{s}}",
title="Multimodal Fake News Detection with Textual, Visual and Semantic Information",
booktitle="Text, Speech, and Dialogue",
year="2020",
publisher="Springer International Publishing",
address="Cham",
pages="30--38",
isbn="978-3-030-58323-1"
}

@article{Hameleers2020,
author = {Michael Hameleers and Thomas E. Powell and Toni G.L.A. Van Der Meer and Lieke Bos},
title = {A Picture Paints a Thousand Lies? The Effects and Mechanisms of Multimodal Disinformation and Rebuttals Disseminated via Social Media},
journal = {Political Communication},
volume = {37},
number = {2},
pages = {281-301},
year  = {2020},
publisher = {Routledge},
doi = {10.1080/10584609.2019.1674979},
}


@article{Jing2023,
   author = {Jing Jing and Hongchen Wu and Jie Sun and Xiaochang Fang and Huaxiang Zhang},
   doi = {10.1016/j.ipm.2022.103120},
   issn = {03064573},
   issue = {1},
   journal = {Information Processing \& Management},
   month = {1},
   pages = {103120},
   title = {Multimodal fake news detection via progressive fusion networks},
   volume = {60},
   year = {2023},
}
@article{Sengan2023,
   author = {Sudhakar Sengan and Subramaniyaswamy Vairavasundaram and Logesh Ravi and Ahmad Qasim Mohammad AlHamad and Hamzah Ali Alkhazaleh and Meshal Alharbi},
   doi = {10.1109/TCSS.2023.3269087},
   issn = {2329-924X},
   journal = {IEEE Transactions on Computational Social Systems},
   pages = {1-12},
   title = {Fake News Detection Using Stance Extracted Multimodal Fusion-Based Hybrid Neural Network},
   year = {2023},
}


@article{Schuster2020,
   author = {Tal Schuster and Roei Schuster and Darsh J. Shah and Regina Barzilay},
   issn = {0891-2017},
   issue = {2},
   journal = {Computational Linguistics},
   month = {6},
   pages = {499-510},
   title = {The Limitations of Stylometry for Detecting Machine-Generated Fake News},
   volume = {46},
   year = {2020},
}
@article{Hangloo2022,
   author = {Sakshini Hangloo and Bhavna Arora},
   doi = {10.1007/s00530-022-00966-y},
   issn = {0942-4962},
   issue = {6},
   journal = {Multimedia Systems},
   month = {12},
   pages = {2391-2422},
   title = {Combating multimodal fake news on social media: methods, datasets, and future perspective},
   volume = {28},
   year = {2022},
}

@article{Wu2023,
   author = {Lianwei Wu and Pusheng Liu and Yongqiang Zhao and Peng Wang and Yangning Zhang},
   doi = {10.1109/TKDE.2023.3280555},
   issn = {1041-4347},
   issue = {8},
   journal = {IEEE Transactions on Knowledge and Data Engineering},
   pages = {1-14},
   title = {Human Cognition-based Consistency Inference Networks for Multi-modal Fake News Detection},
   volume = {14},
   year = {2023},
}

@article{Zhang2022,
   author = {Guobiao Zhang and Anastasia Giachanou and Paolo Rosso},
   doi = {10.1177/01655515221087683},
   issn = {0165-5515},
   journal = {Journal of Information Science},
   month = {4},
   pages = {355-367},
   title = {SceneFND: Multimodal fake news detection by modelling scene context information},
   year = {2022},
}

@article{Ghorbanpour2023,
   author = {Faeze Ghorbanpour and Maryam Ramezani and Mohammad Amin Fazli and Hamid R. Rabiee},
   doi = {10.1007/s13278-023-01065-0},
   issn = {1869-5469},
   issue = {1},
   journal = {Social Network Analysis and Mining},
   month = {3},
   pages = {56},
   title = {FNR: a similarity and transformer-based approach to detect multi-modal fake news in social media},
   volume = {13},
   year = {2023},
}

@article{Yadav2023,
   author = {Ashima Yadav and Shivani Gaba and Haneef Khan and Ishan Budhiraja and Akansha Singh and Krishna Kant Singh},
   doi = {10.1109/TCSS.2023.3255242},
   issn = {2329-924X},
   journal = {IEEE Transactions on Computational Social Systems},
   pages = {1-13},
   title = {ETMA: Efficient Transformer-Based Multilevel Attention Framework for Multimodal Fake News Detection},
   year = {2023},
}
@article{Guo2023,
   author = {Ying Guo},
   doi = {10.1007/s10489-022-04266-w},
   issn = {0924-669X},
   issue = {12},
   journal = {Applied Intelligence},
   month = {6},
   pages = {15311-15320},
   title = {A mutual attention based multimodal fusion for fake news detection on social network},
   volume = {53},
   year = {2023},
}

@article{Hua2023,
   author = {Jiaheng Hua and Xiaodong Cui and Xianghua Li and Keke Tang and Peican Zhu},
   doi = {10.1016/j.asoc.2023.110125},
   issn = {15684946},
   journal = {Applied Soft Computing},
   month = {3},
   pages = {110125},
   title = {Multimodal fake news detection through data augmentation-based contrastive learning},
   volume = {136},
   year = {2023},
}

@article{Xiong2023,
   author = {Shufeng Xiong and Guipei Zhang and Vishwash Batra and Lei Xi and Lei Shi and Liangliang Liu},
   doi = {10.1016/j.inffus.2022.12.016},
   issn = {15662535},
   journal = {Information Fusion},
   month = {5},
   pages = {150-158},
   title = {TRIMOON: Two-Round Inconsistency-based Multi-modal fusion Network for fake news detection},
   volume = {93},
   year = {2023},
}
@article{Singh2023,
   author = {Prabhav Singh and Ridam Srivastava and K.P.S. Rana and Vineet Kumar},
   doi = {10.1016/j.eswa.2022.119302},
   issn = {09574174},
   journal = {Expert Systems with Applications},
   month = {4},
   pages = {119302},
   title = {SEMI-FND: Stacked ensemble based multimodal inferencing framework for faster fake news detection},
   volume = {215},
   year = {2023},
}
@article{Meel2023,
   author = {Priyanka Meel and Dinesh Kumar Vishwakarma},
   doi = {10.1016/j.eswa.2023.120537},
   issn = {09574174},
   journal = {Expert Systems with Applications},
   month = {11},
   pages = {120537},
   title = {Multi-modal fusion using Fine-tuned Self-attention and transfer learning for veracity analysis of web information},
   volume = {229},
   year = {2023},
}

@article{Wang2023,
   author = {Bin Wang and Yong Feng and Xian-cai Xiong and Yong-heng Wang and Bao-hua Qiang},
   doi = {10.1007/s10489-022-04055-5},
   issn = {0924-669X},
   issue = {9},
   journal = {Applied Intelligence},
   month = {5},
   pages = {10429-10443},
   title = {Multi-modal transformer using two-level visual features for fake news detection},
   volume = {53},
   year = {2023},
}

@article{Li2022,
   author = {Shuo Li and Tao Yao and Saifei Li and Lianshan Yan},
   doi = {10.1002/int.23084},
   issn = {0884-8173},
   issue = {12},
   journal = {International Journal of Intelligent Systems},
   month = {12},
   pages = {12235-12251},
   title = {Semantic‐enhanced multimodal fusion network for fake news detection},
   volume = {37},
   year = {2022},
}



@article{Silva2023,
   author = {Marcos Paulo Silva Gôlo and Mariana Caravanti de Souza and Rafael Geraldeli Rossi and Solange Oliveira Rezende and Bruno Magalhães Nogueira and Ricardo Marcondes Marcacini},
   doi = {10.1016/j.engappai.2023.106088},
   issn = {09521976},
   journal = {Engineering Applications of Artificial Intelligence},
   month = {6},
   pages = {106088},
   title = {One-class learning for fake news detection through multimodal variational autoencoders},
   volume = {122},
   year = {2023},
}
@article{MontoroMontarroso2023,
   author = {Andrés Montoro-Montarroso and Javier Cantón-Correa and Paolo Rosso and Berta Chulvi and Ángel Panizo-Lledot and Javier Huertas-Tato and Blanca Calvo-Figueras and M. José Rementeria and Juan Gómez-Romero},
   doi = {10.3145/epi.2023.may.22},
   issn = {16992407},
   journal = {El Profesional de la información},
   month = {6},
   title = {Fighting disinformation with artificial intelligence: fundamentals, advances and challenges},
   year = {2023},
}

@article{Chen2023,
   author = {Jinyin Chen and Chengyu Jia and Haibin Zheng and Ruoxi Chen and Chenbo Fu},
   doi = {10.1109/TNSE.2023.3249290},
   issn = {2327-4697},
   journal = {IEEE Transactions on Network Science and Engineering},
   pages = {1-15},
   title = {Is Multi-Modal Necessarily Better? Robustness Evaluation of Multi-Modal Fake News Detection},
   year = {2023},
}

@Inbook{Beliakov2016,
author="Beliakov, Gleb
and Bustince Sola, Humberto
and Calvo S{\'a}nchez, Tomasa",
title="Fuzzy Integrals",
bookTitle="A Practical Guide to Averaging Functions",
year="2016",
publisher="Springer International Publishing",
address="Cham",
chapter="4",
pages="145--181",
isbn="978-3-319-24753-3",
doi="10.1007/978-3-319-24753-3_4",
}

@INPROCEEDINGS{6909616,
  author={Taigman, Yaniv and Yang, Ming and Ranzato, Marc'Aurelio and Wolf, Lior},
  booktitle={2014 IEEE Conference on Computer Vision and Pattern Recognition}, 
  title={DeepFace: Closing the Gap to Human-Level Performance in Face Verification}, 
  year={2014},
  volume={},
  number={},
  pages={1701-1708},
  doi={10.1109/CVPR.2014.220}}

@INPROCEEDINGS{6909637,
  author={Kazemi, Vahid and Sullivan, Josephine},
  booktitle={2014 IEEE Conference on Computer Vision and Pattern Recognition}, 
  title={One millisecond face alignment with an ensemble of regression trees}, 
  year={2014},
  volume={},
  number={},
  pages={1867-1874},
  doi={10.1109/CVPR.2014.241}}

@article{Anderson2020,
   author = {Katie Elson Anderson},
   doi = {10.1108/LHTN-01-2020-0001},
   issn = {0741-9058},
   issue = {4},
   journal = {Library Hi Tech News},
   month = {2},
   pages = {7-12},
   title = {Getting acquainted with social networks and apps: it is time to talk about TikTok},
   volume = {37},
   year = {2020},
}

@inbook{Ertuna2023,
   author = {Can Ertuna},
   city = {London},
   doi = {10.4324/9781003403203-8},
   journal = {Mapping Lies in the Global Media Sphere},
   chapter = {745},
   month = {9},
   pages = {75-92},
   publisher = {Routledge},
   title = {“TikTokisation” of the War},
   year = {2023},
}

@article{PENG2023120501,
title = {Combating the COVID-19 infodemic using Prompt-Based curriculum learning},
journal = {Expert Systems with Applications},
volume = {229},
pages = {120501},
year = {2023},
issn = {0957-4174},
doi = {10.1016/j.eswa.2023.120501},
author = {Zifan Peng and Mingchen Li and Yue Wang and George T.S. Ho},
keywords = {COVID-19, Curriculum learning, Deep learning, Social media, Text mining}
}

@article{CHAI2024121588,
title = {An interpretable wide and deep model for online disinformation detection},
journal = {Expert Systems with Applications},
volume = {237},
pages = {121588},
year = {2024},
issn = {0957-4174},
doi = {10.1016/j.eswa.2023.121588},
author = {Yidong Chai and Yi Liu and Weifeng Li and Bin Zhu and Hongyan Liu and Yuanchun Jiang},
keywords = {Online disinformation detection, Wide and deep model, Interpretable deep learning, Text mining}
}

@article{Anderson2021,
   author = {Katie Elson Anderson},
   doi = {10.1108/LHTN-10-2021-0077},
   issn = {0741-9058},
   issue = {6},
   journal = {Library Hi Tech News},
   month = {1},
   pages = {1-6},
   publisher = {Emerald Publishing Limited},
   title = {Getting acquainted with social networks and apps: talking about TikTok},
   volume = {38},
   year = {2021},
}

@article{CONDECLEMENTE201746,
title = {New types of computational perceptions: Linguistic descriptions in deforestation analysis},
journal = {Expert Systems with Applications},
volume = {85},
pages = {46-60},
year = {2017},
issn = {0957-4174},
doi = {10.1016/j.eswa.2017.05.031},
author = {Patricia Conde-Clemente and Jose M. Alonso and Éldman O. Nunes and Angel Sanchez and Gracian Trivino},
keywords = {Linguistic description of data, Fuzzy logic, Computational theory of perceptions, Granular linguistic description of phenomena, Linguistic summarization, Deforestation analysis}
}

@misc{mikolov2017advances,
      title={Advances in Pre-Training Distributed Word Representations}, 
      author={Tomas Mikolov and Edouard Grave and Piotr Bojanowski and Christian Puhrsch and Armand Joulin},
      year={2017},
      eprint={1712.09405},
      archivePrefix={arXiv},
      primaryClass={cs.CL}
}

@article{TRIVINO201322,
title = {Towards linguistic descriptions of phenomena},
journal = {International Journal of Approximate Reasoning},
volume = {54},
number = {1},
pages = {22-34},
year = {2013},
issn = {0888-613X},
doi = {10.1016/j.ijar.2012.07.004},
author = {Gracian Trivino and Michio Sugeno},
keywords = {Linguistic summarization, Computing with words and perceptions, Systemic functional linguistics}
}

@article{tiktok2022,
  title={Current affairs on TikTok. Virality and entertainment for digital natives},
  author={Pe{\~n}a-Fern{\'a}ndez, Sim{\'o}n and Larrondo-Ureta, Ainara and Morales-i-Gras, Jordi},
  journal={Profesional de la Informaci{\'o}n},
  volume={31},
  number={1},
  year={2022}
}

@article{Tufchi2023,
   author = {Shivani Tufchi and Ashima Yadav and Tanveer Ahmed},
   doi = {10.1007/s13735-023-00296-3},
   issn = {2192-662X},
   issue = {2},
   journal = {International Journal of Multimedia Information Retrieval},
   pages = {28},
   title = {A comprehensive survey of multimodal fake news detection techniques: advances, challenges, and opportunities},
   volume = {12},
   year = {2023},
}

@article{Wilson2023,
author = {Wilson, Anna  and Wilkes, Seb  and Teramoto, Yayoi  and Hale, Scott },
title = {Multimodal analysis of disinformation and misinformation},
journal = {Royal Society Open Science},
volume = {10},
number = {12},
pages = {230964},
year = {2023},
doi = {10.1098/rsos.230964},
}



@article{Han2024,
title = {A Multifaceted Reasoning Network for Explainable Fake News Detection},
journal = {Information Processing \& Management},
volume = {61},
number = {6},
pages = {103822},
year = {2024},
issn = {0306-4573},
doi = {10.1016/j.ipm.2024.103822},
author = {Linfeng Han and Xiaoming Zhang and Ziyi Zhou and Yun Liu},
}

@article{Peng2024,
title = {Not all fake news is semantically similar: Contextual semantic representation learning for multimodal fake news detection},
journal = {Information Processing \& Management},
volume = {61},
number = {1},
pages = {103564},
year = {2024},
issn = {0306-4573},
doi = {10.1016/j.ipm.2023.103564},
author = {Liwen Peng and Songlei Jian and Zhigang Kan and Linbo Qiao and Dongsheng Li},
}

@article{Rastogi2022,
   author = {Shubhangi Rastogi and Divya Bansal},
   doi = {10.1007/s11042-022-13129-y},
   issn = {1573-7721},
   issue = {28},
   journal = {Multimedia Tools and Applications},
   pages = {40675-40707},
   title = {Disinformation detection on social media: An integrated approach},
   volume = {81},
   year = {2022},
}

@article{Huda2024,
   author = {Noor ul Huda and Ali Javed and Kholoud Maswadi and Ali Alhazmi and Rehan Ashraf},
   doi = {10.1007/s11042-023-17586-x},
   issn = {1573-7721},
   issue = {16},
   journal = {Multimedia Tools and Applications},
   pages = {49013-49037},
   title = {Fake-checker: A fusion of texture features and deep learning for deepfakes detection},
   volume = {83},
   year = {2024},
}

@inproceedings{Guerrero-Sosa2023,
   author = {Jared D. T. Guerrero-Sosa and Francisco P. Romero and Andres Montoro-Montarroso and Victor H. Menendez and Jesus Serrano-Guerrero and Jose A. Olivas},
   city = {Cham},
   editor = {Henrik Legind Larsen and Maria J Martin-Bautista and M Dolores Ruiz and Troels Andreasen and Gloria Bordogna and Guy De Tré},
   isbn = {978-3-031-42935-4},
   booktitle = {Flexible Query Answering Systems},
   pages = {145-158},
   title = {A Fuzzy Approach to Detecting Suspected Disinformation in Videos},
   year = {2023},
   doi = {10.1007/978-3-031-42935-4_12}
}

@article{Ermakova2023,
   author = {Tatiana Ermakova and Benjamin Fabian and Elena Golimblevskaia and Max Henke},
   doi = {10.1007/s42979-023-01886-y},
   issn = {2661-8907},
   issue = {5},
   journal = {SN Computer Science},
   pages = {477},
   title = {A Comparison of Commercial Sentiment Analysis Services},
   volume = {4},
   year = {2023},
}

@article{Chen2018,
author = {Chen, Lei and Zechner, Klaus and Yoon, Su-Youn and Evanini, Keelan and Wang, Xinhao and Loukina, Anastassia and Tao, Jidong and Davis, Lawrence and Lee, Chong Min and Ma, Min and Mundkowsky, Robert and Lu, Chi and Leong, Chee Wee and Gyawali, Binod},
title = {Automated Scoring of Nonnative Speech Using the SpeechRaterSM v. 5.0 Engine},
journal = {ETS Research Report Series},
volume = {2018},
number = {1},
pages = {1-31},
keywords = {Automated speech scoring, automated speech recognition, scoring models, natural language processing, English assessments},
doi = {10.1002/ets2.12198},
year = {2018}
}


@Article{Martinez-Castano2020,
AUTHOR = {Martínez-Castaño, Rodrigo and Pichel, Juan C. and Losada, David E.},
TITLE = {A Big Data Platform for Real Time Analysis of Signs of Depression in Social Media},
JOURNAL = {International Journal of Environmental Research and Public Health},
VOLUME = {17},
YEAR = {2020},
NUMBER = {13},
ARTICLE-NUMBER = {4752},
PubMedID = {32630341},
ISSN = {1660-4601},
DOI = {10.3390/ijerph17134752}
}