@inproceedings{5202635,
author = {Nielsen, Frank and Piro, Paolo and Barlaud, Michel},
year = {2009},
pages = {878--881},
title = {Bregman Vantage Point Trees for Efficient Nearest Neighbor Queries},
booktitle = {Proceedings - 2009 IEEE International Conference on Multimedia and Expo, (ICME)}
}

@article{ANN_Benchmarks,
  title = {{ANN-Benchmarks: A benchmarking tool for approximate nearest neighbor algorithms}},
  journal = {Information Systems},
  volume = {87},
  pages = {101--374},
  year = {2020},
  author = {M. Aumüller and E. Bernhardsson and A. Faithfull},
}

@manual{ANN_Manual,
    author = {David Mount},
    title = {The ANN Programming Manual.}
}

@inproceedings{ANN_boundary,
  author = {Arya, Sunil and Mount, David M. and Narayan, Onuttom},
  title = {{Accounting for Boundary Effects in Nearest Neighbor Searching}},
  year = {1995},
  isbn = {0897917243},
  publisher = {Association for Computing Machinery},
  address = {New York, NY, USA},
  booktitle = {{Proceedings of the Eleventh Annual Symposium on Computational Geometry}},
  pages = {336–344},
  numpages = {9},
  location = {Vancouver, British Columbia, Canada},
  series = {SCG '95}
}

@INPROCEEDINGS{ANN_kd,
  author={Arya, Sunil and Mount, David M.},
  booktitle={[Proceedings] DCC `93: Data Compression Conference}, 
  title={Algorithms for fast vector quantization}, 
  year={1993},
  pages={381-390},
}

@article{ANN_optimalAlgorithm,
  author = {Arya, Sunil and Mount, David M. and Netanyahu, Nathan S. and Silverman, Ruth and Wu, Angela Y.},
  title = {An Optimal Algorithm for Approximate Nearest Neighbor Searching Fixed Dimensions},
  year = {1998},
  issue_date = {{Nov}. 1998},
  publisher = {Association for Computing Machinery},
  address = {New York, NY, USA},
  volume = {45},
  number = {6},
  issn = {0004-5411},
  journal = {J. ACM},
  month = {nov},
  pages = {891–923},
  numpages = {33},
  keywords = {post-office problem, box-decomposition trees, priority search, nearest neighbor searching, approximation algorithms, closet-point queries}
}

@inbook{Ackermann_Blomer_k_median,
author = {Marcel R. Ackermann and Johannes Blömer},
title = {Coresets and Approximate Clustering for Bregman Divergences},
booktitle = {Proceedings of the 2009 Annual ACM-SIAM Symposium on Discrete Algorithms (SODA)},
chapter = {},
pages = {1088-1097},
}

@misc{BBTreeGithub,
  author = {Cayton, Lawrence},
  title = {BBTrees},
  url = {https://github.com/lcayton/bbtree},
}

@article{BREGMAN1967200,
title = {The relaxation method of finding the common point of convex sets and its application to the solution of problems in convex programming},
journal = {USSR Computational Mathematics and Mathematical Physics},
volume = {7},
number = {3},
pages = {200-217},
year = {1967},
issn = {0041-5553},
author = {Lev M. Bregman}
}

@article{Bentley1975MultidimensionalBS,
  title={Multidimensional binary search trees used for associative searching},
  author={Jon Louis Bentley},
  journal={Commun. ACM},
  year={1975},
  volume={18},
  pages={509-517}
}

@inproceedings{BoytsovNaidan_VPTrees,
 author = {Boytsov, Leonid and Naidan, Bilegsaikhan},
 booktitle = {Advances in Neural Information Processing Systems},
 editor = {C.J. Burges and L. Bottou and M. Welling and Z. Ghahramani and K.Q. Weinberger},
 pages = {},
 publisher = {Curran Associates, Inc.},
 title = {Learning to Prune in Metric and Non-Metric Spaces},
 volume = {26},
 year = {2013}
}

@inproceedings{Bregman_Ball_Trees,
  title={Tailored {B}regman ball trees for effective nearest neighbors},
  author={Nielsen, Frank and Piro, Paolo and Barlaud, Michel},
  booktitle={Proceedings of the 25th European Workshop on Computational Geometry (EuroCG)},
  pages={29--32},
  year={2009}
}

@article{Bregman_Voronoi,
author = {Boissonnat, Jean-Daniel and Nielsen, Frank and Nock, Richard},
year = {2010},
pages = {281-307},
title = {{B}regman {V}oronoi diagrams},
volume = {44},
journal = {Discrete and Computational Geometry},
}

@inproceedings{Bregman_ring_tree,
  author = {Abdullah, Amirali and Moeller, John and Venkatasubramanian, Suresh},
  title = {Approximate bregman near neighbors in sublinear time: beyond the triangle inequality},
  year = {2012},
  isbn = {9781450312998},
  publisher = {Association for Computing Machinery},
  address = {New York, NY, USA},
  booktitle = {Proceedings of the Twenty-Eighth Annual Symposium on Computational Geometry},
  pages = {31–40},
  numpages = {10},
  keywords = {bregman divergences, approximate nearest neighbor, acm proceedings},
  location = {Chapel Hill, North Carolina, USA},
  series = {SoCG '12}
}

@inproceedings{CaytonBBTrees,
author = {Cayton, Lawrence},
title = {Fast Nearest Neighbor Retrieval for Bregman Divergences},
year = {2008},
isbn = {9781605582054},
publisher = {Association for Computing Machinery},
address = {New York, NY, USA},
url = {https://doi.org/10.1145/1390156.1390171},
doi = {10.1145/1390156.1390171},
booktitle = {Proceedings of the 25th International Conference on Machine Learning},
pages = {112–119},
numpages = {8},
location = {Helsinki, Finland},
series = {ICML '08}
}

@conference{EdWa16,
    author = {Edelsbrunner, H. and Wagner, H.},
    title = {Topological data analysis with Bregman divergences.},
    year = {2017},
    booktitle = { ``Proc.\ 33rd Ann.\ Symp.\ Comput.\ Geom., 2017'', 1--16},
    pages = {1-16}
}

@misc{HNSW_Git,
  author = {Malkov, Yu A and Yashunin, Dmitry A},
  title = {Hnswlib - fast approximate nearest neighbor search},
  year = {2023},
  publisher = {GitHub},
  journal = {GitHub repository},
  howpublished = {\url{https://github.com/nmslib/hnswlib}}
}

@misc{HNSW_MariaDB, 
  title={MariaDB Vector},
  url={https://mariadb.org/projects/mariadb-vector/}, 
  author={MaridDB}}

@misc{HNSW_MongoDB,
  title={Atlas {V}ector {S}earch},
  url={https://www.mongodb.com/products/platform/atlas-vector-search}, 
  author={MongoDB}}

@misc{HNSW_Zilliz, 
  title={Vector {I}ndexing in {M}ilvus},
  url={https://zilliz.com/learn/how-to-pick-a-vector-index-in-milvus-visual-guide}, 
  journal={Zilliz},
  author={Ruben Winastwan}}

@inproceedings{HSGball-2017,
  title={{On balls in a Hilbert polygonal geometry}},
  author={Nielsen, Frank and Shao, Laetitia},
  booktitle={33rd International Symposium on Computational Geometry (SoCG 2017)},
  year={2017},
  organization={Schloss Dagstuhl-Leibniz-Zentrum fuer Informatik}
}

@article{JMLR:v6:banerjee05b,
  author  = {Arindam Banerjee and Srujana Merugu and Inderjit S. Dhillon and Joydeep Ghosh},
  title   = {Clustering with {B}regman Divergences},
  journal = {Journal of Machine Learning Research},
  year    = {2005},
  volume  = {6},
  number  = {58},
  pages   = {1705--1749}
}

@article{MalkovPonomarenkoLogvinovKrylov_SWG,
title = {Approximate nearest neighbor algorithm based on navigable small world graphs},
journal = {Information Systems},
volume = {45},
pages = {61-68},
year = {2014},
issn = {0306-4379},
author = {Yury Malkov and Alexander Ponomarenko and Andrey Logvinov and Vladimir Krylov},
keywords = {Similarity search, k-Nearest neighbor, Approximate nearest neighbor, Navigable small world, Distributed data structure},
}

@article{RTreesVAFiles,
  author       = {Zhenjie Zhang and
                  Beng Chin Ooi and
                  Srinivasan Parthasarathy and
                  Anthony K. H. Tung},
  title        = {{Similarity Search on Bregman Divergence: Towards Non-Metric Indexing}},
  journal      = {Proc. {VLDB} Endow.},
  volume       = {2},
  number       = {1},
  pages        = {13--24},
  year         = {2009},
  timestamp    = {Thu, 14 Oct 2021 09:26:31 +0200},
  biburl       = {https://dblp.org/rec/journals/pvldb/ZhangOPT09.bib},
  bibsource    = {dblp computer science bibliography, https://dblp.org}
}

@misc{VPTree,
  author = {Nielsen, Frank and Piro, Paolo and Barlaud, Michel},
  title = {VPTrees and BBTreePP},
  url = {https://github.com/FrankNielsen/FrankNielsen.github.io/tree/master/BregmanProximity},
}

@inproceedings{abdelkader2019approximate,
  title={Approximate nearest neighbor searching with non-Euclidean and weighted distances},
  author={Abdelkader, Ahmed and Arya, Sunil and da Fonseca, Guilherme D and Mount, David M},
  booktitle={Proceedings of the Thirtieth Annual ACM-SIAM Symposium on Discrete Algorithms},
  pages={355--372},
  year={2019},
  organization={SIAM}
}

@phdthesis{caytonphd2009,
  author      = {Cayton, L.},
  title       = {Bregman Proximity Search},
  year        = {2009},
  school      = {UC San Diego},
  type        = {Doctoral dissertation}
}

@article{kd2_bentley,
  author = {Friedman, Jerome H. and Bentley, Jon Louis and Finkel, Raphael Ari},
  title = {An Algorithm for Finding Best Matches in Logarithmic Expected Time},
  year = {1977},
  issue_date = {Sept. 1977},
  publisher = {Association for Computing Machinery},
  address = {New York, NY, USA},
  volume = {3},
  number = {3},
  issn = {0098-3500},
  journal = {ACM Trans. Math. Softw.},
  month = {sep},
  pages = {209–226},
  numpages = {18}
}

@inproceedings{kyng2010johnson,
  title={Johnson-Lindenstrauss dimensionality reduction on the simplex},
  author={Kyng, Rasmus J and Phillips, Jeff M and Venkatasubramanian, Suresh},
  booktitle={20th Fall Workshop on Computational Geometry},
  year={2010},
  organization={Citeseer}
}

@article{kyng2011dimensionality,
  title={Dimensionality Reduction on the Simplex},
  author={Kyng, Rasmus J and Phillips, Jeff M and Venkatasubramanian, Suresh},
  journal={Computer Science, Mathematics},
  year={2011}
}

@inproceedings{nmslib,
  author       = {Leonid Boytsov and
                  Bilegsaikhan Naidan},
  editor       = {Nieves R. Brisaboa and
                  Oscar Pedreira and
                  Pavel Zezula},
  title        = {Engineering Efficient and Effective Non-metric Space Library},
  booktitle    = {Similarity Search and Applications - 6th International Conference},
  series       = {Lecture Notes in Computer Science},
  volume       = {8199},
  pages        = {280--293},
  publisher    = {Springer},
  year         = {2013},
  timestamp    = {Tue, 14 May 2019 10:00:53 +0200},
  biburl       = {https://dblp.org/rec/conf/sisap/BoytsovN13.bib},
  bibsource    = {dblp computer science bibliography, https://dblp.org}
}

@misc{song2020brepartition,
      title={{BrePartition: Optimized High-Dimensional kNN Search with Bregman Distances}}, 
      author={Yang Song and Yu Gu and Rui Zhang and Ge Yu},
      year={2020},
      eprint={2006.00227},
      archivePrefix={arXiv},
      primaryClass={cs.DB}
}

