@InProceedings{ssr,
    author    = {Zhang, Yuxuan and Song, Yiren and Liu, Jiaming and Wang, Rui and Yu, Jinpeng and Tang, Hao and Li, Huaxia and Tang, Xu and Hu, Yao and Pan, Han and Jing, Zhongliang},
    title     = {SSR-Encoder: Encoding Selective Subject Representation for Subject-Driven Generation},
    booktitle = {Proceedings of the IEEE/CVF Conference on Computer Vision and Pattern Recognition (CVPR)},
    month     = {June},
    year      = {2024},
    pages     = {8069-8078}
}

@article{guo2023animatediff,
  title={Animatediff: Animate your personalized text-to-image diffusion models without specific tuning},
  author={Guo, Yuwei and Yang, Ceyuan and Rao, Anyi and Liang, Zhengyang and Wang, Yaohui and Qiao, Yu and Agrawala, Maneesh and Lin, Dahua and Dai, Bo},
  journal={arXiv preprint arXiv:2307.04725},
  year={2023}
}

@article{idp,
  title={IDProtector: An Adversarial Noise Encoder to Protect Against ID-Preserving Image Generation},
  author={Song, Yiren and Yang, Pei and Ci, Hai and Shou, Mike Zheng},
  journal={arXiv preprint arXiv:2412.11638},
  year={2024}
}

@inproceedings{dit,
  title={Scalable diffusion models with transformers},
  author={Peebles, William and Xie, Saining},
  booktitle={Proceedings of the IEEE/CVF International Conference on Computer Vision},
  pages={4195--4205},
  year={2023}
}

@article{anti,
  title={Anti-Reference: Universal and Immediate Defense Against Reference-Based Generation},
  author={Song, Yiren and Lou, Shengtao and Liu, Xiaokang and Ci, Hai and Yang, Pei and Liu, Jiaming and Shou, Mike Zheng},
  journal={arXiv preprint arXiv:2412.05980},
  year={2024}
}



@article{diffsim,
  title={DiffSim: Taming Diffusion Models for Evaluating Visual Similarity},
  author={Song, Yiren and Liu, Xiaokang and Shou, Mike Zheng},
  journal={arXiv preprint arXiv:2412.14580},
  year={2024}
}

@article{grid,
  title={GRID: Visual Layout Generation},
  author={Wan, Cong and Luo, Xiangyang and Cai, Zijian and Song, Yiren and Zhao, Yunlong and Bai, Yifan and He, Yuhang and Gong, Yihong},
  journal={arXiv preprint arXiv:2412.10718},
  year={2024}
}

@INPROCEEDINGS{fast_icassp,
  author={Zhang, Yuxuan and Song, Yiren and Yu, Jinpeng and Pan, Han and Jing, Zhongliang},
  booktitle={ICASSP 2024 - 2024 IEEE International Conference on Acoustics, Speech and Signal Processing (ICASSP)}, 
  title={Fast Personalized Text to Image Synthesis with Attention Injection}, 
  year={2024},
  volume={},
  number={},
  pages={6195-6199},
  keywords={Training;Image synthesis;Signal processing;Acoustics;Speech processing;Personalized Text-to-Image Generation;Computer Vision;Deep Learning;Diffusion models},
  doi={10.1109/ICASSP48485.2024.10447042}}

@inproceedings{clip,
  title={Learning transferable visual models from natural language supervision},
  author={Radford, Alec and Kim, Jong Wook and Hallacy, Chris and Ramesh, Aditya and Goh, Gabriel and Agarwal, Sandhini and Sastry, Girish and Askell, Amanda and Mishkin, Pamela and Clark, Jack and others},
  booktitle={International conference on machine learning},
  pages={8748--8763},
  year={2021},
  organization={PMLR}
}

@inproceedings{clipvg,
  title={Clipvg: Text-guided image manipulation using differentiable vector graphics},
  author={Song, Yiren and Shao, Xuning and Chen, Kang and Zhang, Weidong and Jing, Zhongliang and Li, Minzhe},
  booktitle={Proceedings of the AAAI Conference on Artificial Intelligence},
  volume={37},
  number={2},
  pages={2312--2320},
  year={2023}
}

@inproceedings{cliptexture,
  title={Cliptexture: Text-driven texture synthesis},
  author={Song, Yiren},
  booktitle={Proceedings of the 30th ACM International Conference on Multimedia},
  pages={5468--5476},
  year={2022}
}
@inproceedings{clipfont,
  title={CLIPFont: Text Guided Vector WordArt Generation.},
  author={Song, Yiren and Zhang, Yuxuan},
  booktitle={BMVC},
  pages={543},
  year={2022}
}

@article{hair,
  title={Stable-Hair: Real-World Hair Transfer via Diffusion Model},
  author={Zhang, Yuxuan and Zhang, Qing and Song, Yiren and Liu, Jiaming},
  journal={arXiv preprint arXiv:2407.14078},
  year={2024}
}

@article{makeup,
  title={Stable-Makeup: When Real-World Makeup Transfer Meets Diffusion Model},
  author={Zhang, Yuxuan and Wei, Lifu and Zhang, Qing and Song, Yiren and Liu, Jiaming and Li, Huaxia and Tang, Xu and Hu, Yao and Zhao, Haibo},
  journal={arXiv preprint arXiv:2403.07764},
  year={2024}
}


@article{starvector,
  title={Starvector: Generating scalable vector graphics code from images},
  author={Rodriguez, Juan A and Agarwal, Shubham and Laradji, Issam H and Rodriguez, Pau and Vazquez, David and Pal, Christopher and Pedersoli, Marco},
  journal={arXiv preprint arXiv:2312.11556},
  year={2023}
}

@inproceedings{sd,
  title={High-resolution image synthesis with latent diffusion models},
  author={Rombach, Robin and Blattmann, Andreas and Lorenz, Dominik and Esser, Patrick and Ommer, Bj{\"o}rn},
  booktitle={Proceedings of the IEEE/CVF conference on computer vision and pattern recognition},
  pages={10684--10695},
  year={2022}
}


@article{lora,
  title={Lora: Low-rank adaptation of large language models},
  author={Hu, Edward J and Shen, Yelong and Wallis, Phillip and Allen-Zhu, Zeyuan and Li, Yuanzhi and Wang, Shean and Wang, Lu and Chen, Weizhu},
  journal={arXiv preprint arXiv:2106.09685},
  year={2021}
}

@inproceedings{ruiz2023dreambooth,
  title={Dreambooth: Fine tuning text-to-image diffusion models for subject-driven generation},
  author={Ruiz, Nataniel and Li, Yuanzhen and Jampani, Varun and Pritch, Yael and Rubinstein, Michael and Aberman, Kfir},
  booktitle={Proceedings of the IEEE/CVF Conference on Computer Vision and Pattern Recognition},
  pages={22500--22510},
  year={2023}
}

@article{ddpm,
  title={Denoising diffusion probabilistic models},
  author={Ho, Jonathan and Jain, Ajay and Abbeel, Pieter},
  journal={Advances in neural information processing systems},
  volume={33},
  pages={6840--6851},
  year={2020}
}

@article{ipa,
  title={Ip-adapter: Text compatible image prompt adapter for text-to-image diffusion models},
  author={Ye, Hu and Zhang, Jun and Liu, Sibo and Han, Xiao and Yang, Wei},
  journal={arXiv preprint arXiv:2308.06721},
  year={2023}
}

@article{instantid,
  title={Instantid: Zero-shot identity-preserving generation in seconds},
  author={Wang, Qixun and Bai, Xu and Wang, Haofan and Qin, Zekui and Chen, Anthony},
  journal={arXiv preprint arXiv:2401.07519},
  year={2024}
}

@inproceedings{controlnet,
  title={Adding conditional control to text-to-image diffusion models},
  author={Zhang, Lvmin and Rao, Anyi and Agrawala, Maneesh},
  booktitle={Proceedings of the IEEE/CVF International Conference on Computer Vision},
  pages={3836--3847},
  year={2023}
}


@inproceedings{singh2022intelli,
  title={Intelli-Paint: Towards developing more human-intelligible painting agents},
  author={Singh, Jaskirat and Smith, Cameron and Echevarria, Jose and Zheng, Liang},
  booktitle={European Conference on Computer Vision},
  pages={685--701},
  year={2022},
  organization={Springer}
}


@inproceedings{liu2021paint,
  title={Paint transformer: Feed forward neural painting with stroke prediction},
  author={Liu, Songhua and Lin, Tianwei and He, Dongliang and Li, Fu and Deng, Ruifeng and Li, Xin and Ding, Errui and Wang, Hao},
  booktitle={Proceedings of the IEEE/CVF international conference on computer vision},
  pages={6598--6607},
  year={2021}
}

@inproceedings{hu2023stroke,
  title={Stroke-based Neural Painting and Stylization with Dynamically Predicted Painting Region},
  author={Hu, Teng and Yi, Ran and Zhu, Haokun and Liu, Liang and Peng, Jinlong and Wang, Yabiao and Wang, Chengjie and Ma, Lizhuang},
  booktitle={Proceedings of the 31st ACM International Conference on Multimedia},
  pages={7470--7480},
  year={2023}
}


@misc{AdobeImageTrace,
howpublished = {\url{https://helpx.adobe.com/illustrator/using/image-trace.html}},
note="Accessed: 2022-08-03",
year = {2022},
title = {Adobe Image Trace},
}

@article{iconshop,
  title={IconShop: Text-Based Vector Icon Synthesis with Autoregressive Transformers},
  author={Wu, Ronghuan and Su, Wanchao and Ma, Kede and Liao, Jing},
  journal={arXiv preprint arXiv:2304.14400},
  year={2023}
}


@article{controlavideo,
  title={Control-A-Video: Controllable Text-to-Video Generation with Diffusion Models},
  author={Chen, Weifeng and Wu, Jie and Xie, Pan and Wu, Hefeng and Li, Jiashi and Xia, Xin and Xiao, Xuefeng and Lin, Liang},
  journal={arXiv preprint arXiv:2305.13840},
  year={2023}
}


@misc{Vtracer,
    title = "VTracer",
    year = "2022",
    howpublished = "https://github.com/visioncortex/vtracer"
}


@inproceedings{svg4,
  title={Deep vectorization of technical drawings},
  author={Egiazarian, Vage and Voynov, Oleg and Artemov, Alexey and Volkhonskiy, Denis and Safin, Aleksandr and Taktasheva, Maria and Zorin, Denis and Burnaev, Evgeny},
  booktitle={European conference on computer vision},
  pages={582--598},
  year={2020},
  organization={Springer}
}
@article{svg3,
  title={Stochastic sampling in computer graphics},
  author={Cook, Robert L},
  journal={ACM Transactions on Graphics (TOG)},
  volume={5},
  number={1},
  pages={51--72},
  year={1986},
  publisher={ACM New York, NY, USA}
}
@article{svg2,
  title={Deepsvg: A hierarchical generative network for vector graphics animation},
  author={Carlier, Alexandre and Danelljan, Martin and Alahi, Alexandre and Timofte, Radu},
  journal={Advances in Neural Information Processing Systems},
  volume={33},
  pages={16351--16361},
  year={2020}
}
@inproceedings{svg1,
  title={Convolution surfaces},
  author={Bloomenthal, Jules and Shoemake, Ken},
  booktitle={Proceedings of the 18th annual conference on Computer graphics and interactive techniques},
  pages={251--256},
  year={1991}
}

@inproceedings{repaint,
  title={Repaint: Inpainting using denoising diffusion probabilistic models},
  author={Lugmayr, Andreas and Danelljan, Martin and Romero, Andres and Yu, Fisher and Timofte, Radu and Van Gool, Luc},
  booktitle={Proceedings of the IEEE/CVF Conference on Computer Vision and Pattern Recognition},
  pages={11461--11471},
  year={2022}
}


@article{dreamfusion,
  title={Dreamfusion: Text-to-3d using 2d diffusion},
  author={Poole, Ben and Jain, Ajay and Barron, Jonathan T and Mildenhall, Ben},
  journal={arXiv preprint arXiv:2209.14988},
  year={2022}
}
@article{diffvg,
  title={Differentiable vector graphics rasterization for editing and learning},
  author={Li, Tzu-Mao and Luk{\'a}{\v{c}}, Michal and Gharbi, Micha{\"e}l and Ragan-Kelley, Jonathan},
  journal={ACM Transactions on Graphics (TOG)},
  volume={39},
  number={6},
  pages={1--15},
  year={2020},
  publisher={ACM New York, NY, USA}
}

@inproceedings{vectorfusion,
  title={Vectorfusion: Text-to-svg by abstracting pixel-based diffusion models},
  author={Jain, Ajay and Xie, Amber and Abbeel, Pieter},
  booktitle={Proceedings of the IEEE/CVF Conference on Computer Vision and Pattern Recognition},
  pages={1911--1920},
  year={2023}
}

@inproceedings{im2vec,
  title={Im2vec: Synthesizing vector graphics without vector supervision},
  author={Reddy, Pradyumna and Gharbi, Michael and Lukac, Michal and Mitra, Niloy J},
  booktitle={Proceedings of the IEEE/CVF Conference on Computer Vision and Pattern Recognition},
  pages={7342--7351},
  year={2021}
}

@article{clipdraw,
  title={Clipdraw: Exploring text-to-drawing synthesis through language-image encoders},
  author={Frans, Kevin and Soros, LB and Witkowski, Olaf},
  journal={arXiv preprint arXiv:2106.14843},
  year={2021}
}


@inproceedings{live,
  title={Towards layer-wise image vectorization},
  author={Ma, Xu and Zhou, Yuqian and Xu, Xingqian and Sun, Bin and Filev, Valerii and Orlov, Nikita and Fu, Yun and Shi, Humphrey},
  booktitle={Proceedings of the IEEE/CVF Conference on Computer Vision and Pattern Recognition},
  pages={16314--16323},
  year={2022}
}
@article{clipasso,
  title={Clipasso: Semantically-aware object sketching},
  author={Vinker, Yael and Pajouheshgar, Ehsan and Bo, Jessica Y and Bachmann, Roman Christian and Bermano, Amit Haim and Cohen-Or, Daniel and Zamir, Amir and Shamir, Ariel},
  journal={ACM Transactions on Graphics (TOG)},
  volume={41},
  number={4},
  pages={1--11},
  year={2022},
  publisher={ACM New York, NY, USA}
}
@inproceedings{clip2scene,
  title={CLIP2Scene: Towards Label-efficient 3D Scene Understanding by CLIP},
  author={Chen, Runnan and Liu, Youquan and Kong, Lingdong and Zhu, Xinge and Ma, Yuexin and Li, Yikang and Hou, Yuenan and Qiao, Yu and Wang, Wenping},
  booktitle={Proceedings of the IEEE/CVF Conference on Computer Vision and Pattern Recognition},
  pages={7020--7030},
  year={2023}
}


% SVG
@inproceedings{svg+vae,
  title={A learned representation for scalable vector graphics},
  author={Lopes, Raphael Gontijo and Ha, David and Eck, Douglas and Shlens, Jonathon},
  booktitle={Proceedings of the IEEE/CVF International Conference on Computer Vision},
  pages={7930--7939},
  year={2019}
}

@inproceedings{circlegan,
  title={Unpaired image-to-image translation using cycle-consistent adversarial networks},
  author={Zhu, Jun-Yan and Park, Taesung and Isola, Phillip and Efros, Alexei A},
  booktitle={Proceedings of the IEEE international conference on computer vision},
  pages={2223--2232},
  year={2017}
}

@article{processpainter,
  title={ProcessPainter: Learn Painting Process from Sequence Data},
  author={Song, Yiren and Huang, Shijie and Yao, Chen and Ye, Xiaojun and Ci, Hai and Liu, Jiaming and Zhang, Yuxuan and Shou, Mike Zheng},
  journal={arXiv preprint arXiv:2406.06062},
  year={2024}
}

@article{strokenuwa,
  title={StrokeNUWA: Tokenizing Strokes for Vector Graphic Synthesis},
  author={Tang, Zecheng and Wu, Chenfei and Zhang, Zekai and Ni, Mingheng and Yin, Shengming and Liu, Yu and Yang, Zhengyuan and Wang, Lijuan and Liu, Zicheng and Li, Juntao and others},
  journal={arXiv preprint arXiv:2401.17093},
  year={2024}
}

@article{deepvecfont,
  title={Deepvecfont: synthesizing high-quality vector fonts via dual-modality learning},
  author={Wang, Yizhi and Lian, Zhouhui},
  journal={ACM Transactions on Graphics (TOG)},
  volume={40},
  number={6},
  pages={1--15},
  year={2021},
  publisher={ACM New York, NY, USA}
}

@inproceedings{nivel,
  title={NIVeL: Neural Implicit Vector Layers for Text-to-Vector Generation},
  author={Thamizharasan, Vikas and Liu, Difan and Fisher, Matthew and Zhao, Nanxuan and Kalogerakis, Evangelos and Lukac, Michal},
  booktitle={Proceedings of the IEEE/CVF Conference on Computer Vision and Pattern Recognition},
  pages={4589--4597},
  year={2024}
}

@article{t2v,
  title={Text-to-vector generation with neural path representation},
  author={Zhang, Peiying and Zhao, Nanxuan and Liao, Jing},
  journal={ACM Transactions on Graphics (TOG)},
  volume={43},
  number={4},
  pages={1--13},
  year={2024},
  publisher={ACM New York, NY, USA}
}

@misc{flux2023,
    author={Black Forest Labs},
    title={FLUX},
    year={2023},
    howpublished={\url{https://github.com/black-forest-labs/flux}},
}

@article{pixart,
  title={Pixart-$\alpha$: Fast training of diffusion transformer for photorealistic text-to-image synthesis},
  author={Chen, Junsong and Yu, Jincheng and Ge, Chongjian and Yao, Lewei and Xie, Enze and Wu, Yue and Wang, Zhongdao and Kwok, James and Luo, Ping and Lu, Huchuan and others},
  journal={arXiv preprint arXiv:2310.00426},
  year={2023}
}

@article{mma,
  title={Multi-modal attention for speech emotion recognition},
  author={Pan, Zexu and Luo, Zhaojie and Yang, Jichen and Li, Haizhou},
  journal={arXiv preprint arXiv:2009.04107},
  year={2020}
}

@article{rope,
  title={Roformer: Enhanced transformer with rotary position embedding},
  author={Su, Jianlin and Ahmed, Murtadha and Lu, Yu and Pan, Shengfeng and Bo, Wen and Liu, Yunfeng},
  journal={Neurocomputing},
  volume={568},
  pages={127063},
  year={2024},
  publisher={Elsevier}
}

@inproceedings{oar,
  title={Optimize \& Reduce: A Top-Down Approach for Image Vectorization},
  author={Hirschorn, Or and Jevnisek, Amir and Avidan, Shai},
  booktitle={Proceedings of the AAAI Conference on Artificial Intelligence},
  volume={38},
  number={3},
  pages={2148--2156},
  year={2024}
}

@inproceedings{svgdreamer,
  title={SVGDreamer: Text guided SVG generation with diffusion model},
  author={Xing, Ximing and Zhou, Haitao and Wang, Chuang and Zhang, Jing and Xu, Dong and Yu, Qian},
  booktitle={Proceedings of the IEEE/CVF Conference on Computer Vision and Pattern Recognition},
  pages={4546--4555},
  year={2024}
}

@article{diffsketcher,
  title={Diffsketcher: Text guided vector sketch synthesis through latent diffusion models},
  author={Xing, Ximing and Wang, Chuang and Zhou, Haitao and Zhang, Jing and Yu, Qian and Xu, Dong},
  journal={Advances in Neural Information Processing Systems},
  volume={36},
  pages={15869--15889},
  year={2023}
}

@article{layered_vectorization,
  title={Layered Image Vectorization via Semantic Simplification},
  author={Wang, Zhenyu and Huang, Jianxi and Sun, Zhida and Cohen-Or, Daniel and Lu, Min},
  journal={arXiv preprint arXiv:2406.05404},
  year={2024}
}

@article{empoweringLLM,
  title={Empowering LLMs to Understand and Generate Complex Vector Graphics},
  author={Xing, Ximing and Hu, Juncheng and Liang, Guotao and Zhang, Jing and Xu, Dong and Yu, Qian},
  journal={arXiv preprint arXiv:2412.11102},
  year={2024}
}

@misc{noto_emoji,  
  author       = {Google},  
  title        = {Noto Emoji Fonts},  
  howpublished = {\url{https://github.com/googlefonts/noto-emoji}},  
  year         = {2014}  
}