@article{anti,
  title={Anti-Reference: Universal and Immediate Defense Against Reference-Based Generation},
  author={Song, Yiren and Lou, Shengtao and Liu, Xiaokang and Ci, Hai and Yang, Pei and Liu, Jiaming and Shou, Mike Zheng},
  journal={arXiv preprint arXiv:2412.05980},
  year={2024}
}

@inproceedings{clip,
  title={Learning transferable visual models from natural language supervision},
  author={Radford, Alec and Kim, Jong Wook and Hallacy, Chris and Ramesh, Aditya and Goh, Gabriel and Agarwal, Sandhini and Sastry, Girish and Askell, Amanda and Mishkin, Pamela and Clark, Jack and others},
  booktitle={International conference on machine learning},
  pages={8748--8763},
  year={2021},
  organization={PMLR}
}

@article{clipasso,
  title={Clipasso: Semantically-aware object sketching},
  author={Vinker, Yael and Pajouheshgar, Ehsan and Bo, Jessica Y and Bachmann, Roman Christian and Bermano, Amit Haim and Cohen-Or, Daniel and Zamir, Amir and Shamir, Ariel},
  journal={ACM Transactions on Graphics (TOG)},
  volume={41},
  number={4},
  pages={1--11},
  year={2022},
  publisher={ACM New York, NY, USA}
}

@article{clipdraw,
  title={Clipdraw: Exploring text-to-drawing synthesis through language-image encoders},
  author={Frans, Kevin and Soros, LB and Witkowski, Olaf},
  journal={arXiv preprint arXiv:2106.14843},
  year={2021}
}

@inproceedings{clipfont,
  title={CLIPFont: Text Guided Vector WordArt Generation.},
  author={Song, Yiren and Zhang, Yuxuan},
  booktitle={BMVC},
  pages={543},
  year={2022}
}

@inproceedings{cliptexture,
  title={Cliptexture: Text-driven texture synthesis},
  author={Song, Yiren},
  booktitle={Proceedings of the 30th ACM International Conference on Multimedia},
  pages={5468--5476},
  year={2022}
}

@inproceedings{clipvg,
  title={Clipvg: Text-guided image manipulation using differentiable vector graphics},
  author={Song, Yiren and Shao, Xuning and Chen, Kang and Zhang, Weidong and Jing, Zhongliang and Li, Minzhe},
  booktitle={Proceedings of the AAAI Conference on Artificial Intelligence},
  volume={37},
  number={2},
  pages={2312--2320},
  year={2023}
}

@inproceedings{controlnet,
  title={Adding conditional control to text-to-image diffusion models},
  author={Zhang, Lvmin and Rao, Anyi and Agrawala, Maneesh},
  booktitle={Proceedings of the IEEE/CVF International Conference on Computer Vision},
  pages={3836--3847},
  year={2023}
}

@article{deepvecfont,
  title={Deepvecfont: synthesizing high-quality vector fonts via dual-modality learning},
  author={Wang, Yizhi and Lian, Zhouhui},
  journal={ACM Transactions on Graphics (TOG)},
  volume={40},
  number={6},
  pages={1--15},
  year={2021},
  publisher={ACM New York, NY, USA}
}

@article{diffsim,
  title={DiffSim: Taming Diffusion Models for Evaluating Visual Similarity},
  author={Song, Yiren and Liu, Xiaokang and Shou, Mike Zheng},
  journal={arXiv preprint arXiv:2412.14580},
  year={2024}
}

@article{diffsketcher,
  title={Diffsketcher: Text guided vector sketch synthesis through latent diffusion models},
  author={Xing, Ximing and Wang, Chuang and Zhou, Haitao and Zhang, Jing and Yu, Qian and Xu, Dong},
  journal={Advances in Neural Information Processing Systems},
  volume={36},
  pages={15869--15889},
  year={2023}
}

@article{diffvg,
  title={Differentiable vector graphics rasterization for editing and learning},
  author={Li, Tzu-Mao and Luk{\'a}{\v{c}}, Michal and Gharbi, Micha{\"e}l and Ragan-Kelley, Jonathan},
  journal={ACM Transactions on Graphics (TOG)},
  volume={39},
  number={6},
  pages={1--15},
  year={2020},
  publisher={ACM New York, NY, USA}
}

@inproceedings{dit,
  title={Scalable diffusion models with transformers},
  author={Peebles, William and Xie, Saining},
  booktitle={Proceedings of the IEEE/CVF International Conference on Computer Vision},
  pages={4195--4205},
  year={2023}
}

@article{dreamfusion,
  title={Dreamfusion: Text-to-3d using 2d diffusion},
  author={Poole, Ben and Jain, Ajay and Barron, Jonathan T and Mildenhall, Ben},
  journal={arXiv preprint arXiv:2209.14988},
  year={2022}
}

@INPROCEEDINGS{fast_icassp,
  author={Zhang, Yuxuan and Song, Yiren and Yu, Jinpeng and Pan, Han and Jing, Zhongliang},
  booktitle={ICASSP 2024 - 2024 IEEE International Conference on Acoustics, Speech and Signal Processing (ICASSP)}, 
  title={Fast Personalized Text to Image Synthesis with Attention Injection}, 
  year={2024},
  volume={},
  number={},
  pages={6195-6199},
  keywords={Training;Image synthesis;Signal processing;Acoustics;Speech processing;Personalized Text-to-Image Generation;Computer Vision;Deep Learning;Diffusion models},
  doi={10.1109/ICASSP48485.2024.10447042}}

@article{hair,
  title={Stable-Hair: Real-World Hair Transfer via Diffusion Model},
  author={Zhang, Yuxuan and Zhang, Qing and Song, Yiren and Liu, Jiaming},
  journal={arXiv preprint arXiv:2407.14078},
  year={2024}
}

@inproceedings{hu2023stroke,
  title={Stroke-based Neural Painting and Stylization with Dynamically Predicted Painting Region},
  author={Hu, Teng and Yi, Ran and Zhu, Haokun and Liu, Liang and Peng, Jinlong and Wang, Yabiao and Wang, Chengjie and Ma, Lizhuang},
  booktitle={Proceedings of the 31st ACM International Conference on Multimedia},
  pages={7470--7480},
  year={2023}
}

@article{iconshop,
  title={IconShop: Text-Based Vector Icon Synthesis with Autoregressive Transformers},
  author={Wu, Ronghuan and Su, Wanchao and Ma, Kede and Liao, Jing},
  journal={arXiv preprint arXiv:2304.14400},
  year={2023}
}

@article{idp,
  title={IDProtector: An Adversarial Noise Encoder to Protect Against ID-Preserving Image Generation},
  author={Song, Yiren and Yang, Pei and Ci, Hai and Shou, Mike Zheng},
  journal={arXiv preprint arXiv:2412.11638},
  year={2024}
}

@inproceedings{im2vec,
  title={Im2vec: Synthesizing vector graphics without vector supervision},
  author={Reddy, Pradyumna and Gharbi, Michael and Lukac, Michal and Mitra, Niloy J},
  booktitle={Proceedings of the IEEE/CVF Conference on Computer Vision and Pattern Recognition},
  pages={7342--7351},
  year={2021}
}

@article{instantid,
  title={Instantid: Zero-shot identity-preserving generation in seconds},
  author={Wang, Qixun and Bai, Xu and Wang, Haofan and Qin, Zekui and Chen, Anthony},
  journal={arXiv preprint arXiv:2401.07519},
  year={2024}
}

@article{ipa,
  title={Ip-adapter: Text compatible image prompt adapter for text-to-image diffusion models},
  author={Ye, Hu and Zhang, Jun and Liu, Sibo and Han, Xiao and Yang, Wei},
  journal={arXiv preprint arXiv:2308.06721},
  year={2023}
}

@inproceedings{liu2021paint,
  title={Paint transformer: Feed forward neural painting with stroke prediction},
  author={Liu, Songhua and Lin, Tianwei and He, Dongliang and Li, Fu and Deng, Ruifeng and Li, Xin and Ding, Errui and Wang, Hao},
  booktitle={Proceedings of the IEEE/CVF international conference on computer vision},
  pages={6598--6607},
  year={2021}
}

@inproceedings{live,
  title={Towards layer-wise image vectorization},
  author={Ma, Xu and Zhou, Yuqian and Xu, Xingqian and Sun, Bin and Filev, Valerii and Orlov, Nikita and Fu, Yun and Shi, Humphrey},
  booktitle={Proceedings of the IEEE/CVF Conference on Computer Vision and Pattern Recognition},
  pages={16314--16323},
  year={2022}
}

@article{lora,
  title={Lora: Low-rank adaptation of large language models},
  author={Hu, Edward J and Shen, Yelong and Wallis, Phillip and Allen-Zhu, Zeyuan and Li, Yuanzhi and Wang, Shean and Wang, Lu and Chen, Weizhu},
  journal={arXiv preprint arXiv:2106.09685},
  year={2021}
}

@article{makeup,
  title={Stable-Makeup: When Real-World Makeup Transfer Meets Diffusion Model},
  author={Zhang, Yuxuan and Wei, Lifu and Zhang, Qing and Song, Yiren and Liu, Jiaming and Li, Huaxia and Tang, Xu and Hu, Yao and Zhao, Haibo},
  journal={arXiv preprint arXiv:2403.07764},
  year={2024}
}

@inproceedings{nivel,
  title={NIVeL: Neural Implicit Vector Layers for Text-to-Vector Generation},
  author={Thamizharasan, Vikas and Liu, Difan and Fisher, Matthew and Zhao, Nanxuan and Kalogerakis, Evangelos and Lukac, Michal},
  booktitle={Proceedings of the IEEE/CVF Conference on Computer Vision and Pattern Recognition},
  pages={4589--4597},
  year={2024}
}

@inproceedings{oar,
  title={Optimize \& Reduce: A Top-Down Approach for Image Vectorization},
  author={Hirschorn, Or and Jevnisek, Amir and Avidan, Shai},
  booktitle={Proceedings of the AAAI Conference on Artificial Intelligence},
  volume={38},
  number={3},
  pages={2148--2156},
  year={2024}
}

@article{processpainter,
  title={ProcessPainter: Learn Painting Process from Sequence Data},
  author={Song, Yiren and Huang, Shijie and Yao, Chen and Ye, Xiaojun and Ci, Hai and Liu, Jiaming and Zhang, Yuxuan and Shou, Mike Zheng},
  journal={arXiv preprint arXiv:2406.06062},
  year={2024}
}

@inproceedings{sd,
  title={High-resolution image synthesis with latent diffusion models},
  author={Rombach, Robin and Blattmann, Andreas and Lorenz, Dominik and Esser, Patrick and Ommer, Bj{\"o}rn},
  booktitle={Proceedings of the IEEE/CVF conference on computer vision and pattern recognition},
  pages={10684--10695},
  year={2022}
}

@inproceedings{singh2022intelli,
  title={Intelli-Paint: Towards developing more human-intelligible painting agents},
  author={Singh, Jaskirat and Smith, Cameron and Echevarria, Jose and Zheng, Liang},
  booktitle={European Conference on Computer Vision},
  pages={685--701},
  year={2022},
  organization={Springer}
}

@InProceedings{ssr,
    author    = {Zhang, Yuxuan and Song, Yiren and Liu, Jiaming and Wang, Rui and Yu, Jinpeng and Tang, Hao and Li, Huaxia and Tang, Xu and Hu, Yao and Pan, Han and Jing, Zhongliang},
    title     = {SSR-Encoder: Encoding Selective Subject Representation for Subject-Driven Generation},
    booktitle = {Proceedings of the IEEE/CVF Conference on Computer Vision and Pattern Recognition (CVPR)},
    month     = {June},
    year      = {2024},
    pages     = {8069-8078}
}

@article{strokenuwa,
  title={StrokeNUWA: Tokenizing Strokes for Vector Graphic Synthesis},
  author={Tang, Zecheng and Wu, Chenfei and Zhang, Zekai and Ni, Mingheng and Yin, Shengming and Liu, Yu and Yang, Zhengyuan and Wang, Lijuan and Liu, Zicheng and Li, Juntao and others},
  journal={arXiv preprint arXiv:2401.17093},
  year={2024}
}

@inproceedings{svg+vae,
  title={A learned representation for scalable vector graphics},
  author={Lopes, Raphael Gontijo and Ha, David and Eck, Douglas and Shlens, Jonathon},
  booktitle={Proceedings of the IEEE/CVF International Conference on Computer Vision},
  pages={7930--7939},
  year={2019}
}

@inproceedings{svg1,
  title={Convolution surfaces},
  author={Bloomenthal, Jules and Shoemake, Ken},
  booktitle={Proceedings of the 18th annual conference on Computer graphics and interactive techniques},
  pages={251--256},
  year={1991}
}

@article{svg2,
  title={Deepsvg: A hierarchical generative network for vector graphics animation},
  author={Carlier, Alexandre and Danelljan, Martin and Alahi, Alexandre and Timofte, Radu},
  journal={Advances in Neural Information Processing Systems},
  volume={33},
  pages={16351--16361},
  year={2020}
}

@article{svg3,
  title={Stochastic sampling in computer graphics},
  author={Cook, Robert L},
  journal={ACM Transactions on Graphics (TOG)},
  volume={5},
  number={1},
  pages={51--72},
  year={1986},
  publisher={ACM New York, NY, USA}
}

@inproceedings{svg4,
  title={Deep vectorization of technical drawings},
  author={Egiazarian, Vage and Voynov, Oleg and Artemov, Alexey and Volkhonskiy, Denis and Safin, Aleksandr and Taktasheva, Maria and Zorin, Denis and Burnaev, Evgeny},
  booktitle={European conference on computer vision},
  pages={582--598},
  year={2020},
  organization={Springer}
}

@article{t2v,
  title={Text-to-vector generation with neural path representation},
  author={Zhang, Peiying and Zhao, Nanxuan and Liao, Jing},
  journal={ACM Transactions on Graphics (TOG)},
  volume={43},
  number={4},
  pages={1--13},
  year={2024},
  publisher={ACM New York, NY, USA}
}

@inproceedings{vectorfusion,
  title={Vectorfusion: Text-to-svg by abstracting pixel-based diffusion models},
  author={Jain, Ajay and Xie, Amber and Abbeel, Pieter},
  booktitle={Proceedings of the IEEE/CVF Conference on Computer Vision and Pattern Recognition},
  pages={1911--1920},
  year={2023}
}

