@article{achiam2023gpt,
  title={Gpt-4 technical report},
  author={Achiam, Josh and Adler, Steven and Agarwal, Sandhini and Ahmad, Lama and Akkaya, Ilge and Aleman, Florencia Leoni and Almeida, Diogo and Altenschmidt, Janko and Altman, Sam and Anadkat, Shyamal and others},
  journal={arXiv:2303.08774},
  year={2023}
}

@article{jiang2023mistral,
  title={Mistral 7B},
  author={Jiang, Albert Q and Sablayrolles, Alexandre and Mensch, Arthur and Bamford, Chris and Chaplot, Devendra Singh and Casas, Diego de las and Bressand, Florian and Lengyel, Gianna and Lample, Guillaume and Saulnier, Lucile and others},
  journal={arXiv:2310.06825},
  year={2023}
}

@article{kahneman2011thinking,
  title={Thinking, fast and slow},
  author={Kahneman, Daniel},
  journal={Farrar, Straus and Giroux},
  year={2011}
}

@article{kang2024mindstar,
  title={MindStar: Enhancing Math Reasoning in Pre-trained LLMs at Inference Time},
  author={Kang, Jikun and Li, Xin Zhe and Chen, Xi and Kazemi, Amirreza and Chen, Boxing},
  journal={arXiv:2405.16265},
  year={2024}
}

@article{kojima2022large,
  title={Large language models are zero-shot reasoners},
  author={Kojima, Takeshi and Gu, Shixiang Shane and Reid, Machel and Matsuo, Yutaka and Iwasawa, Yusuke},
  journal={Advances in neural information processing systems},
  volume={35},
  pages={22199--22213},
  year={2022}
}

@article{lightman2023let,
  title={Let's verify step by step},
  author={Lightman, Hunter and Kosaraju, Vineet and Burda, Yura and Edwards, Harri and Baker, Bowen and Lee, Teddy and Leike, Jan and Schulman, John and Sutskever, Ilya and Cobbe, Karl},
  journal={arXiv preprint arXiv:2305.20050},
  year={2023}
}

@article{schulman2015high,
  title={High-dimensional continuous control using generalized advantage estimation},
  author={Schulman, John and Moritz, Philipp and Levine, Sergey and Jordan, Michael and Abbeel, Pieter},
  journal={arXiv preprint arXiv:1506.02438},
  year={2015}
}

@inproceedings{shen2021generate,
  title={Generate \& Rank: A Multi-task Framework for Math Word Problems},
  author={Shen, Jianhao and Yin, Yichun and Li, Lin and Shang, Lifeng and Jiang, Xin and Zhang, Ming and Liu, Qun},
  booktitle={Findings of the Association for Computational Linguistics: EMNLP 2021},
  pages={2269--2279},
  year={2021}
}

@article{silver2016mastering,
  title={Mastering the game of Go with deep neural networks and tree search},
  author={Silver, David and Huang, Aja and Maddison, Chris J and Guez, Arthur and Sifre, Laurent and Van Den Driessche, George and Schrittwieser, Julian and Antonoglou, Ioannis and Panneershelvam, Veda and Lanctot, Marc and others},
  journal={nature},
  volume={529},
  number={7587},
  pages={484--489},
  year={2016},
  publisher={Nature Publishing Group}
}

@article{tian2024toward,
  title={Toward Self-Improvement of LLMs via Imagination, Searching, and Criticizing},
  author={Tian, Ye and Peng, Baolin and Song, Linfeng and Jin, Lifeng and Yu, Dian and Mi, Haitao and Yu, Dong},
  journal={arXiv:2404.12253},
  year={2024}
}

@article{touvron2023llama,
  title={Llama 2: Open foundation and fine-tuned chat models},
  author={Touvron, Hugo and Martin, Louis and Stone, Kevin and Albert, Peter and Almahairi, Amjad and Babaei, Yasmine and Bashlykov, Nikolay and Batra, Soumya and Bhargava, Prajjwal and Bhosale, Shruti and others},
  journal={arXiv:2307.09288},
  year={2023}
}

@inproceedings{wang2022self,
  title={Self-Consistency Improves Chain of Thought Reasoning in Language Models},
  author={Wang, Xuezhi and Wei, Jason and Schuurmans, Dale and Le, Quoc V and Chi, Ed H and Narang, Sharan and Chowdhery, Aakanksha and Zhou, Denny},
  booktitle={Proc. of ICLR 2022},
  year={2022}
}

@article{wang2023math,
  title={Math-shepherd: A label-free step-by-step verifier for llms in mathematical reasoning},
  author={Wang, Peiyi and Li, Lei and Shao, Zhihong and Xu, RX and Dai, Damai and Li, Yifei and Chen, Deli and Wu, Y and Sui, Zhifang},
  journal={arXiv:2312.08935},
  year={2023}
}

@article{wang2024litesearch,
  title={LiteSearch: Efficacious Tree Search for LLM},
  author={Wang, Ante and Song, Linfeng and Tian, Ye and Peng, Baolin and Yu, Dian and Mi, Haitao and Su, Jinsong and Yu, Dong},
  journal={arXiv preprint arXiv:2407.00320},
  year={2024}
}

@article{wang2024q,
  title={Q*: Improving multi-step reasoning for llms with deliberative planning},
  author={Wang, Chaojie and Deng, Yanchen and Lyu, Zhiyi and Zeng, Liang and He, Jujie and Yan, Shuicheng and An, Bo},
  journal={arXiv preprint arXiv:2406.14283},
  year={2024}
}

@inproceedings{yao2024tree,
  title={Tree of thoughts: Deliberate problem solving with large language models},
  author={Yao, Shunyu and Yu, Dian and Zhao, Jeffrey and Shafran, Izhak and Griffiths, Tom and Cao, Yuan and Narasimhan, Karthik},
  booktitle={Proc. of NIPS 2024},
  year={2024}
}

@inproceedings{yu2024ovm,
  title={OVM, Outcome-supervised Value Models for Planning in Mathematical Reasoning},
  author={Yu, Fei and Gao, Anningzhe and Wang, Benyou},
  booktitle={Findings of the Association for Computational Linguistics: NAACL 2024},
  pages={858--875},
  year={2024}
}

@article{zhang2024accessing,
  title={Accessing GPT-4 level Mathematical Olympiad Solutions via Monte Carlo Tree Self-refine with LLaMa-3 8B},
  author={Zhang, Di and Li, Jiatong and Huang, Xiaoshui and Zhou, Dongzhan and Li, Yuqiang and Ouyang, Wanli},
  journal={arXiv:2406.07394},
  year={2024}
}

@article{zhu2024deductive,
  title={Deductive Beam Search: Decoding Deducible Rationale for Chain-of-Thought Reasoning},
  author={Zhu, Tinghui and Zhang, Kai and Xie, Jian and Su, Yu},
  journal={arXiv:2401.17686},
  year={2024}
}

