@article{openai-o1,
  title={OpenAI o1 System Card},
  author={OpenAI},
  year={2024},
  url={https://openai.com/index/openai-o1-system-card/}
}

@article{llama-3,
  title={Introducing Meta Llama 3: The most capable openly available LLM to date},
  author={Meta},
  year={2024},
  url={https://ai.meta.com/blog/meta-llama-3/}
}

@article{touvron2023llama,
  title={Llama 2: Open foundation and fine-tuned chat models},
  author={Touvron, Hugo and Martin, Louis and Stone, Kevin and Albert, Peter and Almahairi, Amjad and Babaei, Yasmine and Bashlykov, Nikolay and Batra, Soumya and Bhargava, Prajjwal and Bhosale, Shruti and others},
  journal={arXiv:2307.09288},
  year={2023}
}

@article{jiang2023mistral,
  title={Mistral 7B},
  author={Jiang, Albert Q and Sablayrolles, Alexandre and Mensch, Arthur and Bamford, Chris and Chaplot, Devendra Singh and Casas, Diego de las and Bressand, Florian and Lengyel, Gianna and Lample, Guillaume and Saulnier, Lucile and others},
  journal={arXiv:2310.06825},
  year={2023}
}

@article{achiam2023gpt,
  title={Gpt-4 technical report},
  author={Achiam, Josh and Adler, Steven and Agarwal, Sandhini and Ahmad, Lama and Akkaya, Ilge and Aleman, Florencia Leoni and Almeida, Diogo and Altenschmidt, Janko and Altman, Sam and Anadkat, Shyamal and others},
  journal={arXiv:2303.08774},
  year={2023}
}

@article{lightman2023let,
  title={Let's verify step by step},
  author={Lightman, Hunter and Kosaraju, Vineet and Burda, Yura and Edwards, Harri and Baker, Bowen and Lee, Teddy and Leike, Jan and Schulman, John and Sutskever, Ilya and Cobbe, Karl},
  journal={arXiv preprint arXiv:2305.20050},
  year={2023}
}

@article{kang2024mindstar,
  title={MindStar: Enhancing Math Reasoning in Pre-trained LLMs at Inference Time},
  author={Kang, Jikun and Li, Xin Zhe and Chen, Xi and Kazemi, Amirreza and Chen, Boxing},
  journal={arXiv:2405.16265},
  year={2024}
}

@article{tian2024toward,
  title={Toward Self-Improvement of LLMs via Imagination, Searching, and Criticizing},
  author={Tian, Ye and Peng, Baolin and Song, Linfeng and Jin, Lifeng and Yu, Dian and Mi, Haitao and Yu, Dong},
  journal={arXiv:2404.12253},
  year={2024}
}

@inproceedings{yao2024tree,
  title={Tree of thoughts: Deliberate problem solving with large language models},
  author={Yao, Shunyu and Yu, Dian and Zhao, Jeffrey and Shafran, Izhak and Griffiths, Tom and Cao, Yuan and Narasimhan, Karthik},
  booktitle={Proc. of NIPS 2024},
  year={2024}
}

@article{wang2024litesearch,
  title={LiteSearch: Efficacious Tree Search for LLM},
  author={Wang, Ante and Song, Linfeng and Tian, Ye and Peng, Baolin and Yu, Dian and Mi, Haitao and Su, Jinsong and Yu, Dong},
  journal={arXiv preprint arXiv:2407.00320},
  year={2024}
}

@inproceedings{xie2024self,
  title={Self-evaluation guided beam search for reasoning},
  author={Xie, Yuxi and Kawaguchi, Kenji and Zhao, Yiran and Zhao, James Xu and Kan, Min-Yen and He, Junxian and Xie, Michael},
  booktitle={Proc. of NIPS 2024},
  year={2024}
}

@inproceedings{khalifa2023grace,
  title={Grace: Discriminator-guided chain-of-thought reasoning},
  author={Khalifa, Muhammad and Logeswaran, Lajanugen and Lee, Moontae and Lee, Honglak and Wang, Lu},
  booktitle={Proc. of Findings of EMNLP 2023},
  pages={15299--15328},
  year={2023}
}

@inproceedings{wang2022self,
  title={Self-Consistency Improves Chain of Thought Reasoning in Language Models},
  author={Wang, Xuezhi and Wei, Jason and Schuurmans, Dale and Le, Quoc V and Chi, Ed H and Narang, Sharan and Chowdhery, Aakanksha and Zhou, Denny},
  booktitle={Proc. of ICLR 2022},
  year={2022}
}

@article{wang2023math,
  title={Math-shepherd: A label-free step-by-step verifier for llms in mathematical reasoning},
  author={Wang, Peiyi and Li, Lei and Shao, Zhihong and Xu, RX and Dai, Damai and Li, Yifei and Chen, Deli and Wu, Y and Sui, Zhifang},
  journal={arXiv:2312.08935},
  year={2023}
}

@article{zhu2024deductive,
  title={Deductive Beam Search: Decoding Deducible Rationale for Chain-of-Thought Reasoning},
  author={Zhu, Tinghui and Zhang, Kai and Xie, Jian and Su, Yu},
  journal={arXiv:2401.17686},
  year={2024}
}

@article{zhang2024accessing,
  title={Accessing GPT-4 level Mathematical Olympiad Solutions via Monte Carlo Tree Self-refine with LLaMa-3 8B},
  author={Zhang, Di and Li, Jiatong and Huang, Xiaoshui and Zhou, Dongzhan and Li, Yuqiang and Ouyang, Wanli},
  journal={arXiv:2406.07394},
  year={2024}
}

@inproceedings{hendrycks2021measuring,
  title={Measuring Mathematical Problem Solving With the MATH Dataset},
  author={Hendrycks, Dan and Burns, Collin and Kadavath, Saurav and Arora, Akul and Basart, Steven and Tang, Eric and Song, Dawn and Steinhardt, Jacob},
  booktitle={Proc. of NIPS 2021},
  year={2021}
}

@article{cobbe2021training,
  title={Training verifiers to solve math word problems},
  author={Cobbe, Karl and Kosaraju, Vineet and Bavarian, Mohammad and Chen, Mark and Jun, Heewoo and Kaiser, Lukasz and Plappert, Matthias and Tworek, Jerry and Hilton, Jacob and Nakano, Reiichiro and others},
  journal={arXiv:2110.14168},
  year={2021}
}

@article{feng2023alphazero,
  title={Alphazero-like tree-search can guide large language model decoding and training},
  author={Feng, Xidong and Wan, Ziyu and Wen, Muning and Wen, Ying and Zhang, Weinan and Wang, Jun},
  journal={arXiv:2309.17179},
  year={2023}
}

@article{pedregosa2011scikit,
  title={Scikit-learn: Machine learning in Python},
  author={Pedregosa, Fabian and Varoquaux, Ga{\"e}l and Gramfort, Alexandre and Michel, Vincent and Thirion, Bertrand and Grisel, Olivier and Blondel, Mathieu and Prettenhofer, Peter and Weiss, Ron and Dubourg, Vincent and others},
  journal={the Journal of machine Learning research},
  volume={12},
  pages={2825--2830},
  year={2011},
  publisher={JMLR. org}
}

@article{liu2019roberta,
  title={Roberta: A robustly optimized bert pretraining approach},
  author={Liu, Yinhan},
  journal={arXiv preprint arXiv:1907.11692},
  volume={364},
  year={2019}
}

@inproceedings{gao2021simcse,
  title={SimCSE: Simple Contrastive Learning of Sentence Embeddings},
  author={Gao, Tianyu and Yao, Xingcheng and Chen, Danqi},
  booktitle={Proceedings of the 2021 Conference on Empirical Methods in Natural Language Processing},
  pages={6894--6910},
  year={2021}
}

@article{sutton1988learning,
  title={Learning to predict by the methods of temporal differences},
  author={Sutton, Richard S},
  journal={Machine learning},
  volume={3},
  pages={9--44},
  year={1988},
  publisher={Springer}
}

@article{li2024gsm,
  title={GSM-Plus: A Comprehensive Benchmark for Evaluating the Robustness of LLMs as Mathematical Problem Solvers},
  author={Li, Qintong and Cui, Leyang and Zhao, Xueliang and Kong, Lingpeng and Bi, Wei},
  journal={arXiv preprint arXiv:2402.19255},
  year={2024}
}

@inproceedings{holtzmancurious,
  title={The Curious Case of Neural Text Degeneration},
  author={Holtzman, Ari and Buys, Jan and Du, Li and Forbes, Maxwell and Choi, Yejin},
  booktitle={International Conference on Learning Representations}
}

@article{kojima2022large,
  title={Large language models are zero-shot reasoners},
  author={Kojima, Takeshi and Gu, Shixiang Shane and Reid, Machel and Matsuo, Yutaka and Iwasawa, Yusuke},
  journal={Advances in neural information processing systems},
  volume={35},
  pages={22199--22213},
  year={2022}
}

@inproceedings{yu2024ovm,
  title={OVM, Outcome-supervised Value Models for Planning in Mathematical Reasoning},
  author={Yu, Fei and Gao, Anningzhe and Wang, Benyou},
  booktitle={Findings of the Association for Computational Linguistics: NAACL 2024},
  pages={858--875},
  year={2024}
}

@article{schulman2015high,
  title={High-dimensional continuous control using generalized advantage estimation},
  author={Schulman, John and Moritz, Philipp and Levine, Sergey and Jordan, Michael and Abbeel, Pieter},
  journal={arXiv preprint arXiv:1506.02438},
  year={2015}
}

@inproceedings{yumetamath,
  title={MetaMath: Bootstrap Your Own Mathematical Questions for Large Language Models},
  author={Yu, Longhui and Jiang, Weisen and Shi, Han and Jincheng, YU and Liu, Zhengying and Zhang, Yu and Kwok, James and Li, Zhenguo and Weller, Adrian and Liu, Weiyang},
  booktitle={The Twelfth International Conference on Learning Representations}
}

@book{pearl1984heuristics,
  title={Heuristics: intelligent search strategies for computer problem solving},
  author={Pearl, Judea},
  year={1984},
  publisher={Addison-Wesley Longman Publishing Co., Inc.}
}

@book{nilsson1984shakey,
  title={Shakey the robot},
  author={Nilsson, Nils J and others},
  volume={323},
  year={1984},
  publisher={Sri International Menlo Park, California}
}

@article{kahneman2011thinking,
  title={Thinking, fast and slow},
  author={Kahneman, Daniel},
  journal={Farrar, Straus and Giroux},
  year={2011}
}

@article{silver2016mastering,
  title={Mastering the game of Go with deep neural networks and tree search},
  author={Silver, David and Huang, Aja and Maddison, Chris J and Guez, Arthur and Sifre, Laurent and Van Den Driessche, George and Schrittwieser, Julian and Antonoglou, Ioannis and Panneershelvam, Veda and Lanctot, Marc and others},
  journal={nature},
  volume={529},
  number={7587},
  pages={484--489},
  year={2016},
  publisher={Nature Publishing Group}
}

@inproceedings{shen2021generate,
  title={Generate \& Rank: A Multi-task Framework for Math Word Problems},
  author={Shen, Jianhao and Yin, Yichun and Li, Lin and Shang, Lifeng and Jiang, Xin and Zhang, Ming and Liu, Qun},
  booktitle={Findings of the Association for Computational Linguistics: EMNLP 2021},
  pages={2269--2279},
  year={2021}
}

@article{guo2025deepseek,
  title={Deepseek-r1: Incentivizing reasoning capability in llms via reinforcement learning},
  author={Guo, Daya and Yang, Dejian and Zhang, Haowei and Song, Junxiao and Zhang, Ruoyu and Xu, Runxin and Zhu, Qihao and Ma, Shirong and Wang, Peiyi and Bi, Xiao and others},
  journal={arXiv preprint arXiv:2501.12948},
  year={2025}
}

@article{wang2024q,
  title={Q*: Improving multi-step reasoning for llms with deliberative planning},
  author={Wang, Chaojie and Deng, Yanchen and Lyu, Zhiyi and Zeng, Liang and He, Jujie and Yan, Shuicheng and An, Bo},
  journal={arXiv preprint arXiv:2406.14283},
  year={2024}
}

@inproceedings{agirre2014semeval,
  title={Semeval-2014 task 10: Multilingual semantic textual similarity},
  author={Agirre, Eneko and Banea, Carmen and Cardie, Claire and Cer, Daniel and Diab, Mona and Gonzalez-Agirre, Aitor and Guo, Weiwei and Mihalcea, Rada and Rigau, German and Wiebe, Janyce},
  booktitle={Proceedings of the 8th international workshop on semantic evaluation (SemEval 2014)},
  pages={81--91},
  year={2014}
}

@inproceedings{dolan2005automatically,
  title={Automatically constructing a corpus of sentential paraphrases},
  author={Dolan, Bill and Brockett, Chris},
  booktitle={Third international workshop on paraphrasing (IWP2005)},
  year={2005}
}

@article{sutton2018reinforcement,
  title={Reinforcement learning: An introduction},
  author={Sutton, Richard S},
  journal={A Bradford Book},
  year={2018}
}

@article{ouyang2022training,
  title={Training language models to follow instructions with human feedback},
  author={Ouyang, Long and Wu, Jeffrey and Jiang, Xu and Almeida, Diogo and Wainwright, Carroll and Mishkin, Pamela and Zhang, Chong and Agarwal, Sandhini and Slama, Katarina and Ray, Alex and others},
  journal={Advances in neural information processing systems},
  volume={35},
  pages={27730--27744},
  year={2022}
}
