@misc{brennen_loophole, title={Closing the Data Broker Loophole | Brennan Center for Justice}, url={https://www.brennancenter.org/our-work/research-reports/closing-data-broker-loophole}, journal={www.brennancenter.org}, author={Brennan Center}, year={2024}, month={Jan} }
@ARTICLE{carpenterEvade,
  title     = "How the government's purchase of commercial location data
               violates Carpenter and evades the Fourth Amendment",
  author    = "Rahbar, Dori H",
  journal   = "Columbia Law Rev.",
  publisher = "Columbia Law Review Association, Inc.",
  volume    =  122,
  number    =  3,
  pages     = "713--754",
  year      =  2022
}
@misc{grindr, title={This outed priest’s story is a warning for everyone about the need for data privacy laws}, url={https://www.vox.com/recode/22587248/grindr-app-location-data-outed-priest-jeffrey-burrill-pillar-data-harvesting}, journal={Vox}, author={Morrison, Sara}, year={2021}, month={Jul} }


@misc{plannedparenthood, title={Data Broker Is Selling Location Data of People Who Visit Abortion Clinics}, url={https://www.vice.com/en/article/m7vzjb/location-data-abortion-clinics-safegraph-planned-parenthood}, journal={www.vice.com}, author={Cox, Joseph}, year={2022}, month={May} }
@ARTICLE{thirdPartyData,
  title     = "The brave new world of third party location data",
  author    = "Brennan, Shelby and Coulthart, Stephen and Nussbaum, Brian",
  journal   = "J. Strat. Secur.",
  publisher = "University of South Florida Board of Trustees",
  volume    =  16,
  number    =  2,
  pages     = "81--95",
  year      =  2023
}


@misc{spectusDeviceRecurring,
	author = {},
	title = {{D}evice {R}ecurring {A}reas and {S}ensitive {L}ocations - {S}pectus {D}ocumentation {P}ortal --- docs.spectus.ai},
	howpublished = {\url{https://docs.spectus.ai/Getting%20Started/User_Guides/Data_Assets/Device_Recurring_Areas_and_Sensitive_Locations/#how-we-expose-the-devices-recurring-areas}},
	year = {},
	note = {[Accessed 05-02-2025]},
}

@article{martin,
author = {Martin, Kirsten and Nissenbaum, Helen},
year = {2019},
month = {12},
pages = {},
title = {What Is It About Location?},
journal = {Berkeley technology law journal / Boalt Hall School of Law, University of California, Berkeley},
doi = {10.2139/ssrn.3360409}
}

@article{cross_platform_social_media_data,
  title={When research is the context: Cross-platform user expectations for social media data reuse},
  author={Gilbert, Sarah and Shilton, Katie and Vitak, Jessica},
  journal={Big Data \& Society},
  volume={10},
  number={1},
  pages={20539517231164108},
  year={2023},
  publisher={SAGE Publications Sage UK: London, England}
}

@ARTICLE{estabaan_urban_dynamics,
  title    = "Identifying latent activity behaviors and lifestyles using
              mobility data to describe urban dynamics",
  author   = "Yang, Yanni and Pentland, Alex and Moro, Esteban",
  journal  = "EPJ Data Sci.",
  volume   =  12,
  number   =  1,
  pages    = "15",
  month    =  may,
  year     =  2023,
  keywords = "Census; Health Risk; Lifestyles; Mobility data; Non-negative
              matrix factorization; Segregation; Topic analysis; Transportation",
  language = "en"
}

@article {garcia_you_are_what_you_eat,
	author = {Garcia-Bulle, Bernardo and Horn, Abigail L. and Bell, Brooke M. and Bahrami, Mohsen and Bozkaya, Burcin and Pentland, Alex and de la Haye, Kayla and Moro, Esteban},
	title = {You are where you eat: Effect of mobile food environments on fast food visits},
	elocation-id = {2022.09.20.22280128},
	year = {2022},
	doi = {10.1101/2022.09.20.22280128},
	publisher = {Cold Spring Harbor Laboratory Press},
	URL = {https://www.medrxiv.org/content/early/2022/09/22/2022.09.20.22280128},
	eprint = {https://www.medrxiv.org/content/early/2022/09/22/2022.09.20.22280128.full.pdf},
	journal = {medRxiv}
}

@unpublished{mobile_data_thesis,
          editor = {A Bryant and E Halpin},
           month = {April},
           title = {An analysis of the relationship between individuals? perceptions of privacy and mobile phone location data - a grounded theory study},
          school = {Leeds Metropolitan University},
          author = {A Gorra},
            year = {2007},
        keywords = {grounded theory methodology; mobile phone location data; privacy},
             url = {https://eprints.leedsbeckett.ac.uk/id/eprint/1554/},
       
}

@article{colombia_privacy_study, title={Privacy perception in location-based services for mobile devices in the university community of the north coast of Colombia}, volume={23}, url={https://www.redalyc.org/journal/477/47760079005/47760079005.pdf}, DOI={https://doi.org/10.11144/javeriana.iyu23-1.pplb}, number={1}, journal={Ingenieria y Universidad}, author={Gamarra, Margarita and Meriño Fuentes, Inés and Calabria Sarmiento, Juan and Gutierrez Acosta, Omar and Barrios Barrios, Mauricio and Leal, Nallig and Wightman Rojas, Pedro Mario}, year={2019}, month={Feb} }

@article{privacy_covid,
  title={Americans’ perceptions of privacy and surveillance in the COVID-19 pandemic},
  author={Zhang, Baobao and Kreps, Sarah and McMurry, Nina and McCain, R Miles},
  journal={Plos one},
  volume={15},
  number={12},
  pages={e0242652},
  year={2020},
  publisher={Public Library of Science San Francisco, CA USA}
}
@inproceedings {vizbetter,
author = {Florian M. Farke and David G. Balash and Maximilian Golla and Markus D{\"u}rmuth and Adam J. Aviv},
title = {Are Privacy Dashboards Good for End Users? Evaluating User Perceptions and Reactions to Google{\textquoteright}s My Activity},
booktitle = {30th USENIX Security Symposium (USENIX Security 21)},
year = {2021},
isbn = {978-1-939133-24-3},
pages = {483--500},
url = {https://www.usenix.org/conference/usenixsecurity21/presentation/farke},
publisher = {USENIX Association},
month = aug
}
@article{employee_surveillance,
  title={Surveillance and the future of work: exploring employees' attitudes toward monitoring in a post-COVID workplace},
  author={Jessica Vitak and Michael Zimmer},
  journal={J. Comput. Mediat. Commun.},
  year={2023},
  volume={28},
  url={https://api.semanticscholar.org/CorpusID:259666183}
}

@article{surveillance_covid,
  title={Privacy and surveillance attitudes during health crises: Acceptance of surveillance and privacy protection behaviours},
  author={Ioannou, Athina and Tussyadiah, Iis},
  journal={Technology in Society},
  volume={67},
  pages={101774},
  year={2021},
  publisher={Elsevier}
}

@INPROCEEDINGS{video_survellience,
  author={Chen, Andrew Tzer-Yeu and Biglari-Abhari, Morteza and Wang, Kevin I-Kai},
  booktitle={2018 15th IEEE International Conference on Advanced Video and Signal Based Surveillance (AVSS)}, 
  title={Context is King: Privacy Perceptions of Camera-based Surveillance}, 
  year={2018},
  volume={},
  number={},
  pages={1-6},
  keywords={Privacy;Surveillance;Cameras;Government;Safety;Tracking;Calibration},
  doi={10.1109/AVSS.2018.8639448}}

@article{privacy_covid_2,
  title={An examination of people’s privacy concerns, perceptions of social benefits, and acceptance of COVID-19 mitigation measures that harness location information: A comparative study of the US and South Korea},
  author={Kim, Junghwan and Kwan, Mei-Po},
  journal={ISPRS International Journal of Geo-Information},
  volume={10},
  number={1},
  pages={25},
  year={2021},
  publisher={MDPI}
}

@article{contact_tracing_apps, title={Contact tracing apps for the COVID-19 pandemic: a systematic literature review of challenges and future directions for neo-liberal societies}, volume={9}, DOI={https://doi.org/10.1007/s13755-021-00147-7}, number={1}, journal={Health Information Science and Systems}, author={Akinbi, Alex and Forshaw, Mark and Blinkhorn, Victoria}, year={2021}, month={Apr} }

@article{location_advertising, title={Location-based advertising on mobile devices}, volume={66}, DOI={https://doi.org/10.1007/s11301-015-0118-z}, number={3}, journal={Management Review Quarterly}, author={Bauer, Christine and Strauss, Christine}, year={2016}, month={Jan}, pages={159–194} }


@article{location_advertisement,
author = {Oliver T. Kurtz and Bernd W. Wirtz and Paul F. Langer},
title ={An Empirical Analysis of Location-Based Mobile Advertising—Determinants, Success Factors, and Moderating Effects},
journal = {Journal of Interactive Marketing},
volume = {54},
number = {1},
pages = {69-85},
year = {2021},
doi = {10.1016/j.intmar.2020.08.001},
URL = { https://doi.org/10.1016/j.intmar.2020.08.001
},eprint = {https://doi.org/10.1016/j.intmar.2020.08.001
}
}

@article{incentive_participate_1, title={Willingness to participate in geolocation-based research}, volume={17}, DOI={https://doi.org/10.1371/journal.pone.0278416}, number={12}, journal={PLOS ONE}, author={Ochoa Gómez, Carlos}, editor={Cremonini, Marco}, year={2022}, month={Dec}, pages={e0278416} }

@article{incentive_participate_2,
    author = {Keusch, Florian and Struminskaya, Bella and Antoun, Christopher and Couper, Mick P and Kreuter, Frauke},
    title = "{Willingness to Participate in Passive Mobile Data Collection}",
    journal = {Public Opinion Quarterly},
    volume = {83},
    number = {S1},
    pages = {210-235},
    year = {2019},
    month = {06},
    issn = {0033-362X},
    doi = {10.1093/poq/nfz007},
    url = {https://doi.org/10.1093/poq/nfz007},
    eprint = {https://academic.oup.com/poq/article-pdf/83/S1/210/29021801/nfz007\_suppl\_supplementary\_appendix.pdf},
}

@article{privacy_risk_awareness, title={Investigating People’s Privacy Risk Perception}, volume={2019}, DOI={https://doi.org/10.2478/popets-2019-0047}, number={3}, journal={Proceedings on Privacy Enhancing Technologies}, author={Gerber, Nina and Reinheimer, Benjamin and Volkamer, Melanie}, year={2019}, month={Jul}, pages={267–288} }

@misc{vox_privacy, title={The hidden trackers in your phone, explained}, url={https://www.vox.com/recode/2020/7/8/21311533/sdks-tracking-data-location}, journal={Vox}, author={Morrison, Sara}, year={2020}, month={Jul} }

@INPROCEEDINGS{personality_location,
  author={Junglas, Iris and Spitzmuller, Christiane},
  booktitle={2006 International Conference on Mobile Business}, 
  title={Personality Traits and Privacy Perceptions: An Empirical Study in the Context of Location-Based Services}, 
  year={2006},
  volume={},
  number={},
  pages={36-36},
  keywords={Privacy;Context-aware services;Psychology;Stability;Testing;Sampling methods;Law enforcement;Iris;Cellular phones;US Government},
  doi={10.1109/ICMB.2006.40}}

@article{personality_privacy_perception_2016,
title = {Do context and personality matter? Trust and privacy concerns in disclosing private information online},
journal = {Information \& Management},
volume = {53},
number = {1},
pages = {1-21},
year = {2016},
issn = {0378-7206},
doi = {https://doi.org/10.1016/j.im.2015.08.001},
url = {https://www.sciencedirect.com/science/article/pii/S0378720615000853},
author = {Gaurav Bansal and Fatemeh Mariam Zahedi and David Gefen},
keywords = {Trust, Personality, Privacy, Context sensitivity, Theory of reasoned action, Prospect theory, TRA-Privacy},
}

@article{location_privacy_students,
author = {Matthew Haffner, Adam J. Mathews, Emily Fekete and G. Allen Finchum},
title = {Location‐based social media behavior and perception: Views of university students},
journal = {Geographical Review},
volume = {108},
number = {2},
pages = {203--224},
year = {2018},
publisher = {Routledge},
doi = {10.1111/gere.12250},
URL = { 
    
        https://doi.org/10.1111/gere.12250
},
eprint = { 
https://doi.org/10.1111/gere.12250
}
}

@article{location_privacy_SEM,
author = {Edward Shih-Tse Wang and Ruenn-Lien Lin},
title = {Perceived quality factors of location-based apps on trust, perceived privacy risk, and continuous usage intention},
journal = {Behaviour \& Information Technology},
volume = {36},
number = {1},
pages = {2--10},
year = {2017},
publisher = {Taylor \& Francis},
doi = {10.1080/0144929X.2016.1143033},
URL = { https://doi.org/10.1080/0144929X.2016.1143033},
eprint = { https://doi.org/10.1080/0144929X.2016.1143033}
}

@article{privacy_older_adults, title={Privacy preserving actions of older adults on social media: Exploring the behavior of opting out of information sharing}, volume={55}, DOI={https://doi.org/10.1016/j.dss.2013.01.004}, number={4}, journal={Decision Support Systems}, author={Chakraborty, Rajarshi and Vishik, Claire and Rao, H. Raghav}, year={2013}, month={Nov}, pages={948–956} }

@article{location_privacy_selfreflection,
  title={Predicting smartphone location-sharing decisions through self-reflection on past privacy behavior},
  author={Pamela J. Wisniewski and Muhammad Irtaza Safi and Sameer Patil and Xinru Page},
  journal={J. Cybersecur.},
  year={2020},
  volume={6},
  url={https://api.semanticscholar.org/CorpusID:222832078}
}

@misc{pew_teen_sns, title={Teens, Social Media, and Privacy}, url={https://www.pewresearch.org/internet/2013/05/21/teens-social-media-and-privacy/}, journal={Pew Research Center: Internet, Science & Tech}, publisher={Pew Research Center}, author={Madden, Mary and Lenhart, Amanda and Cortesi, Sandra and Gasser, Urs and Duggan, Maeve and Smith, Aaron and Beaton, Meredith}, year={2013}, month={May} }

@misc{pew_teens_2013, title={Teens and Mobile Apps Privacy}, url={https://www.pewresearch.org/internet/2013/08/22/teens-and-mobile-apps-privacy/#:~:text=58%25%20of%20all%20teens%20have}, journal={Pew Research Center}, publisher={Pew Research Center}, author={Research, Pew}, year={2013}, month={Aug} }


@misc{soups_privacy_home, title={Do Privacy and Security Matter to Everyone? Quantifying and Clustering User-Centric Considerations About Smart Home Device Adoption}, url={https://www.usenix.org/conference/soups2020/presentation/barbosa}, journal={www.usenix.org}, author={Barbosa, Natã M. and Zhang, Zhuohao and Wang, Yang}, year={2020}, pages={417–435} }

@Inbook{osint_acceptance,
author="Riebe, Thea",
title="Privacy Concerns and Acceptance Factors of OSINT for Cybersecurity: A Representative Survey",
bookTitle="Technology Assessment of Dual-Use ICTs: How to Assess Diffusion, Governance and Design",
year="2023",
publisher="Springer Fachmedien Wiesbaden",
address="Wiesbaden",
pages="221--248",
isbn="978-3-658-41667-6",
doi="10.1007/978-3-658-41667-6_14",
url="https://doi.org/10.1007/978-3-658-41667-6_14"
}

@article{privacy_exhaustion, title={“All apps do this”: Comparing Privacy Concerns Towards Privacy Tools and Non-Privacy Tools for Social Media Content}, volume={2022}, DOI={https://doi.org/10.56553/popets-2022-0062}, number={3}, journal={Proceedings on Privacy Enhancing Technologies}, author={Bracamonte, Vanessa and Pape, Sebastian and Loebner, Sascha}, year={2022}, month={Jul}, pages={57–78} }

@inproceedings{kanon,
  title={Protecting privacy when disclosing information: k-anonymity and its enforcement through generalization and suppression},
  author={Pierangela Samarati and Latanya Sweeney},
  year={1998},
  url={https://api.semanticscholar.org/CorpusID:2181340}
}

@misc{FTCcase,
	author = {},
	title = {{F}{T}{C} settles unprecedented case against geolocation data broker --- therecord.media},
	howpublished = {\url{https://therecord.media/ftc-settles-case-geolocation-data-broker-xmode-outlogic }},
	year = {},
	note = {[Accessed 27-08-2024]},
}

@misc{FTCsWarn,
	author = {},
	title = {{F}{T}{C}’s {K}han warns tech industry that agency will strictly enforce {A}{I} data privacy --- therecord.media},
	howpublished = {\url{https://therecord.media/ftc-warns-tech-industry-ai-data-privacy}},
	year = {},
	note = {[Accessed 27-08-2024]},
}

@inproceedings{ICADataCollection,
  title={When Do Data Collection and Use Become a Matter of Concern? A Cross-Cultural Comparison of U},
  author={Jessica Vitak and Yuting Liao and Anouk Mols and Daniel Trottier and Michael Zimmer and Priya C. Kumar and Jason Pridmore},
  year={2022},
  url={https://api.semanticscholar.org/CorpusID:261211421}
}

@article{nissenbaum2004privacy,
  title={Privacy as contextual integrity},
  author={Nissenbaum, Helen},
  journal={Wash. L. Rev.},
  volume={79},
  pages={119},
  year={2004},
  publisher={HeinOnline}
}

@inproceedings {naeini,
author = {Pardis Emami Naeini and Sruti Bhagavatula and Hana Habib and Martin Degeling and Lujo Bauer and Lorrie Faith Cranor and Norman Sadeh},
title = {Privacy Expectations and Preferences in an {IoT} World},
booktitle = {Thirteenth Symposium on Usable Privacy and Security (SOUPS 2017)},
year = {2017},
isbn = {978-1-931971-39-3},
address = {Santa Clara, CA},
pages = {399--412},
url = {https://www.usenix.org/conference/soups2017/technical-sessions/presentation/naeini},
publisher = {USENIX Association},
month = jul
}

@inproceedings{westininsufficient,
author = {Yang, Yaqing and Li, Tony W and Jin, Haojian},
title = {On the Feasibility of Predicting Users' Privacy Concerns using Contextual Labels and Personal Preferences},
year = {2024},
isbn = {9798400703300},
publisher = {Association for Computing Machinery},
address = {New York, NY, USA},
url = {https://doi.org/10.1145/3613904.3642500},
doi = {10.1145/3613904.3642500},
booktitle = {Proceedings of the CHI Conference on Human Factors in Computing Systems},
articleno = {792},
numpages = {20},
keywords = {Empirical study that tells us about people, Privacy},
location = {Honolulu, HI, USA},
series = {CHI '24}
}

@article{homeworklocation,
author = {Qingqing Chen and Ate Poorthuis},
title = {Identifying home locations in human mobility data: an open-source R package for comparison and reproducibility},
journal = {International Journal of Geographical Information Science},
volume = {35},
number = {7},
pages = {1425--1448},
year = {2021},
publisher = {Taylor \& Francis},
doi = {10.1080/13658816.2021.1887489},
URL = { https://doi.org/10.1080/13658816.2021.1887489
},
eprint = { https://doi.org/10.1080/13658816.2021.1887489}
}

@ARTICLE{PlacesofVisit,
  title    = "Identifying latent activity behaviors and lifestyles using
  mobility data to describe urban dynamics",
  author   = "Yang, Yanni and Pentland, Alex and Moro, Esteban",

  journal  = "EPJ Data Sci.",
  volume   =  12,
  number   =  1,
  pages    = "15",
  month    =  may,
  year     =  2023,
  keywords = "Census; Health Risk; Lifestyles; Mobility data; Non-negative
matrix factorization; Segregation; Topic analysis; Transportation",
  language = "en"
}

@techreport{modesOfTransport_1,
  title        = {The Promise and Limitations of Locational App Data for Origin-Destination Analysis: A Case Study},
  author       = {Adler, Thomas and Bernardin, Vince and Dumont, J. and Flake, Leah and Sadrsadat, Hadi},
  institution  = {United States. Federal Highway Administration},
  contributor  = {RSG, Inc. and Sun, Sarah},
  year         = {2017},
  month        = {10},
  number       = {FHWA-HEP-20-022},
  url          = {https://rosap.ntl.bts.gov/view/dot/55798}
}


@Article{transport_NZ,
AUTHOR = {Chuang, I-Ting and Beattie, Lee and Feng, Lei},
TITLE = {Analysing the Relationship between Proximity to Transit Stations and Local Living Patterns: A Study of Human Mobility within a 15 Min Walking Distance through Mobile Location Data},
JOURNAL = {Urban Science},
VOLUME = {7},
YEAR = {2023},
NUMBER = {4},
ARTICLE-NUMBER = {105},
URL = {https://www.mdpi.com/2413-8851/7/4/105},
ISSN = {2413-8851},
DOI = {10.3390/urbansci7040105}
}

@article{walk_nz,
author = {I-Ting Chuang and Qingqing Chen},
title ={Urban street dynamics: Assessing the relationship of sidewalk width and pedestrian activity in Auckland, New Zealand, based on mobile phone data},

journal = {Urban Studies},
volume = {0},
number = {0},
pages = {00420980241293659},
year = {0},
doi = {10.1177/00420980241293659},
URL = { https://doi.org/10.1177/00420980241293659},
eprint = { https://doi.org/10.1177/00420980241293659
},
}


@article{home_work_poi_pipeline,
author = {Katarzyna Siła-Nowicka and Jan Vandrol and Taylor Oshan and Jed A. Long and Urška Demšar and A. Stewart Fotheringham},
title = {Analysis of human mobility patterns from GPS trajectories and contextual information},
journal = {International Journal of Geographical Information Science},
volume = {30},
number = {5},
pages = {881--906},
year = {2016},
publisher = {Taylor \& Francis},
doi = {10.1080/13658816.2015.1100731},
URL = { https://doi.org/10.1080/13658816.2015.1100731},
eprint = { https://doi.org/10.1080/13658816.2015.1100731}
}

@article{traj_analysis,
author = {Wenwen Li and Shaohua Wang and Xiaoyi Zhang and Qingren Jia and Yuanyuan Tian},
title = {Understanding intra-urban human mobility through an exploratory spatiotemporal analysis of bike-sharing trajectories},
journal = {International Journal of Geographical Information Science},
volume = {34},
number = {12},
pages = {2451--2474},
year = {2020},
publisher = {Taylor \& Francis},
doi = {10.1080/13658816.2020.1712401},
URL = { 
https://doi.org/10.1080/13658816.2020.1712401},
eprint = { https://doi.org/10.1080/13658816.2020.1712401}
}

@ARTICLE{poi_2,
title     = "Lifestyle pattern analysis unveils recovery trajectories of
communities impacted by disasters",
author    = "Coleman, Natalie and Liu, Chenyue and Zhao, Yiqing and
Mostafavi, Ali",
  journal   = "Humanit. Soc. Sci. Commun.",
  publisher = "Springer Science and Business Media LLC",
  volume    =  10,
  number    =  1,
  month     =  nov,
  year      =  2023,
  copyright = "https://creativecommons.org/licenses/by/4.0",
  language  = "en"
}

@article{mode_detection_all,
title = {GPS data-based mobility mode inference model using long-term recurrent convolutional networks},
journal = {Transportation Research Part C: Emerging Technologies},
volume = {135},
pages = {103523},
year = {2022},
issn = {0968-090X},
doi = {https://doi.org/10.1016/j.trc.2021.103523},
url = {https://www.sciencedirect.com/science/article/pii/S0968090X21005052},
author = {Jinsoo Kim and Jae Hun Kim and Gunwoo Lee},
keywords = {GPS data, Mobility, Mobility mode, Deep learning, long-term recurrent convolutional network (LRCN)},
}

@misc{cuebiqInternational,
	author = {Cuebiq Marketing Team},
	title = {{C}ome {B}ack {S}oon! {M}easuring the {E}ffectiveness of {T}ourism {C}ampaigns with --- cuebiq.com},
	howpublished = {\url{https://cuebiq.com/come-back-soon-tourism/}},
	year = {},
	note = {[Accessed 06-02-2025]},
}

@article{CISmartHome,
author = {Apthorpe, Noah and Shvartzshnaider, Yan and Mathur, Arunesh and Reisman, Dillon and Feamster, Nick},
title = {Discovering Smart Home Internet of Things Privacy Norms Using Contextual Integrity},
year = {2018},
issue_date = {June 2018},
publisher = {Association for Computing Machinery},
address = {New York, NY, USA},
volume = {2},
number = {2},
url = {https://doi.org/10.1145/3214262},
doi = {10.1145/3214262},
journal = {Proc. ACM Interact. Mob. Wearable Ubiquitous Technol.},
month = {jul},
articleno = {59},
numpages = {23},
keywords = {Privacy, Internet of Things, Contextual Integrity}
}

@ARTICLE{walkingActivity,
title     = "Effect of {COVID-19} response policies on walking behavior in
{US} cities",
author    = "Hunter, Ruth F and Garcia, Leandro and de Sa, Thiago Herick and
Zapata-Diomedi, Belen and Millett, Christopher and Woodcock,
James and Pentland, Alex 'sandy' and Moro, Esteban",
  journal   = "Nat. Commun.",
  publisher = "Springer Science and Business Media LLC",
  volume    =  12,
  number    =  1,
  pages     = "3652",
  month     =  jun,
  year      =  2021,
  copyright = "https://creativecommons.org/licenses/by/4.0",
  language  = "en"
}

@inproceedings{contextualLabel,
author = {Yang, Yaqing and Li, Tony W and Jin, Haojian},
title = {On the Feasibility of Predicting Users' Privacy Concerns using Contextual Labels and Personal Preferences},
year = {2024},
isbn = {9798400703300},
publisher = {Association for Computing Machinery},
address = {New York, NY, USA},
url = {https://doi.org/10.1145/3613904.3642500},
doi = {10.1145/3613904.3642500},
booktitle = {Proceedings of the CHI Conference on Human Factors in Computing Systems},
articleno = {792},
numpages = {20},
keywords = {Empirical study that tells us about people, Privacy},
location = {Honolulu, HI, USA},
series = {CHI '24}
}

@inproceedings{hong2016topic,
  title={Topic models to infer socio-economic maps},
  author={Hong, Lingzi and Frias-Martinez, Enrique and Frias-Martinez, Vanessa},
  booktitle={Proceedings of the AAAI Conference on Artificial Intelligence},
  volume={30},
  number={1},
  year={2016}
}


@inproceedings{hong2019characterization,
  title={Characterization of internal migrant behavior in the immediate post-migration period using cell phone traces},
  author={Hong, Lingzi and Wu, Jiahui and Frias-Martinez, Enrique and Villarreal, Andr{\'e}s and Frias-Martinez, Vanessa},
  booktitle={Proceedings of the tenth international conference on information and communication technologies and development},
  pages={1--12},
  year={2019}
}

@article{vignette_instructions,
author = {Baguley, Thom and Dunham, Grace and Steer, Oonagh},
title = {Statistical modelling of vignette data in psychology},
journal = {British Journal of Psychology},
volume = {113},
number = {4},
pages = {1143-1163},
keywords = {factorial survey experiments, multilevel modeling, vignette data},
doi = {https://doi.org/10.1111/bjop.12577},
url = {https://bpspsychub.onlinelibrary.wiley.com/doi/abs/10.1111/bjop.12577},
eprint = {https://bpspsychub.onlinelibrary.wiley.com/doi/pdf/10.1111/bjop.12577},
year = {2022}
}



@article{wu2022enhancing,
  title={Enhancing short-term crime prediction with human mobility flows and deep learning architectures},
  author={Wu, Jiahui and Abrar, Saad Mohammad and Awasthi, Naman and Frias-Martinez, Enrique and Frias-Martinez, Vanessa},
  journal={EPJ data science},
  volume={11},
  number={1},
  pages={53},
  year={2022},
  publisher={Springer Berlin Heidelberg}
}

@ARTICLE{readingspeed,
  title     = "Perceptual and cognitive factors imposing ``speed limits'' on
               reading rate: A study with the rapid serial visual presentation",
  author    = "Primativo, Silvia and Spinelli, Donatella and Zoccolotti,
               Pierluigi and De Luca, Maria and Martelli, Marialuisa",
  journal   = "PLoS One",
  publisher = "Public Library of Science (PLoS)",
  volume    =  11,
  number    =  4,
  pages     = "e0153786",
  month     =  apr,
  year      =  2016,
  copyright = "http://creativecommons.org/licenses/by/4.0/",
  language  = "en"
}
@article{privacy_prediction2,
title={Predicting Users Mobile App Privacy Preferences},
author={A. Alshehri and Fayez Alotaibi},
journal={Journal of Computer and Communications},
year={2019},
doi={10.4236/jcc.2019.710014}
}

@article{privacy_prediction3,
title={The Best of Both Worlds: Mitigating Trade-offs Between Accuracy and User Burden in Capturing Mobile App Privacy Preferences},
author={Daniel Smullen and Yuanyuan Feng and Shikun Zhang and N. Sadeh},
journal={Proceedings on Privacy Enhancing Technologies},
year={2020},
volume={2020},
pages={195 - 215},
doi={10.2478/popets-2020-0011}
}

@inproceedings{privacy_prediction,
author = {Zhao, Yuchen and Ye, Juan and Henderson, Tristan},
title = {Privacy-aware location privacy preference recommendations},
year = {2014},
isbn = {9781631900396},
publisher = {ICST (Institute for Computer Sciences, Social-Informatics and Telecommunications Engineering)},
address = {Brussels, BEL},
url = {https://doi.org/10.4108/icst.mobiquitous.2014.258017},
doi = {10.4108/icst.mobiquitous.2014.258017},
booktitle = {Proceedings of the 11th International Conference on Mobile and Ubiquitous Systems: Computing, Networking and Services},
pages = {120–129},
numpages = {10},
keywords = {location-based services, prediction, privacy protection, recommender systems},
location = {London, United Kingdom},
series = {MOBIQUITOUS '14}
}

@article{consumer_awareness,
title = {Location privacy preferences: A survey-based analysis of consumer awareness, trade-off and decision-making},
journal = {Transportation Research Part C: Emerging Technologies},
volume = {56},
pages = {132-148},
year = {2015},
issn = {0968-090X},
doi = {https://doi.org/10.1016/j.trc.2015.04.005},
url = {https://www.sciencedirect.com/science/article/pii/S0968090X15001461},
author = {Caitlin D. Cottrill and Piyushimita {“Vonu” Thakuriah}},
keywords = {Location privacy, Privacy-utility trade-off, Willingness-to-trade privacy, Risk},
}

@article{tradeoff,
author = {Benisch, Michael and Kelley, Patrick Gage and Sadeh, Norman and Cranor, Lorrie Faith},
title = {Capturing location-privacy preferences: quantifying accuracy and user-burden tradeoffs},
year = {2011},
issue_date = {October   2011},
publisher = {Springer-Verlag},
address = {Berlin, Heidelberg},
volume = {15},
number = {7},
issn = {1617-4909},
url = {https://doi.org/10.1007/s00779-010-0346-0},
doi = {10.1007/s00779-010-0346-0},
journal = {Personal Ubiquitous Comput.},
month = oct,
pages = {679–694},
numpages = {16},
keywords = {Location sharing, Mobile and pervasive computing, Privacy and security, Usability}
}

@article{ma2014development,
  title={Development of a data-driven platform for transit performance measures using smart card and GPS data},
  author={Ma, Xiaolei and Wang, Yinhai},
  journal={Journal of Transportation Engineering},
  volume={140},
  number={12},
  pages={04014063},
  year={2014},
  publisher={American Society of Civil Engineers}
}

@misc{googleFusedLocation,
	author = {},
	title = {{F}used {L}ocation {P}rovider {A}{P}{I}  |  {G}oogle for {D}evelopers --- developers.google.com},
	howpublished = {\url{https://developers.google.com/location-context/fused-location-provider}},
	year = {},
	note = {[Accessed 02-09-2024]},
}

@misc{appleCCLocation,
	author = {},
	title = {CCLocationManager | Apple Developer Documentation},
	howpublished = {\url{https://developer.apple.com/documentation/corelocation/cllocationmanager}},
	year = {},
	note = {[Accessed 02-09-2024]},
}

@BOOK{ducham,
  title     = "Dynamic and mobile {GIS}",
  editor    = "Billen, Roland and Joao, Elsa and Forrest, David",
  publisher = "CRC Press",
  series    = "Innovations in GIS",
  month     =  nov,
  year      =  2006,
  address   = "Boca Raton, FL"
}

@article{equalizer_social_infra,
title = {The great equalizer? Mixed effects of social infrastructure on diverse encounters in cities},
journal = {Computers, Environment and Urban Systems},
volume = {113},
pages = {102173},
year = {2024},
issn = {0198-9715},
doi = {https://doi.org/10.1016/j.compenvurbsys.2024.102173},
url = {https://www.sciencedirect.com/science/article/pii/S0198971524001029},
author = {Timothy Fraser and Takahiro Yabe and Daniel P. Aldrich and Esteban Moro},
keywords = {Social infrastructure, Diversity, Human mobility, Social capital},
}

@article{hurricane_trd,
title = {Unraveling hurricane Ian’s Impact: A multiscale analysis of mobility networks in Florida},
journal = {Transportation Research Part D: Transport and Environment},
volume = {136},
pages = {104482},
year = {2024},
issn = {1361-9209},
doi = {https://doi.org/10.1016/j.trd.2024.104482},
url = {https://www.sciencedirect.com/science/article/pii/S1361920924004395},
author = {Jinpeng Wang and Yujie Hu},
keywords = {Human Mobility, Mobility Networks, Spatial Networks, Network Motif, Hurricane Ian, Mobile Phone GPS Data},
}

@ARTICLE{longroadcomp,
  author={Primault, Vincent and Boutet, Antoine and Mokhtar, Sonia Ben and Brunie, Lionel},
  journal={IEEE Communications Surveys \& Tutorials}, 
  title={The Long Road to Computational Location Privacy: A Survey}, 
  year={2019},
  volume={21},
  number={3},
  pages={2772-2793},
  keywords={Privacy;Real-time systems;Tutorials;Measurement;Meteorology;Games;Data privacy;Industry applications;security;information security;social implications of technology;technology;technology social factors;privacy},
  doi={10.1109/COMST.2018.2873950}}


@ARTICLE{oddsratio_interpretation,
  title     = "Analysis of categorical data with {R} by C. r. bilder and T. m.
               loughin. Boca Raton, Florida: Chapman and {hall/CRC}. 2014. 547
               pages. \pounds{} 49.99 (hardback). {ISBN} 978-1-4398-5567-6",
  author    = "Liu, Ivy",
  journal   = "Aust. N. Z. J. Stat.",
  publisher = "Wiley",
  volume    =  58,
  number    =  1,
  pages     = "141--142",
  month     =  mar,
  year      =  2016,
  copyright = "http://onlinelibrary.wiley.com/termsAndConditions",
  language  = "en"
}

@ARTICLE{IUIPC,
  title     = "Internet users' information privacy concerns ({IUIPC)}: The
               construct, the scale, and a causal model",
  author    = "Malhotra, Naresh K and Kim, Sung S and Agarwal, James",

  journal   = "Inf. Syst. Res.",
  publisher = "Institute for Operations Research and the Management Sciences
               (INFORMS)",
  volume    =  15,
  number    =  4,
  pages     = "336--355",
  month     =  dec,
  year      =  2004,
  language  = "en"
}
@misc{safegraph,
  author = {SafeGraph},
  title = {Places Data Curated for Accurate Geospatial Analytics},
  year = {2025},
  url = {https://www.safegraph.com/}
}


@misc{OSF,
  title={LocationPrivacyProject},
  url={https://osf.io/hy9m3/?view_only=e6dd3400991946afa3b265df5b1f3132},
  publisher={OSF},
  author={SOUPS Authors},
  year={2025},
  month={Feb}
}

@misc{census_education_attainment,
  author = {{U.S. Census Bureau}},
  title = {Age and Sex},
  howpublished = {American Community Survey 5-Year Estimates Subject Tables, Table S0101},
  year = {2022},
  note = {Available at: \url{https://data.census.gov/table/ACSST1Y2023.S1501?q=education%20attainment}}
}

