@article{CISmartHome,
author = {Apthorpe, Noah and Shvartzshnaider, Yan and Mathur, Arunesh and Reisman, Dillon and Feamster, Nick},
title = {Discovering Smart Home Internet of Things Privacy Norms Using Contextual Integrity},
year = {2018},
issue_date = {June 2018},
publisher = {Association for Computing Machinery},
address = {New York, NY, USA},
volume = {2},
number = {2},
url = {https://doi.org/10.1145/3214262},
doi = {10.1145/3214262},
journal = {Proc. ACM Interact. Mob. Wearable Ubiquitous Technol.},
month = {jul},
articleno = {59},
numpages = {23},
keywords = {Privacy, Internet of Things, Contextual Integrity}
}

@inproceedings{ICADataCollection,
  title={When Do Data Collection and Use Become a Matter of Concern? A Cross-Cultural Comparison of U},
  author={Jessica Vitak and Yuting Liao and Anouk Mols and Daniel Trottier and Michael Zimmer and Priya C. Kumar and Jason Pridmore},
  year={2022},
  url={https://api.semanticscholar.org/CorpusID:261211421}
}

@ARTICLE{PlacesofVisit,
  title    = "Identifying latent activity behaviors and lifestyles using
  mobility data to describe urban dynamics",
  author   = "Yang, Yanni and Pentland, Alex and Moro, Esteban",

  journal  = "EPJ Data Sci.",
  volume   =  12,
  number   =  1,
  pages    = "15",
  month    =  may,
  year     =  2023,
  keywords = "Census; Health Risk; Lifestyles; Mobility data; Non-negative
matrix factorization; Segregation; Topic analysis; Transportation",
  language = "en"
}

@misc{appleCCLocation,
	author = {},
	title = {CCLocationManager | Apple Developer Documentation},
	howpublished = {\url{https://developer.apple.com/documentation/corelocation/cllocationmanager}},
	year = {},
	note = {[Accessed 02-09-2024]},
}

@article{colombia_privacy_study, title={Privacy perception in location-based services for mobile devices in the university community of the north coast of Colombia}, volume={23}, url={https://www.redalyc.org/journal/477/47760079005/47760079005.pdf}, DOI={https://doi.org/10.11144/javeriana.iyu23-1.pplb}, number={1}, journal={Ingenieria y Universidad}, author={Gamarra, Margarita and Meriño Fuentes, Inés and Calabria Sarmiento, Juan and Gutierrez Acosta, Omar and Barrios Barrios, Mauricio and Leal, Nallig and Wightman Rojas, Pedro Mario}, year={2019}, month={Feb} }

@article{contact_tracing_apps, title={Contact tracing apps for the COVID-19 pandemic: a systematic literature review of challenges and future directions for neo-liberal societies}, volume={9}, DOI={https://doi.org/10.1007/s13755-021-00147-7}, number={1}, journal={Health Information Science and Systems}, author={Akinbi, Alex and Forshaw, Mark and Blinkhorn, Victoria}, year={2021}, month={Apr} }

@inproceedings{contextualLabel,
author = {Yang, Yaqing and Li, Tony W and Jin, Haojian},
title = {On the Feasibility of Predicting Users' Privacy Concerns using Contextual Labels and Personal Preferences},
year = {2024},
isbn = {9798400703300},
publisher = {Association for Computing Machinery},
address = {New York, NY, USA},
url = {https://doi.org/10.1145/3613904.3642500},
doi = {10.1145/3613904.3642500},
booktitle = {Proceedings of the CHI Conference on Human Factors in Computing Systems},
articleno = {792},
numpages = {20},
keywords = {Empirical study that tells us about people, Privacy},
location = {Honolulu, HI, USA},
series = {CHI '24}
}

@article{cross_platform_social_media_data,
  title={When research is the context: Cross-platform user expectations for social media data reuse},
  author={Gilbert, Sarah and Shilton, Katie and Vitak, Jessica},
  journal={Big Data \& Society},
  volume={10},
  number={1},
  pages={20539517231164108},
  year={2023},
  publisher={SAGE Publications Sage UK: London, England}
}

@misc{cuebiqInternational,
	author = {Cuebiq Marketing Team},
	title = {{C}ome {B}ack {S}oon! {M}easuring the {E}ffectiveness of {T}ourism {C}ampaigns with --- cuebiq.com},
	howpublished = {\url{https://cuebiq.com/come-back-soon-tourism/}},
	year = {},
	note = {[Accessed 06-02-2025]},
}

@BOOK{ducham,
  title     = "Dynamic and mobile {GIS}",
  editor    = "Billen, Roland and Joao, Elsa and Forrest, David",
  publisher = "CRC Press",
  series    = "Innovations in GIS",
  month     =  nov,
  year      =  2006,
  address   = "Boca Raton, FL"
}

@article{employee_surveillance,
  title={Surveillance and the future of work: exploring employees' attitudes toward monitoring in a post-COVID workplace},
  author={Jessica Vitak and Michael Zimmer},
  journal={J. Comput. Mediat. Commun.},
  year={2023},
  volume={28},
  url={https://api.semanticscholar.org/CorpusID:259666183}
}

@article{equalizer_social_infra,
title = {The great equalizer? Mixed effects of social infrastructure on diverse encounters in cities},
journal = {Computers, Environment and Urban Systems},
volume = {113},
pages = {102173},
year = {2024},
issn = {0198-9715},
doi = {https://doi.org/10.1016/j.compenvurbsys.2024.102173},
url = {https://www.sciencedirect.com/science/article/pii/S0198971524001029},
author = {Timothy Fraser and Takahiro Yabe and Daniel P. Aldrich and Esteban Moro},
keywords = {Social infrastructure, Diversity, Human mobility, Social capital},
}

@ARTICLE{estabaan_urban_dynamics,
  title    = "Identifying latent activity behaviors and lifestyles using
              mobility data to describe urban dynamics",
  author   = "Yang, Yanni and Pentland, Alex and Moro, Esteban",
  journal  = "EPJ Data Sci.",
  volume   =  12,
  number   =  1,
  pages    = "15",
  month    =  may,
  year     =  2023,
  keywords = "Census; Health Risk; Lifestyles; Mobility data; Non-negative
              matrix factorization; Segregation; Topic analysis; Transportation",
  language = "en"
}

@misc{googleFusedLocation,
	author = {},
	title = {{F}used {L}ocation {P}rovider {A}{P}{I}  |  {G}oogle for {D}evelopers --- developers.google.com},
	howpublished = {\url{https://developers.google.com/location-context/fused-location-provider}},
	year = {},
	note = {[Accessed 02-09-2024]},
}

@article{home_work_poi_pipeline,
author = {Katarzyna Siła-Nowicka and Jan Vandrol and Taylor Oshan and Jed A. Long and Urška Demšar and A. Stewart Fotheringham},
title = {Analysis of human mobility patterns from GPS trajectories and contextual information},
journal = {International Journal of Geographical Information Science},
volume = {30},
number = {5},
pages = {881--906},
year = {2016},
publisher = {Taylor \& Francis},
doi = {10.1080/13658816.2015.1100731},
URL = { https://doi.org/10.1080/13658816.2015.1100731},
eprint = { https://doi.org/10.1080/13658816.2015.1100731}
}

@article{homeworklocation,
author = {Qingqing Chen and Ate Poorthuis},
title = {Identifying home locations in human mobility data: an open-source R package for comparison and reproducibility},
journal = {International Journal of Geographical Information Science},
volume = {35},
number = {7},
pages = {1425--1448},
year = {2021},
publisher = {Taylor \& Francis},
doi = {10.1080/13658816.2021.1887489},
URL = { https://doi.org/10.1080/13658816.2021.1887489
},
eprint = { https://doi.org/10.1080/13658816.2021.1887489}
}

@inproceedings{hong2016topic,
  title={Topic models to infer socio-economic maps},
  author={Hong, Lingzi and Frias-Martinez, Enrique and Frias-Martinez, Vanessa},
  booktitle={Proceedings of the AAAI Conference on Artificial Intelligence},
  volume={30},
  number={1},
  year={2016}
}

@inproceedings{hong2019characterization,
  title={Characterization of internal migrant behavior in the immediate post-migration period using cell phone traces},
  author={Hong, Lingzi and Wu, Jiahui and Frias-Martinez, Enrique and Villarreal, Andr{\'e}s and Frias-Martinez, Vanessa},
  booktitle={Proceedings of the tenth international conference on information and communication technologies and development},
  pages={1--12},
  year={2019}
}

@article{hurricane_trd,
title = {Unraveling hurricane Ian’s Impact: A multiscale analysis of mobility networks in Florida},
journal = {Transportation Research Part D: Transport and Environment},
volume = {136},
pages = {104482},
year = {2024},
issn = {1361-9209},
doi = {https://doi.org/10.1016/j.trd.2024.104482},
url = {https://www.sciencedirect.com/science/article/pii/S1361920924004395},
author = {Jinpeng Wang and Yujie Hu},
keywords = {Human Mobility, Mobility Networks, Spatial Networks, Network Motif, Hurricane Ian, Mobile Phone GPS Data},
}

@article{incentive_participate_1, title={Willingness to participate in geolocation-based research}, volume={17}, DOI={https://doi.org/10.1371/journal.pone.0278416}, number={12}, journal={PLOS ONE}, author={Ochoa Gómez, Carlos}, editor={Cremonini, Marco}, year={2022}, month={Dec}, pages={e0278416} }

@article{incentive_participate_2,
    author = {Keusch, Florian and Struminskaya, Bella and Antoun, Christopher and Couper, Mick P and Kreuter, Frauke},
    title = "{Willingness to Participate in Passive Mobile Data Collection}",
    journal = {Public Opinion Quarterly},
    volume = {83},
    number = {S1},
    pages = {210-235},
    year = {2019},
    month = {06},
    issn = {0033-362X},
    doi = {10.1093/poq/nfz007},
    url = {https://doi.org/10.1093/poq/nfz007},
    eprint = {https://academic.oup.com/poq/article-pdf/83/S1/210/29021801/nfz007\_suppl\_supplementary\_appendix.pdf},
}

@article{location_advertisement,
author = {Oliver T. Kurtz and Bernd W. Wirtz and Paul F. Langer},
title ={An Empirical Analysis of Location-Based Mobile Advertising—Determinants, Success Factors, and Moderating Effects},
journal = {Journal of Interactive Marketing},
volume = {54},
number = {1},
pages = {69-85},
year = {2021},
doi = {10.1016/j.intmar.2020.08.001},
URL = { https://doi.org/10.1016/j.intmar.2020.08.001
},eprint = {https://doi.org/10.1016/j.intmar.2020.08.001
}
}

@article{location_advertising, title={Location-based advertising on mobile devices}, volume={66}, DOI={https://doi.org/10.1007/s11301-015-0118-z}, number={3}, journal={Management Review Quarterly}, author={Bauer, Christine and Strauss, Christine}, year={2016}, month={Jan}, pages={159–194} }

@article{location_privacy_SEM,
author = {Edward Shih-Tse Wang and Ruenn-Lien Lin},
title = {Perceived quality factors of location-based apps on trust, perceived privacy risk, and continuous usage intention},
journal = {Behaviour \& Information Technology},
volume = {36},
number = {1},
pages = {2--10},
year = {2017},
publisher = {Taylor \& Francis},
doi = {10.1080/0144929X.2016.1143033},
URL = { https://doi.org/10.1080/0144929X.2016.1143033},
eprint = { https://doi.org/10.1080/0144929X.2016.1143033}
}

@article{location_privacy_students,
author = {Matthew Haffner, Adam J. Mathews, Emily Fekete and G. Allen Finchum},
title = {Location‐based social media behavior and perception: Views of university students},
journal = {Geographical Review},
volume = {108},
number = {2},
pages = {203--224},
year = {2018},
publisher = {Routledge},
doi = {10.1111/gere.12250},
URL = { 
    
        https://doi.org/10.1111/gere.12250
},
eprint = { 
https://doi.org/10.1111/gere.12250
}
}

@ARTICLE{longroadcomp,
  author={Primault, Vincent and Boutet, Antoine and Mokhtar, Sonia Ben and Brunie, Lionel},
  journal={IEEE Communications Surveys \& Tutorials}, 
  title={The Long Road to Computational Location Privacy: A Survey}, 
  year={2019},
  volume={21},
  number={3},
  pages={2772-2793},
  keywords={Privacy;Real-time systems;Tutorials;Measurement;Meteorology;Games;Data privacy;Industry applications;security;information security;social implications of technology;technology;technology social factors;privacy},
  doi={10.1109/COMST.2018.2873950}}

@article{ma2014development,
  title={Development of a data-driven platform for transit performance measures using smart card and GPS data},
  author={Ma, Xiaolei and Wang, Yinhai},
  journal={Journal of Transportation Engineering},
  volume={140},
  number={12},
  pages={04014063},
  year={2014},
  publisher={American Society of Civil Engineers}
}

@article{martin,
author = {Martin, Kirsten and Nissenbaum, Helen},
year = {2019},
month = {12},
pages = {},
title = {What Is It About Location?},
journal = {Berkeley technology law journal / Boalt Hall School of Law, University of California, Berkeley},
doi = {10.2139/ssrn.3360409}
}

@unpublished{mobile_data_thesis,
          editor = {A Bryant and E Halpin},
           month = {April},
           title = {An analysis of the relationship between individuals? perceptions of privacy and mobile phone location data - a grounded theory study},
          school = {Leeds Metropolitan University},
          author = {A Gorra},
            year = {2007},
        keywords = {grounded theory methodology; mobile phone location data; privacy},
             url = {https://eprints.leedsbeckett.ac.uk/id/eprint/1554/},
       
}

@article{mode_detection_all,
title = {GPS data-based mobility mode inference model using long-term recurrent convolutional networks},
journal = {Transportation Research Part C: Emerging Technologies},
volume = {135},
pages = {103523},
year = {2022},
issn = {0968-090X},
doi = {https://doi.org/10.1016/j.trc.2021.103523},
url = {https://www.sciencedirect.com/science/article/pii/S0968090X21005052},
author = {Jinsoo Kim and Jae Hun Kim and Gunwoo Lee},
keywords = {GPS data, Mobility, Mobility mode, Deep learning, long-term recurrent convolutional network (LRCN)},
}

@techreport{modesOfTransport_1,
  title        = {The Promise and Limitations of Locational App Data for Origin-Destination Analysis: A Case Study},
  author       = {Adler, Thomas and Bernardin, Vince and Dumont, J. and Flake, Leah and Sadrsadat, Hadi},
  institution  = {United States. Federal Highway Administration},
  contributor  = {RSG, Inc. and Sun, Sarah},
  year         = {2017},
  month        = {10},
  number       = {FHWA-HEP-20-022},
  url          = {https://rosap.ntl.bts.gov/view/dot/55798}
}

@INPROCEEDINGS{personality_location,
  author={Junglas, Iris and Spitzmuller, Christiane},
  booktitle={2006 International Conference on Mobile Business}, 
  title={Personality Traits and Privacy Perceptions: An Empirical Study in the Context of Location-Based Services}, 
  year={2006},
  volume={},
  number={},
  pages={36-36},
  keywords={Privacy;Context-aware services;Psychology;Stability;Testing;Sampling methods;Law enforcement;Iris;Cellular phones;US Government},
  doi={10.1109/ICMB.2006.40}}

@article{personality_privacy_perception_2016,
title = {Do context and personality matter? Trust and privacy concerns in disclosing private information online},
journal = {Information \& Management},
volume = {53},
number = {1},
pages = {1-21},
year = {2016},
issn = {0378-7206},
doi = {https://doi.org/10.1016/j.im.2015.08.001},
url = {https://www.sciencedirect.com/science/article/pii/S0378720615000853},
author = {Gaurav Bansal and Fatemeh Mariam Zahedi and David Gefen},
keywords = {Trust, Personality, Privacy, Context sensitivity, Theory of reasoned action, Prospect theory, TRA-Privacy},
}

@ARTICLE{poi_2,
title     = "Lifestyle pattern analysis unveils recovery trajectories of
communities impacted by disasters",
author    = "Coleman, Natalie and Liu, Chenyue and Zhao, Yiqing and
Mostafavi, Ali",
  journal   = "Humanit. Soc. Sci. Commun.",
  publisher = "Springer Science and Business Media LLC",
  volume    =  10,
  number    =  1,
  month     =  nov,
  year      =  2023,
  copyright = "https://creativecommons.org/licenses/by/4.0",
  language  = "en"
}

@article{privacy_covid,
  title={Americans’ perceptions of privacy and surveillance in the COVID-19 pandemic},
  author={Zhang, Baobao and Kreps, Sarah and McMurry, Nina and McCain, R Miles},
  journal={Plos one},
  volume={15},
  number={12},
  pages={e0242652},
  year={2020},
  publisher={Public Library of Science San Francisco, CA USA}
}

@article{privacy_covid_2,
  title={An examination of people’s privacy concerns, perceptions of social benefits, and acceptance of COVID-19 mitigation measures that harness location information: A comparative study of the US and South Korea},
  author={Kim, Junghwan and Kwan, Mei-Po},
  journal={ISPRS International Journal of Geo-Information},
  volume={10},
  number={1},
  pages={25},
  year={2021},
  publisher={MDPI}
}

@article{privacy_exhaustion, title={“All apps do this”: Comparing Privacy Concerns Towards Privacy Tools and Non-Privacy Tools for Social Media Content}, volume={2022}, DOI={https://doi.org/10.56553/popets-2022-0062}, number={3}, journal={Proceedings on Privacy Enhancing Technologies}, author={Bracamonte, Vanessa and Pape, Sebastian and Loebner, Sascha}, year={2022}, month={Jul}, pages={57–78} }

@article{privacy_older_adults, title={Privacy preserving actions of older adults on social media: Exploring the behavior of opting out of information sharing}, volume={55}, DOI={https://doi.org/10.1016/j.dss.2013.01.004}, number={4}, journal={Decision Support Systems}, author={Chakraborty, Rajarshi and Vishik, Claire and Rao, H. Raghav}, year={2013}, month={Nov}, pages={948–956} }

@inproceedings{privacy_prediction,
author = {Zhao, Yuchen and Ye, Juan and Henderson, Tristan},
title = {Privacy-aware location privacy preference recommendations},
year = {2014},
isbn = {9781631900396},
publisher = {ICST (Institute for Computer Sciences, Social-Informatics and Telecommunications Engineering)},
address = {Brussels, BEL},
url = {https://doi.org/10.4108/icst.mobiquitous.2014.258017},
doi = {10.4108/icst.mobiquitous.2014.258017},
booktitle = {Proceedings of the 11th International Conference on Mobile and Ubiquitous Systems: Computing, Networking and Services},
pages = {120–129},
numpages = {10},
keywords = {location-based services, prediction, privacy protection, recommender systems},
location = {London, United Kingdom},
series = {MOBIQUITOUS '14}
}

@article{privacy_prediction2,
title={Predicting Users Mobile App Privacy Preferences},
author={A. Alshehri and Fayez Alotaibi},
journal={Journal of Computer and Communications},
year={2019},
doi={10.4236/jcc.2019.710014}
}

@article{privacy_prediction3,
title={The Best of Both Worlds: Mitigating Trade-offs Between Accuracy and User Burden in Capturing Mobile App Privacy Preferences},
author={Daniel Smullen and Yuanyuan Feng and Shikun Zhang and N. Sadeh},
journal={Proceedings on Privacy Enhancing Technologies},
year={2020},
volume={2020},
pages={195 - 215},
doi={10.2478/popets-2020-0011}
}

@article{privacy_risk_awareness, title={Investigating People’s Privacy Risk Perception}, volume={2019}, DOI={https://doi.org/10.2478/popets-2019-0047}, number={3}, journal={Proceedings on Privacy Enhancing Technologies}, author={Gerber, Nina and Reinheimer, Benjamin and Volkamer, Melanie}, year={2019}, month={Jul}, pages={267–288} }

@article{surveillance_covid,
  title={Privacy and surveillance attitudes during health crises: Acceptance of surveillance and privacy protection behaviours},
  author={Ioannou, Athina and Tussyadiah, Iis},
  journal={Technology in Society},
  volume={67},
  pages={101774},
  year={2021},
  publisher={Elsevier}
}

@article{tradeoff,
author = {Benisch, Michael and Kelley, Patrick Gage and Sadeh, Norman and Cranor, Lorrie Faith},
title = {Capturing location-privacy preferences: quantifying accuracy and user-burden tradeoffs},
year = {2011},
issue_date = {October   2011},
publisher = {Springer-Verlag},
address = {Berlin, Heidelberg},
volume = {15},
number = {7},
issn = {1617-4909},
url = {https://doi.org/10.1007/s00779-010-0346-0},
doi = {10.1007/s00779-010-0346-0},
journal = {Personal Ubiquitous Comput.},
month = oct,
pages = {679–694},
numpages = {16},
keywords = {Location sharing, Mobile and pervasive computing, Privacy and security, Usability}
}

@article{traj_analysis,
author = {Wenwen Li and Shaohua Wang and Xiaoyi Zhang and Qingren Jia and Yuanyuan Tian},
title = {Understanding intra-urban human mobility through an exploratory spatiotemporal analysis of bike-sharing trajectories},
journal = {International Journal of Geographical Information Science},
volume = {34},
number = {12},
pages = {2451--2474},
year = {2020},
publisher = {Taylor \& Francis},
doi = {10.1080/13658816.2020.1712401},
URL = { 
https://doi.org/10.1080/13658816.2020.1712401},
eprint = { https://doi.org/10.1080/13658816.2020.1712401}
}

@Article{transport_NZ,
AUTHOR = {Chuang, I-Ting and Beattie, Lee and Feng, Lei},
TITLE = {Analysing the Relationship between Proximity to Transit Stations and Local Living Patterns: A Study of Human Mobility within a 15 Min Walking Distance through Mobile Location Data},
JOURNAL = {Urban Science},
VOLUME = {7},
YEAR = {2023},
NUMBER = {4},
ARTICLE-NUMBER = {105},
URL = {https://www.mdpi.com/2413-8851/7/4/105},
ISSN = {2413-8851},
DOI = {10.3390/urbansci7040105}
}

@INPROCEEDINGS{video_survellience,
  author={Chen, Andrew Tzer-Yeu and Biglari-Abhari, Morteza and Wang, Kevin I-Kai},
  booktitle={2018 15th IEEE International Conference on Advanced Video and Signal Based Surveillance (AVSS)}, 
  title={Context is King: Privacy Perceptions of Camera-based Surveillance}, 
  year={2018},
  volume={},
  number={},
  pages={1-6},
  keywords={Privacy;Surveillance;Cameras;Government;Safety;Tracking;Calibration},
  doi={10.1109/AVSS.2018.8639448}}

@misc{vox_privacy, title={The hidden trackers in your phone, explained}, url={https://www.vox.com/recode/2020/7/8/21311533/sdks-tracking-data-location}, journal={Vox}, author={Morrison, Sara}, year={2020}, month={Jul} }

@article{walk_nz,
author = {I-Ting Chuang and Qingqing Chen},
title ={Urban street dynamics: Assessing the relationship of sidewalk width and pedestrian activity in Auckland, New Zealand, based on mobile phone data},

journal = {Urban Studies},
volume = {0},
number = {0},
pages = {00420980241293659},
year = {0},
doi = {10.1177/00420980241293659},
URL = { https://doi.org/10.1177/00420980241293659},
eprint = { https://doi.org/10.1177/00420980241293659
},
}

@ARTICLE{walkingActivity,
title     = "Effect of {COVID-19} response policies on walking behavior in
{US} cities",
author    = "Hunter, Ruth F and Garcia, Leandro and de Sa, Thiago Herick and
Zapata-Diomedi, Belen and Millett, Christopher and Woodcock,
James and Pentland, Alex 'sandy' and Moro, Esteban",
  journal   = "Nat. Commun.",
  publisher = "Springer Science and Business Media LLC",
  volume    =  12,
  number    =  1,
  pages     = "3652",
  month     =  jun,
  year      =  2021,
  copyright = "https://creativecommons.org/licenses/by/4.0",
  language  = "en"
}

@inproceedings{westininsufficient,
author = {Yang, Yaqing and Li, Tony W and Jin, Haojian},
title = {On the Feasibility of Predicting Users' Privacy Concerns using Contextual Labels and Personal Preferences},
year = {2024},
isbn = {9798400703300},
publisher = {Association for Computing Machinery},
address = {New York, NY, USA},
url = {https://doi.org/10.1145/3613904.3642500},
doi = {10.1145/3613904.3642500},
booktitle = {Proceedings of the CHI Conference on Human Factors in Computing Systems},
articleno = {792},
numpages = {20},
keywords = {Empirical study that tells us about people, Privacy},
location = {Honolulu, HI, USA},
series = {CHI '24}
}

@article{wu2022enhancing,
  title={Enhancing short-term crime prediction with human mobility flows and deep learning architectures},
  author={Wu, Jiahui and Abrar, Saad Mohammad and Awasthi, Naman and Frias-Martinez, Enrique and Frias-Martinez, Vanessa},
  journal={EPJ data science},
  volume={11},
  number={1},
  pages={53},
  year={2022},
  publisher={Springer Berlin Heidelberg}
}

