@article{abdullin2024synthetic,
  title={Synthetic Dialogue Dataset Generation using LLM Agents},
  author={Abdullin, Yelaman and Molla-Aliod, Diego and Ofoghi, Bahadorreza and Yearwood, John and Li, Qingyang},
  journal={arXiv preprint arXiv:2401.17461},
  year={2024}
}

@inproceedings{gur2018user,
  title={User modeling for task oriented dialogues},
  author={G{\"u}r, Izzeddin and Hakkani-T{\"u}r, Dilek and T{\"u}r, Gokhan and Shah, Pararth},
  booktitle={2018 IEEE Spoken Language Technology Workshop (SLT)},
  pages={900--906},
  year={2018},
  organization={IEEE}
}

@inproceedings{hudevcek2023large,
  title={Are large language models all you need for task-oriented dialogue?},
  author={Hude{\v{c}}ek, Vojt{\v{e}}ch and Du{\v{s}}ek, Ond{\v{r}}ej},
  booktitle={Proceedings of the 24th Annual Meeting of the Special Interest Group on Discourse and Dialogue},
  pages={216--228},
  year={2023}
}

@article{schatzmann2009hidden,
  title={The hidden agenda user simulation model},
  author={Schatzmann, Jost and Young, Steve},
  journal={IEEE transactions on audio, speech, and language processing},
  volume={17},
  number={4},
  pages={733--747},
  year={2009},
  publisher={IEEE}
}

