@inproceedings{zhao2019review,
  title={A review of the research on dialogue management of task-oriented systems},
  author={Zhao, Yin Jiang and Li, Yan Ling and Lin, Min},
  booktitle={Journal of Physics: Conference Series},
  volume={1267},
  number={1},
  pages={012025},
  year={2019},
  organization={IOP Publishing}
}

@Inbook{Chmielewski2013,
author="Chmielewski, Michael S.
and Morgan, Theresa A.",
editor="Gellman, Marc D.
and Turner, J. Rick",
title="Five-Factor Model of Personality",
bookTitle="Encyclopedia of Behavioral Medicine",
year="2013",
publisher="Springer New York",
address="New York, NY",
pages="803--804",
isbn="978-1-4419-1005-9",
doi="10.1007/978-1-4419-1005-9_1226",
url="https://doi.org/10.1007/978-1-4419-1005-9_1226"
}



@misc{jiang2023mistral,
      title={Mistral 7B}, 
      author={Albert Q. Jiang and Alexandre Sablayrolles and Arthur Mensch and Chris Bamford and Devendra Singh Chaplot and Diego de las Casas and Florian Bressand and Gianna Lengyel and Guillaume Lample and Lucile Saulnier and Lélio Renard Lavaud and Marie-Anne Lachaux and Pierre Stock and Teven Le Scao and Thibaut Lavril and Thomas Wang and Timothée Lacroix and William El Sayed},
      year={2023},
      eprint={2310.06825},
      archivePrefix={arXiv},
      primaryClass={cs.CL}
}

@article{openai2024gpt4,
  title={Gpt-4 technical report},
  author={Achiam, Josh and Adler, Steven and Agarwal, Sandhini and Ahmad, Lama and Akkaya, Ilge and Aleman, Florencia Leoni and Almeida, Diogo and Altenschmidt, Janko and Altman, Sam and Anadkat, Shyamal and others},
  journal={arXiv preprint arXiv:2303.08774},
  year={2023}
}

@inproceedings{hudevcek2023large,
  title={Are large language models all you need for task-oriented dialogue?},
  author={Hude{\v{c}}ek, Vojt{\v{e}}ch and Du{\v{s}}ek, Ond{\v{r}}ej},
  booktitle={Proceedings of the 24th Annual Meeting of the Special Interest Group on Discourse and Dialogue},
  pages={216--228},
  year={2023}
}

@article{abdullin2024synthetic,
  title={Synthetic Dialogue Dataset Generation using LLM Agents},
  author={Abdullin, Yelaman and Molla-Aliod, Diego and Ofoghi, Bahadorreza and Yearwood, John and Li, Qingyang},
  journal={arXiv preprint arXiv:2401.17461},
  year={2024}
}

@article{schatzmann2009hidden,
  title={The hidden agenda user simulation model},
  author={Schatzmann, Jost and Young, Steve},
  journal={IEEE transactions on audio, speech, and language processing},
  volume={17},
  number={4},
  pages={733--747},
  year={2009},
  publisher={IEEE}
}
@inproceedings{gur2018user,
  title={User modeling for task oriented dialogues},
  author={G{\"u}r, Izzeddin and Hakkani-T{\"u}r, Dilek and T{\"u}r, Gokhan and Shah, Pararth},
  booktitle={2018 IEEE Spoken Language Technology Workshop (SLT)},
  pages={900--906},
  year={2018},
  organization={IEEE}
}

@article{brown2020language,
  title={Language models are few-shot learners},
  author={Brown, Tom and Mann, Benjamin and Ryder, Nick and Subbiah, Melanie and Kaplan, Jared D and Dhariwal, Prafulla and Neelakantan, Arvind and Shyam, Pranav and Sastry, Girish and Askell, Amanda and others},
  journal={Advances in neural information processing systems},
  volume={33},
  pages={1877--1901},
  year={2020}
}
@book{kong2021conversational,
  title={Conversational AI with Rasa: Build, test, and deploy AI-powered, enterprise-grade virtual assistants and chatbots},
  author={Kong, Xiaoquan and Wang, Guan and Nichol, Alan},
  year={2021},
  publisher={Packt Publishing Ltd}
}
@inproceedings{wei2021finetuned,
  title={Finetuned Language Models are Zero-Shot Learners},
  author={Wei, Jason and Bosma, Maarten and Zhao, Vincent and Guu, Kelvin and Yu, Adams Wei and Lester, Brian and Du, Nan and Dai, Andrew M and Le, Quoc V},
  booktitle={International Conference on Learning Representations},
  year={2021}
}
