@book{em:86,
	editor  = "Engelmore, Robert and Morgan, Anthony",
	title   = "Blackboard Systems",
	year    = 1986,
	address = "Reading, Mass.",
	publisher = "Addison-Wesley",
}

@inproceedings{c:83,
	author  = "Clancey, William J.",
	year    = 1983,
	title   = "{Communication, Simulation, and Intelligent
	Agents: Implications of Personal Intelligent Machines
	for Medical Education}",
	booktitle="Proceedings of the Eighth International Joint Conference on Artificial Intelligence {(IJCAI-83)}", 
	pages   = "556-560",
	address = "Menlo Park, Calif",
	publisher = "{IJCAI Organization}",
}
@inproceedings{c:84,
	author  = "Clancey, William J.",
	year    = 1984,
	title   = "{Classification Problem Solving}",
	booktitle = "Proceedings of the Fourth National 
	Conference on Artificial Intelligence",
	pages   = "45-54",
	address = "Menlo Park, Calif.",
	publisher="AAAI Press",
}
@article{r:80,
	author = {Robinson, Arthur L.},
	title = {New Ways to Make Microcircuits Smaller},
	volume = {208},
	number = {4447},
	pages = {1019--1022},
	year = {1980},
	doi = {10.1126/science.208.4447.1019},
	publisher = {American Association for the Advancement of Science},
	issn = {0036-8075},
	URL = {https://science.sciencemag.org/content/208/4447/1019},
	eprint = {https://science.sciencemag.org/content/208/4447/1019.full.pdf},
	journal = {Science},
}
@article{r:80x,
	author  = "Robinson, Arthur L.",
	year    = 1980,
	title   = "{New Ways to Make Microcircuits Smaller---Duplicate Entry}",
	journal = "Science",
	volume  =  208,
	pages   = "1019-1026",
}
@article{hcr:83,
	title = {Strategic explanations for a diagnostic consultation system},
	journal = {International Journal of Man-Machine Studies},
	volume = {20},
	number = {1},
	pages = {3-19},
	year = {1984},
	issn = {0020-7373},
	doi = {https://doi.org/10.1016/S0020-7373(84)80003-6},
	url = {https://www.sciencedirect.com/science/article/pii/S0020737384800036},
	author = {Diane Warner Hasling and William J. Clancey and Glenn Rennels},
	abstract = {This article examines the problem of automatte explanation of reasoning, especially as it relates to expert systems. By explanation we mean the ability of a program to discuss what it is doing in some understandable way. We first present a general framework in which to view explanation and review some of the research done in this area. We then focus on the explanation system for NEOMYCIN, a medical consultation program. A consultation program interactively helps a user to solve a problem. Our goal is to have NEOMYCIN explain its problem-solving strategies. An explanation of strategy describes the plan the program is using to reach a solution. Such an explanation is usually concrete, referring to aspects of the current problem situation. Abstract explanations articulate a general principle, which can be applied in different situations; such explanations are useful in teaching and in explaining by analogy. We describe the aspects of NEOMYCIN that make abstract strategic explanations possible—the representation of strategic knowledge explicitly and separately from domain knowledge— and demonstrate how this representation can be used to generate explanations.}
}
@article{hcrt:83,
	author  = "Hasling, Diane Warner and Clancey, William J. and Rennels, Glenn R. and Test, Thomas",
	year    = 1983,
	title   = "{Strategic Explanations in Consultation---Duplicate}",
	journal = "The International Journal of Man-Machine Studies",
	volume  = 20,
	number  = 1,
	pages   = "3-19",
}
@techreport{r:86,
	author  = "Rice, James",
	year    = 1986,
	title   = "{Poligon: A System for Parallel Problem Solving}",
	type    = "Technical Report", 
	number  = "KSL-86-19", 
	institution = "Dept.\ of Computer Science, Stanford Univ.",
}
@phdthesis{c:79,
	author  = "Clancey, William J.",
	year    = 1979,
	title   = "{Transfer of Rule-Based Expertise
	through a Tutorial Dialogue}",
	type    = "{Ph.D.} diss.",
	school  = "Dept.\ of Computer Science, Stanford Univ.",
	address = "Stanford, Calif.",
}
@unpublished{c:21,
	author  = "Clancey, William J.",
	title   = "{The Engineering of Qualitative Models}",
	year    = 2021,
	note    = "Forthcoming",
}
@misc{c:22,
	title={Attention Is All You Need}, 
	author={Ashish Vaswani and Noam Shazeer and Niki Parmar and Jakob Uszkoreit and Llion Jones and Aidan N. Gomez and Lukasz Kaiser and Illia Polosukhin},
	year={2017},
	eprint={1706.03762},
	archivePrefix={arXiv},
	primaryClass={cs.CL}
}
@misc{c:23,
	title        = "Pluto: The 'Other' Red Planet",
	author       = "{NASA}",
	howpublished = "\url{https://www.nasa.gov/nh/pluto-the-other-red-planet}",
	year         = 2015,
	note         = "Accessed: 2018-12-06"
}


% Long form of conference & journal abbreviations -- especially for camera ready
@String(PAMI  = {IEEE Trans. Pattern Anal. Mach. Intell.})
@String(IJCV  = {Int. J. Comput. Vis.})
@String(CVPR  = {IEEE Conf. Comput. Vis. Pattern Recog.})
@String(ICCV  = {Int. Conf. Comput. Vis.})
@String(ECCV  = {Eur. Conf. Comput. Vis.})
@String(NeurIPS = {Adv. Neural Inform. Process. Syst.})
@String(ICML  = {Int. Conf. Mach. Learn.})
@String(ICLR  = {Int. Conf. Learn. Represent.})
@String(ACCV  = {Asian Conf. Comput. Vis.})
@String(BMVC  = {Brit. Mach. Vis. Conf.})
@String(CVPRW = {IEEE Conf. Comput. Vis. Pattern Recog. Worksh.})
@String(AAAI  = {AAAI})
@String(IJCAI = {IJCAI})
@String(ICIP  = {IEEE Int. Conf. Image Process.})
@String(ICPR  = {Int. Conf. Pattern Recog.})
@String(ICASSP=	{ICASSP})
@String(ICME  = {Int. Conf. Multimedia and Expo})
@String(JMLR  = {J. Mach. Learn. Res.})
@String(TMLR  = {Trans. Mach. Learn Res.})
@String(TOG   = {ACM Trans. Graph.})
@String(TIP   = {IEEE Trans. Image Process.})
@String(TVCG  = {IEEE Trans. Vis. Comput. Graph.})
@String(TCSVT = {IEEE Trans. Circuit Syst. Video Technol.})
@String(TMM   = {IEEE Trans. Multimedia})
@String(ACMMM = {ACM Int. Conf. Multimedia})
@String(PR    = {Pattern Recognition})

@String(MNI	  = {Nature Mach. Intell.})
@String(SPL	  = {IEEE Sign. Process. Letters})
@String(VR    = {Vis. Res.})
@String(JOV	  = {J. Vis.})
@String(TVC   = {The Vis. Comput.})
@String(JCST  = {J. Comput. Sci. Tech.})
@String(CGF   = {Comput. Graph. Forum})
@String(CVM   = {Computational Visual Media})


% Short form of conference & journal abbreviations -- especially for submission version
% if desired, remove these macros in favor of the above ones
@String(PAMI  = {IEEE TPAMI})
@String(IJCV  = {IJCV})
@String(CVPR  = {CVPR})
@String(ICCV  = {ICCV})
@String(ECCV  = {ECCV})
@String(NeurIPS = {NeurIPS})
@String(ICML  = {ICML})
@String(ICLR  = {ICLR})
@String(ACCV  = {ACCV})
@String(BMVC  =	{BMVC})
@String(CVPRW = {CVPRW})
@String(AAAI  = {AAAI})
@String(IJCAI = {IJCAI})
@String(ICIP  = {ICIP})
@String(ICPR  = {ICPR})
@String(ICASSP=	{ICASSP})
@String(ICME  =	{ICME})
@String(JMLR  = {JMLR})
@String(TMLR  = {TMLR})
@String(TOG   = {ACM TOG})
@String(TIP   = {IEEE TIP})
@String(TVCG  = {IEEE TVCG})
@String(TCSVT = {IEEE TCSVT})
@String(TMM   =	{IEEE TMM})
@String(ACMMM = {ACM MM})
@String(PR    = {PR})



@misc{Anonymous24,
	author = {Anonymous},
	title = {The frobnicatable foo filter},
	note = {{ECCV} submission ID 00324, supplied as supplemental material {\tt 00324.pdf}},
	year = 2024
}

@misc{Anonymous24b,
	author = {Anonymous},
	title = {Frobnication tutorial},
	note = {Supplied as supplemental material {\tt tr.pdf}},
	year = 2024
}

@article{Alpher02,
	author = {FirstName Alpher},
	title = {Frobnication},
	journal = PAMI,
	volume = 12,
	number = 1,
	pages = {234--778},
	year = 2002
}

@article{Alpher03,
	author = {FirstName Alpher and FirstName Fotheringham-Smythe},
	title = {Frobnication revisited},
	journal = {Journal of Foo},
	volume = 13,
	number = 1,
	pages = {234--778},
	year = 2003
}

@article{Alpher04,
	author = {FirstName Alpher and FirstName Fotheringham-Smythe and FirstName Gamow},
	title = {Can a machine frobnicate?},
	journal = {Journal of Foo},
	volume = 14,
	number = 1,
	pages = {234--778},
	year = 2004
}

@inproceedings{Alpher05,
	author = {FirstName Alpher and FirstName Gamow},
	title = {Can a computer frobnicate?},
	booktitle = CVPR,
	pages = {234--778},
	year = 2005
}

@book{ECCV2022,
	editor = {Shai Avidan and Gabriel Brostow and Moustapha Cissé and Giovanni Maria Farinella and Tal Hassner},
	title = {Computer Vision -- ECCV 2022},
	year = {2022},
	publisher = {Springer},
	doi = {10.1007/978-3-031-19769-7}
}

@inproceedings{cao2023learning,
	title={Learning lightweight object detectors via multi-teacher progressive distillation},
	author={Cao, Shengcao and Li, Mengtian and Hays, James and Ramanan, Deva and Wang, Yu-Xiong and Gui, Liangyan},
	booktitle={International Conference on Machine Learning},
	pages={3577--3598},
	year={2023},
	organization={PMLR}
}

@inproceedings{radosavovic2020designing,
	title={Designing network design spaces},
	author={Radosavovic, Ilija and Kosaraju, Raj Prateek and Girshick, Ross and He, Kaiming and Doll{\'a}r, Piotr},
	booktitle={Proceedings of the IEEE/CVF conference on computer vision and pattern recognition},
	pages={10428--10436},
	year={2020}
}

@article{chen2017rethinking,
	title={Rethinking atrous convolution for semantic image segmentation},
	author={Chen, Liang-Chieh and Papandreou, George and Schroff, Florian and Adam, Hartwig},
	journal={arXiv preprint arXiv:1706.05587},
	year={2017}
}
@inproceedings{yang2022cross,
	title={Cross-image relational knowledge distillation for semantic segmentation},
	author={Yang, Chuanguang and Zhou, Helong and An, Zhulin and Jiang, Xue and Xu, Yongjun and Zhang, Qian},
	booktitle={Proceedings of the IEEE/CVF Conference on Computer Vision and Pattern Recognition},
	pages={12319--12328},
	year={2022}
}
@inproceedings{lin2017focal,
	title={Focal loss for dense object detection},
	author={Lin, Tsung-Yi and Goyal, Priya and Girshick, Ross and He, Kaiming and Doll{\'a}r, Piotr},
	booktitle={Proceedings of the IEEE international conference on computer vision},
	pages={2980--2988},
	year={2017}
}

@inproceedings{lin2017feature,
	title={Feature pyramid networks for object detection},
	author={Lin, Tsung-Yi and Doll{\'a}r, Piotr and Girshick, Ross and He, Kaiming and Hariharan, Bharath and Belongie, Serge},
	booktitle={Proceedings of the IEEE conference on computer vision and pattern recognition},
	pages={2117--2125},
	year={2017}
}
@inproceedings{he2017mask,
	title={Mask r-cnn},
	author={He, Kaiming and Gkioxari, Georgia and Doll{\'a}r, Piotr and Girshick, Ross},
	booktitle={Proceedings of the IEEE international conference on computer vision},
	pages={2961--2969},
	year={2017}
}
@inproceedings{chen2019hybrid,
	title={Hybrid task cascade for instance segmentation},
	author={Chen, Kai and Pang, Jiangmiao and Wang, Jiaqi and Xiong, Yu and Li, Xiaoxiao and Sun, Shuyang and Feng, Wansen and Liu, Ziwei and Shi, Jianping and Ouyang, Wanli and others},
	booktitle={Proceedings of the IEEE/CVF conference on computer vision and pattern recognition},
	pages={4974--4983},
	year={2019}
}

@article{paszke2019pytorch,
	title={Pytorch: An imperative style, high-performance deep learning library},
	author={Paszke, Adam and Gross, Sam and Massa, Francisco and Lerer, Adam and Bradbury, James and Chanan, Gregory and Killeen, Trevor and Lin, Zeming and Gimelshein, Natalia and Antiga, Luca and others},
	journal={Advances in neural information processing systems},
	volume={32},
	year={2019}
}

@inproceedings{qiao2021detectors,
	title={Detectors: Detecting objects with recursive feature pyramid and switchable atrous convolution},
	author={Qiao, Siyuan and Chen, Liang-Chieh and Yuille, Alan},
	booktitle={Proceedings of the IEEE/CVF conference on computer vision and pattern recognition},
	pages={10213--10224},
	year={2021}
}

@inproceedings{chen2018encoder,
	title={Encoder-decoder with atrous separable convolution for semantic image segmentation},
	author={Chen, Liang-Chieh and Zhu, Yukun and Papandreou, George and Schroff, Florian and Adam, Hartwig},
	booktitle={ECCV},
	pages={801--818},
	year={2018}
}

@article{tian2019contrastive,
	title={Contrastive representation distillation},
	author={Tian, Yonglong and Krishnan, Dilip and Isola, Phillip},
	journal={arXiv preprint arXiv:1910.10699},
	year={2019}
}

@inproceedings{zhao2017pyramid,
	title={Pyramid scene parsing network},
	author={Zhao, Hengshuang and Shi, Jianping and Qi, Xiaojuan and Wang, Xiaogang and Jia, Jiaya},
	booktitle={CVPR},
	pages={2881--2890},
	year={2017}
}

@article{du2020agree,
	title={Agree to disagree: Adaptive ensemble knowledge distillation in gradient space},
	author={Du, Shangchen and You, Shan and Li, Xiaojie and Wu, Jianlong and Wang, Fei and Qian, Chen and Zhang, Changshui},
	journal={advances in neural information processing systems},
	volume={33},
	pages={12345--12355},
	year={2020}
}

@inproceedings{zhang2022confidence,
	title={Confidence-aware multi-teacher knowledge distillation},
	author={Zhang, Hailin and Chen, Defang and Wang, Can},
	booktitle={ICASSP 2022-2022 IEEE International Conference on Acoustics, Speech and Signal Processing (ICASSP)},
	pages={4498--4502},
	year={2022},
	organization={IEEE}
}

@inproceedings{he2016deep,
	title={Deep residual learning for image recognition},
	author={He, Kaiming and Zhang, Xiangyu and Ren, Shaoqing and Sun, Jian},
	booktitle={Proceedings of the IEEE conference on computer vision and pattern recognition},
	pages={770--778},
	year={2016}
}

@inproceedings{zagoruyko2016wide,
	title={Wide residual networks},
	author={Zagoruyko S, Komodakis N},
	booktitle={Proceedings of the British Machine Vision Conference},
	year={2016}
}

@inproceedings{xie2017aggregated,
	title={Aggregated residual transformations for deep neural networks},
	author={Xie, Saining and Girshick, Ross and Doll{\'a}r, Piotr and Tu, Zhuowen and He, Kaiming},
	booktitle={Proceedings of the IEEE conference on computer vision and pattern recognition},
	pages={1492--1500},
	year={2017}
}


@inproceedings{sandler2018mobilenetv2,
	title={Mobilenetv2: Inverted residuals and linear bottlenecks},
	author={Sandler, Mark and Howard, Andrew and Zhu, Menglong and Zhmoginov, Andrey and Chen, Liang-Chieh},
	booktitle={Proceedings of the IEEE conference on computer vision and pattern recognition},
	pages={4510--4520},
	year={2018}
}
@inproceedings{ma2018shufflenet,
	title={Shufflenet v2: Practical guidelines for efficient cnn architecture design},
	author={Ma, Ningning and Zhang, Xiangyu and Zheng, Hai-Tao and Sun, Jian},
	booktitle={Proceedings of the European conference on computer vision (ECCV)},
	pages={116--131},
	year={2018}
}
@article{zhang2023adaptive,
	title={Adaptive Multi-Teacher Knowledge Distillation with Meta-Learning},
	author={Zhang, Hailin and Chen, Defang and Wang, Can},
	journal={arXiv preprint arXiv:2306.06634},
	year={2023}
}


@article{kang2022moba,
	title={MOBA: Multi-teacher Model Based Reinforcement Learning},
	author={Kang, Jikun and Chen, Xi and Wang, Ju and Hu, Chengming and Liu, Xue and Dudek, Gregory},
	journal={openreview.net},
	year={2022}
}



@inproceedings{touvron2021going,
	title={Going deeper with image transformers},
	author={Touvron, Hugo and Cord, Matthieu and Sablayrolles, Alexandre and Synnaeve, Gabriel and J{\'e}gou, Herv{\'e}},
	booktitle={Proceedings of the IEEE/CVF international conference on computer vision},
	pages={32--42},
	year={2021}
}

@article{chen2019mmdetection,
	title={MMDetection: Open mmlab detection toolbox and benchmark},
	author={Chen, Kai and Wang, Jiaqi and Pang, Jiangmiao and Cao, Yuhang and Xiong, Yu and Li, Xiaoxiao and Sun, Shuyang and Feng, Wansen and Liu, Ziwei and Xu, Jiarui and others},
	journal={arXiv preprint arXiv:1906.07155},
	year={2019}
}

@inproceedings{touvron2021training,
	title={Training data-efficient image transformers \& distillation through attention},
	author={Touvron, Hugo and Cord, Matthieu and Douze, Matthijs and Massa, Francisco and Sablayrolles, Alexandre and J{\'e}gou, Herv{\'e}},
	booktitle={International conference on machine learning},
	pages={10347--10357},
	year={2021},
	organization={PMLR}
}
@article{liu2020adaptive,
	title={Adaptive multi-teacher multi-level knowledge distillation},
	author={Liu, Yuang and Zhang, Wei and Wang, Jun},
	journal={Neurocomputing},
	volume={415},
	pages={106--113},
	year={2020},
	publisher={Elsevier}
}

@inproceedings{finn2017model,
	title={Model-agnostic meta-learning for fast adaptation of deep networks},
	author={Finn, Chelsea and Abbeel, Pieter and Levine, Sergey},
	booktitle={International conference on machine learning},
	pages={1126--1135},
	year={2017},
	organization={PMLR}
}

@article{kaelbling1996reinforcement,
	title={Reinforcement learning: A survey},
	author={Kaelbling, Leslie Pack and Littman, Michael L and Moore, Andrew W},
	journal={Journal of artificial intelligence research},
	volume={4},
	pages={237--285},
	year={1996}
}
@inproceedings{van2016deep,
	title={Deep reinforcement learning with double q-learning},
	author={Van Hasselt, Hado and Guez, Arthur and Silver, David},
	booktitle={Proceedings of the AAAI conference on artificial intelligence},
	volume={30},
	number={1},
	year={2016}
}
@article{schulman2017proximal,
	title={Proximal policy optimization algorithms},
	author={Schulman, John and Wolski, Filip and Dhariwal, Prafulla and Radford, Alec and Klimov, Oleg},
	journal={arXiv preprint arXiv:1707.06347},
	year={2017}
}
@inproceedings{silver2014deterministic,
	title={Deterministic policy gradient algorithms},
	author={Silver, David and Lever, Guy and Heess, Nicolas and Degris, Thomas and Wierstra, Daan and Riedmiller, Martin},
	booktitle={International conference on machine learning},
	pages={387--395},
	year={2014},
	organization={Pmlr}
}
@article{lillicrap2015continuous,
	title={Continuous control with deep reinforcement learning},
	author={Lillicrap, Timothy P and Hunt, Jonathan J and Pritzel, Alexander and Heess, Nicolas and Erez, Tom and Tassa, Yuval and Silver, David and Wierstra, Daan},
	journal={arXiv preprint arXiv:1509.02971},
	year={2015}
}
@inproceedings{cho2019efficacy,
	title={On the efficacy of knowledge distillation},
	author={Cho, Jang Hyun and Hariharan, Bharath},
	booktitle={Proceedings of the IEEE/CVF international conference on computer vision},
	pages={4794--4802},
	year={2019}
}
@article{hinton2015distilling,
	title={Distilling the knowledge in a neural network},
	author={Hinton, Geoffrey and Vinyals, Oriol and Dean, Jeff},
	journal={arXiv preprint arXiv:1503.02531},
	year={2015}
}

@article{sutton1999policy,
	title={Policy gradient methods for reinforcement learning with function approximation},
	author={Sutton, Richard S and McAllester, David and Singh, Satinder and Mansour, Yishay},
	journal={Advances in neural information processing systems},
	volume={12},
	year={1999}
}


@article{mnih2013playing,
	title={Playing atari with deep reinforcement learning},
	author={Mnih, Volodymyr and Kavukcuoglu, Koray and Silver, David and Graves, Alex and Antonoglou, Ioannis and Wierstra, Daan and Riedmiller, Martin},
	journal={arXiv preprint arXiv:1312.5602},
	year={2013}
}

@inproceedings{yuan2021reinforced,
	title={Reinforced multi-teacher selection for knowledge distillation},
	author={Yuan, Fei and Shou, Linjun and Pei, Jian and Lin, Wutao and Gong, Ming and Fu, Yan and Jiang, Daxin},
	booktitle={Proceedings of the AAAI Conference on Artificial Intelligence},
	volume={35},
	number={16},
	pages={14284--14291},
	year={2021}
}
@inproceedings{kwon2020adaptive,
	title={Adaptive knowledge distillation based on entropy},
	author={Kwon, Kisoo and Na, Hwidong and Lee, Hoshik and Kim, Nam Soo},
	booktitle={ICASSP 2020-2020 IEEE International Conference on Acoustics, Speech and Signal Processing (ICASSP)},
	pages={7409--7413},
	year={2020},
	organization={IEEE}
}

@inproceedings{you2017learning,
	title={Learning from multiple teacher networks},
	author={You, Shan and Xu, Chang and Xu, Chao and Tao, Dacheng},
	booktitle={Proceedings of the 23rd ACM SIGKDD International Conference on Knowledge Discovery and Data Mining},
	pages={1285--1294},
	year={2017}
}
@article{huang2022knowledge,
	title={Knowledge distillation from a stronger teacher},
	author={Huang, Tao and You, Shan and Wang, Fei and Qian, Chen and Xu, Chang},
	journal={Advances in Neural Information Processing Systems},
	volume={35},
	pages={33716--33727},
	year={2022}
}

@inproceedings{zhao2022decoupled,
	title={Decoupled knowledge distillation},
	author={Zhao, Borui and Cui, Quan and Song, Renjie and Qiu, Yiyu and Liang, Jiajun},
	booktitle={Proceedings of the IEEE/CVF Conference on computer vision and pattern recognition},
	pages={11953--11962},
	year={2022}
}

@inproceedings{chen2021distilling,
	title={Distilling knowledge via knowledge review},
	author={Chen, Pengguang and Liu, Shu and Zhao, Hengshuang and Jia, Jiaya},
	booktitle={Proceedings of the IEEE/CVF Conference on Computer Vision and Pattern Recognition},
	pages={5008--5017},
	year={2021}
}

@inproceedings{guo2023class,
	title={Class Attention Transfer Based Knowledge Distillation},
	author={Guo, Ziyao and Yan, Haonan and Li, Hui and Lin, Xiaodong},
	booktitle={Proceedings of the IEEE/CVF Conference on Computer Vision and Pattern Recognition},
	pages={11868--11877},
	year={2023}
}
@article{krizhevsky2009learning,
	title={Learning multiple layers of features from tiny images},
	author={Krizhevsky, Alex and Hinton, Geoffrey and others},
	journal={Technical Report},
	year={2009}
}
@inproceedings{deng2009imagenet,
	title={Imagenet: A large-scale hierarchical image database},
	author={Deng, Jia and Dong, Wei and Socher, Richard and Li, Li-Jia and Li, Kai and Fei-Fei, Li},
	booktitle={IEEE conference on computer vision and pattern recognition},
	pages={248--255},
	year={2009},
	organization={IEEE}
}
@inproceedings{lin2014microsoft,
	title={Microsoft coco: Common objects in context},
	author={Lin, Tsung-Yi and Maire, Michael and Belongie, Serge and Hays, James and Perona, Pietro and Ramanan, Deva and Doll{\'a}r, Piotr and Zitnick, C Lawrence},
	booktitle={Computer Vision--ECCV 2014: 13th European Conference, Zurich, Switzerland, September 6-12, 2014, Proceedings, Part V 13},
	pages={740--755},
	year={2014},
	organization={Springer}
}
@inproceedings{cordts2016cityscapes,
	title={The cityscapes dataset for semantic urban scene understanding},
	author={Cordts, Marius and Omran, Mohamed and Ramos, Sebastian and Rehfeld, Timo and Enzweiler, Markus and Benenson, Rodrigo and Franke, Uwe and Roth, Stefan and Schiele, Bernt},
	booktitle={Proceedings of the IEEE conference on computer vision and pattern recognition},
	pages={3213--3223},
	year={2016}
}
@article{romero2014fitnets,
	title={Fitnets: Hints for thin deep nets},
	author={Romero, Adriana and Ballas, Nicolas and Kahou, Samira Ebrahimi and Chassang, Antoine and Gatta, Carlo and Bengio, Yoshua},
	journal={arXiv preprint arXiv:1412.6550},
	year={2014}
}


@article{chengqing2023multi,
	title={A multi-factor driven spatiotemporal wind power prediction model based on ensemble deep graph attention reinforcement learning networks},
	author={Chengqing, Yu and Guangxi, Yan and Chengming, Yu and Yu, Zhang and Xiwei, Mi},
	journal={Energy},
	volume={263},
	pages={126034},
	year={2023},
	publisher={Elsevier}
}

@article{liu2020new,
	title={A new hybrid ensemble deep reinforcement learning model for wind speed short term forecasting},
	author={Liu, Hui and Yu, Chengqing and Wu, Haiping and Duan, Zhu and Yan, Guangxi},
	journal={Energy},
	volume={202},
	pages={117794},
	year={2020},
	publisher={Elsevier}
}



@inproceedings{yang2021hierarchical,
	title={Hierarchical self-supervised augmented knowledge distillation},
	author={Yang, Chuanguang and An, Zhulin and Cai, Linhang and Xu, Yongjun},
	booktitle={International Joint Conference on Artificial Intelligence},
	pages={1217--1223},
	year={2021}
}

@inproceedings{yang2024clip,
	title={CLIP-KD: An Empirical Study of CLIP Model Distillation},
	author={Yang, Chuanguang and An, Zhulin and Huang, Libo and Bi, Junyu and Yu, Xinqiang and Yang, Han and Diao, Boyu and Xu, Yongjun},
	booktitle={Proceedings of the IEEE/CVF Conference on Computer Vision and Pattern Recognition},
	pages={15952--15962},
	year={2024}
}

@inproceedings{yang2020gated,
	title={Gated convolutional networks with hybrid connectivity for image classification},
	author={Yang, Chuanguang and An, Zhulin and Zhu, Hui and Hu, Xiaolong and Zhang, Kun and Xu, Kaiqiang and Li, Chao and Xu, Yongjun},
	booktitle={Proceedings of the AAAI conference on artificial intelligence},
	volume={34},
	number={07},
	pages={12581--12588},
	year={2020}
}

@inproceedings{lidetkds,
	title={DetKDS: Knowledge Distillation Search for Object Detectors},
	author={Li, Lujun and Bao, Yufan and Dong, Peijie and Yang, Chuanguang and Li, Anggeng and Luo, Wenhan and Liu, Qifeng and Xue, Wei and Guo, Yike},
	booktitle={Forty-first International Conference on Machine Learning},
	year={2024}
}

@inproceedings{feng2024relational,
	title={Relational diffusion distillation for efficient image generation},
	author={Feng, Weilun and Yang, Chuanguang and An, Zhulin and Huang, Libo and Diao, Boyu and Wang, Fei and Xu, Yongjun},
	booktitle={Proceedings of the 32nd ACM International Conference on Multimedia},
	pages={205--213},
	year={2024}
}

@article{yang2023online,
	title={Online knowledge distillation via mutual contrastive learning for visual recognition},
	author={Yang, Chuanguang and An, Zhulin and Zhou, Helong and Zhuang, Fuzhen and Xu, Yongjun and Zhang, Qian},
	journal={IEEE Transactions on Pattern Analysis and Machine Intelligence},
	volume={45},
	number={8},
	pages={10212--10227},
	year={2023},
	publisher={IEEE}
}

@inproceedings{yang2022mixskd,
	title={Mixskd: Self-knowledge distillation from mixup for image recognition},
	author={Yang, Chuanguang and An, Zhulin and Zhou, Helong and Cai, Linhang and Zhi, Xiang and Wu, Jiwen and Xu, Yongjun and Zhang, Qian},
	booktitle={European Conference on Computer Vision},
	pages={534--551},
	year={2022},
	organization={Springer}
}

@inproceedings{wang2025improving,
	title={Improving Knowledge Distillation via Regularizing Feature Direction and Norm},
	author={Wang, Yuzhu and Cheng, Lechao and Duan, Manni and Wang, Yongheng and Feng, Zunlei and Kong, Shu},
	booktitle={European Conference on Computer Vision},
	pages={20--37},
	year={2025},
	organization={Springer}
}

@inproceedings{zhang2023generalization,
	title={Generalization Matters: Loss Minima Flattening via Parameter Hybridization for Efficient Online Knowledge Distillation},
	author={Zhang, Tianli and Xue, Mengqi and Zhang, Jiangtao and Zhang, Haofei and Wang, Yu and Cheng, Lechao and Song, Jie and Song, Mingli},
	booktitle={Proceedings of the IEEE/CVF Conference on Computer Vision and Pattern Recognition},
	pages={20176--20185},
	year={2023}
}

@article{liang2024survey,
	title={A survey of knowledge graph reasoning on graph types: Static, dynamic, and multi-modal},
	author={Liang, Ke and Meng, Lingyuan and Liu, Meng and Liu, Yue and Tu, Wenxuan and Wang, Siwei and Zhou, Sihang and Liu, Xinwang and Sun, Fuchun and He, Kunlun},
	journal={IEEE Transactions on Pattern Analysis and Machine Intelligence},
	year={2024},
	publisher={IEEE}
}

@inproceedings{liang2024simple,
	title={Simple Yet Effective: Structure Guided Pre-trained Transformer for Multi-modal Knowledge Graph Reasoning},
	author={Liang, Ke and Meng, Lingyuan and Liu, Yue and Liu, Meng and Wei, Wei and Liu, Suyuan and Tu, Wenxuan and Wang, Siwei and Zhou, Sihang and Liu, Xinwang},
	booktitle={Proceedings of the 32nd ACM International Conference on Multimedia},
	pages={1554--1563},
	year={2024}
}

@inproceedings{zhou2017scene,
	title={Scene parsing through ade20k dataset},
	author={Zhou, Bolei and Zhao, Hang and Puig, Xavier and Fidler, Sanja and Barriuso, Adela and Torralba, Antonio},
	booktitle={CVPR},
	pages={633--641},
	year={2017}
}

@inproceedings{caesar2018coco,
	title={Coco-stuff: Thing and stuff classes in context},
	author={Caesar, Holger and Uijlings, Jasper and Ferrari, Vittorio},
	booktitle={CVPR},
	pages={1209--1218},
	year={2018}
}

@article{yang2022knowledge,
	title={Knowledge distillation using hierarchical self-supervision augmented distribution},
	author={Yang, Chuanguang and An, Zhulin and Cai, Linhang and Xu, Yongjun},
	journal={IEEE Transactions on Neural Networks and Learning Systems},
	volume={35},
	number={2},
	pages={2094--2108},
	year={2022},
	publisher={IEEE}
}

@incollection{yang2023categories,
	title={Categories of response-based, feature-based, and relation-based knowledge distillation},
	author={Yang, Chuanguang and Yu, Xinqiang and An, Zhulin and Xu, Yongjun},
	booktitle={Advancements in Knowledge Distillation: Towards New Horizons of Intelligent Systems},
	pages={1--32},
	year={2023},
	publisher={Springer}
}


@inproceedings{cai2018cascade,
	title={Cascade r-cnn: Delving into high quality object detection},
	author={Cai, Zhaowei and Vasconcelos, Nuno},
	booktitle={CVPR},
	pages={6154--6162},
	year={2018}
}

@article{ren2016faster,
	title={Faster R-CNN: Towards real-time object detection with region proposal networks},
	author={Ren, Shaoqing and He, Kaiming and Girshick, Ross and Sun, Jian},
	journal={IEEE transactions on pattern analysis and machine intelligence},
	volume={39},
	number={6},
	pages={1137--1149},
	year={2016},
	publisher={IEEE}
}


