@article{chengqing2023multi,
	title={A multi-factor driven spatiotemporal wind power prediction model based on ensemble deep graph attention reinforcement learning networks},
	author={Chengqing, Yu and Guangxi, Yan and Chengming, Yu and Yu, Zhang and Xiwei, Mi},
	journal={Energy},
	volume={263},
	pages={126034},
	year={2023},
	publisher={Elsevier}
}

@article{du2020agree,
	title={Agree to disagree: Adaptive ensemble knowledge distillation in gradient space},
	author={Du, Shangchen and You, Shan and Li, Xiaojie and Wu, Jianlong and Wang, Fei and Qian, Chen and Zhang, Changshui},
	journal={advances in neural information processing systems},
	volume={33},
	pages={12345--12355},
	year={2020}
}

@inproceedings{finn2017model,
	title={Model-agnostic meta-learning for fast adaptation of deep networks},
	author={Finn, Chelsea and Abbeel, Pieter and Levine, Sergey},
	booktitle={International conference on machine learning},
	pages={1126--1135},
	year={2017},
	organization={PMLR}
}

@article{hinton2015distilling,
	title={Distilling the knowledge in a neural network},
	author={Hinton, Geoffrey and Vinyals, Oriol and Dean, Jeff},
	journal={arXiv preprint arXiv:1503.02531},
	year={2015}
}

@article{kaelbling1996reinforcement,
	title={Reinforcement learning: A survey},
	author={Kaelbling, Leslie Pack and Littman, Michael L and Moore, Andrew W},
	journal={Journal of artificial intelligence research},
	volume={4},
	pages={237--285},
	year={1996}
}

@article{kang2022moba,
	title={MOBA: Multi-teacher Model Based Reinforcement Learning},
	author={Kang, Jikun and Chen, Xi and Wang, Ju and Hu, Chengming and Liu, Xue and Dudek, Gregory},
	journal={openreview.net},
	year={2022}
}

@inproceedings{kwon2020adaptive,
	title={Adaptive knowledge distillation based on entropy},
	author={Kwon, Kisoo and Na, Hwidong and Lee, Hoshik and Kim, Nam Soo},
	booktitle={ICASSP 2020-2020 IEEE International Conference on Acoustics, Speech and Signal Processing (ICASSP)},
	pages={7409--7413},
	year={2020},
	organization={IEEE}
}

@article{lillicrap2015continuous,
	title={Continuous control with deep reinforcement learning},
	author={Lillicrap, Timothy P and Hunt, Jonathan J and Pritzel, Alexander and Heess, Nicolas and Erez, Tom and Tassa, Yuval and Silver, David and Wierstra, Daan},
	journal={arXiv preprint arXiv:1509.02971},
	year={2015}
}

@article{liu2020adaptive,
	title={Adaptive multi-teacher multi-level knowledge distillation},
	author={Liu, Yuang and Zhang, Wei and Wang, Jun},
	journal={Neurocomputing},
	volume={415},
	pages={106--113},
	year={2020},
	publisher={Elsevier}
}

@article{liu2020new,
	title={A new hybrid ensemble deep reinforcement learning model for wind speed short term forecasting},
	author={Liu, Hui and Yu, Chengqing and Wu, Haiping and Duan, Zhu and Yan, Guangxi},
	journal={Energy},
	volume={202},
	pages={117794},
	year={2020},
	publisher={Elsevier}
}

@article{mnih2013playing,
	title={Playing atari with deep reinforcement learning},
	author={Mnih, Volodymyr and Kavukcuoglu, Koray and Silver, David and Graves, Alex and Antonoglou, Ioannis and Wierstra, Daan and Riedmiller, Martin},
	journal={arXiv preprint arXiv:1312.5602},
	year={2013}
}

@article{schulman2017proximal,
	title={Proximal policy optimization algorithms},
	author={Schulman, John and Wolski, Filip and Dhariwal, Prafulla and Radford, Alec and Klimov, Oleg},
	journal={arXiv preprint arXiv:1707.06347},
	year={2017}
}

@inproceedings{silver2014deterministic,
	title={Deterministic policy gradient algorithms},
	author={Silver, David and Lever, Guy and Heess, Nicolas and Degris, Thomas and Wierstra, Daan and Riedmiller, Martin},
	booktitle={International conference on machine learning},
	pages={387--395},
	year={2014},
	organization={Pmlr}
}

@article{sutton1999policy,
	title={Policy gradient methods for reinforcement learning with function approximation},
	author={Sutton, Richard S and McAllester, David and Singh, Satinder and Mansour, Yishay},
	journal={Advances in neural information processing systems},
	volume={12},
	year={1999}
}

@inproceedings{van2016deep,
	title={Deep reinforcement learning with double q-learning},
	author={Van Hasselt, Hado and Guez, Arthur and Silver, David},
	booktitle={Proceedings of the AAAI conference on artificial intelligence},
	volume={30},
	number={1},
	year={2016}
}

@inproceedings{yang2021hierarchical,
	title={Hierarchical self-supervised augmented knowledge distillation},
	author={Yang, Chuanguang and An, Zhulin and Cai, Linhang and Xu, Yongjun},
	booktitle={International Joint Conference on Artificial Intelligence},
	pages={1217--1223},
	year={2021}
}

@inproceedings{yang2022cross,
	title={Cross-image relational knowledge distillation for semantic segmentation},
	author={Yang, Chuanguang and Zhou, Helong and An, Zhulin and Jiang, Xue and Xu, Yongjun and Zhang, Qian},
	booktitle={Proceedings of the IEEE/CVF Conference on Computer Vision and Pattern Recognition},
	pages={12319--12328},
	year={2022}
}

@article{yang2022knowledge,
	title={Knowledge distillation using hierarchical self-supervision augmented distribution},
	author={Yang, Chuanguang and An, Zhulin and Cai, Linhang and Xu, Yongjun},
	journal={IEEE Transactions on Neural Networks and Learning Systems},
	volume={35},
	number={2},
	pages={2094--2108},
	year={2022},
	publisher={IEEE}
}

@incollection{yang2023categories,
	title={Categories of response-based, feature-based, and relation-based knowledge distillation},
	author={Yang, Chuanguang and Yu, Xinqiang and An, Zhulin and Xu, Yongjun},
	booktitle={Advancements in Knowledge Distillation: Towards New Horizons of Intelligent Systems},
	pages={1--32},
	year={2023},
	publisher={Springer}
}

@inproceedings{yang2024clip,
	title={CLIP-KD: An Empirical Study of CLIP Model Distillation},
	author={Yang, Chuanguang and An, Zhulin and Huang, Libo and Bi, Junyu and Yu, Xinqiang and Yang, Han and Diao, Boyu and Xu, Yongjun},
	booktitle={Proceedings of the IEEE/CVF Conference on Computer Vision and Pattern Recognition},
	pages={15952--15962},
	year={2024}
}

@inproceedings{you2017learning,
	title={Learning from multiple teacher networks},
	author={You, Shan and Xu, Chang and Xu, Chao and Tao, Dacheng},
	booktitle={Proceedings of the 23rd ACM SIGKDD International Conference on Knowledge Discovery and Data Mining},
	pages={1285--1294},
	year={2017}
}

@inproceedings{yuan2021reinforced,
	title={Reinforced multi-teacher selection for knowledge distillation},
	author={Yuan, Fei and Shou, Linjun and Pei, Jian and Lin, Wutao and Gong, Ming and Fu, Yan and Jiang, Daxin},
	booktitle={Proceedings of the AAAI Conference on Artificial Intelligence},
	volume={35},
	number={16},
	pages={14284--14291},
	year={2021}
}

@inproceedings{zhang2022confidence,
	title={Confidence-aware multi-teacher knowledge distillation},
	author={Zhang, Hailin and Chen, Defang and Wang, Can},
	booktitle={ICASSP 2022-2022 IEEE International Conference on Acoustics, Speech and Signal Processing (ICASSP)},
	pages={4498--4502},
	year={2022},
	organization={IEEE}
}

@article{zhang2023adaptive,
	title={Adaptive Multi-Teacher Knowledge Distillation with Meta-Learning},
	author={Zhang, Hailin and Chen, Defang and Wang, Can},
	journal={arXiv preprint arXiv:2306.06634},
	year={2023}
}

