@inproceedings{araluce2024enhancing,
  title={Enhancing Motion Prediction by a Cooperative Framework},
  author={Araluce, Javier and Justo, Alberto and Arizala, Asier and Gonz{\'a}lez, Leonardo and D{\'\i}az, Sergio},
  booktitle={2024 IEEE Intelligent Vehicles Symposium (IV)},
  pages={1389--1394},
  year={2024},
  organization={IEEE}
}

@inproceedings{bhardwaj2020differentiable,
  title={Differentiable gaussian process motion planning},
  author={Bhardwaj, Mohak and Boots, Byron and Mukadam, Mustafa},
  booktitle={2020 IEEE international conference on robotics and automation (ICRA)},
  pages={10598--10604},
  year={2020},
  organization={IEEE}
}

@inproceedings{deo2018convolutional,
  title={Convolutional social pooling for vehicle trajectory prediction},
  author={Deo, Nachiket and Trivedi, Mohan M},
  booktitle={Proceedings of the IEEE conference on computer vision and pattern recognition workshops},
  pages={1468--1476},
  year={2018}
}

@inproceedings{espinoza2022deep,
  title={Deep interactive motion prediction and planning: Playing games with motion prediction models},
  author={Espinoza, Jose Luis Vazquez and Liniger, Alexander and Schwarting, Wilko and Rus, Daniela and Van Gool, Luc},
  booktitle={Learning for Dynamics and Control Conference},
  pages={1006--1019},
  year={2022},
  organization={PMLR}
}

@inproceedings{gao2020vectornet,
  title={Vectornet: Encoding hd maps and agent dynamics from vectorized representation},
  author={Gao, Jiyang and Sun, Chen and Zhao, Hang and Shen, Yi and Anguelov, Dragomir and Li, Congcong and Schmid, Cordelia},
  booktitle={Proceedings of the IEEE/CVF Conference on Computer Vision and Pattern Recognition},
  pages={11525--11533},
  year={2020}
}

@inproceedings{hu2023planning,
  title={Planning-oriented autonomous driving},
  author={Hu, Yihan and Yang, Jiazhi and Chen, Li and Li, Keyu and Sima, Chonghao and Zhu, Xizhou and Chai, Siqi and Du, Senyao and Lin, Tianwei and Wang, Wenhai and others},
  booktitle={Proceedings of the IEEE/CVF Conference on Computer Vision and Pattern Recognition},
  pages={17853--17862},
  year={2023}
}

@article{huang2022survey,
  title={A survey on trajectory-prediction methods for autonomous driving},
  author={Huang, Yanjun and Du, Jiatong and Yang, Ziru and Zhou, Zewei and Zhang, Lin and Chen, Hong},
  journal={IEEE Transactions on Intelligent Vehicles},
  volume={7},
  number={3},
  pages={652--674},
  year={2022},
  publisher={IEEE}
}

@article{huang2023differentiable,
  title={Differentiable integrated motion prediction and planning with learnable cost function for autonomous driving},
  author={Huang, Zhiyu and Liu, Haochen and Wu, Jingda and Lv, Chen},
  journal={IEEE transactions on neural networks and learning systems},
  year={2023},
  publisher={IEEE}
}

@article{jia2023hdgt,
  title={Hdgt: Heterogeneous driving graph transformer for multi-agent trajectory prediction via scene encoding},
  author={Jia, Xiaosong and Wu, Penghao and Chen, Li and Liu, Yu and Li, Hongyang and Yan, Junchi},
  journal={IEEE transactions on pattern analysis and machine intelligence},
  year={2023},
  publisher={IEEE}
}

@inproceedings{liu2021deep,
  title={Deep structured reactive planning},
  author={Liu, Jerry and Zeng, Wenyuan and Urtasun, Raquel and Yumer, Ersin},
  booktitle={2021 IEEE International Conference on Robotics and Automation (ICRA)},
  pages={4897--4904},
  year={2021},
  organization={IEEE}
}

@article{ruan2023learning,
  title={Learning cooperative trajectory representations for motion forecasting},
  author={Ruan, Hongzhi and Yu, Haibao and Yang, Wenxian and Fan, Siqi and Tang, Yingjuan and Nie, Zaiqing},
  journal={arXiv preprint arXiv:2311.00371},
  year={2023}
}

@article{shi2024mtr++,
  title={MTR++: Multi-agent motion prediction with symmetric scene modeling and guided intention querying},
  author={Shi, Shaoshuai and Jiang, Li and Dai, Dengxin and Schiele, Bernt},
  journal={IEEE Transactions on Pattern Analysis and Machine Intelligence},
  year={2024},
  publisher={IEEE}
}

@inproceedings{song2020pip,
  title={Pip: Planning-informed trajectory prediction for autonomous driving},
  author={Song, Haoran and Ding, Wenchao and Chen, Yuxuan and Shen, Shaojie and Wang, Michael Yu and Chen, Qifeng},
  booktitle={Computer Vision--ECCV 2020: 16th European Conference, Glasgow, UK, August 23--28, 2020, Proceedings, Part XXI 16},
  pages={598--614},
  year={2020},
  organization={Springer}
}

@inproceedings{tang2022interventional,
  title={Interventional behavior prediction: Avoiding overly confident anticipation in interactive prediction},
  author={Tang, Chen and Zhan, Wei and Tomizuka, Masayoshi},
  booktitle={2022 IEEE/RSJ International Conference on Intelligent Robots and Systems (IROS)},
  pages={11409--11415},
  year={2022},
  organization={IEEE}
}

@article{trajectron++,
  title={Trajectron++: Dynamically-Feasible Trajectory Forecasting with Heterogeneous Data},
  author={Salzmann, Tim and Ivanovic, Boris and Chakravarty, Punarjay and Pavone, Marco},
  journal={IEEE transactions on neural networks and learning systems},
  year={2023},
  publisher={IEEE}
}

@incollection{vedaldi_v2vnet_2020,
    author = {Wang, Tsun-Hsuan and Manivasagam, Sivabalan and Liang, Ming and Yang, Bin and Zeng, Wenyuan and Urtasun, Raquel},
    title = {V2VNet: Vehicle-to-Vehicle Communication for Joint Perception and Prediction},
    booktitle = {Computer Vision â€“ {ECCV} 2020},
    publisher = {Springer International Publishing},
    year = 2020
}

@article{wu2024cmp,
  title={Cmp: Cooperative motion prediction with multi-agent communication},
  author={Wu, Zhuoyuan and Wang, Yuping and Ma, Hengbo and Li, Zhaowei and Qiu, Hang and Li, Jiachen},
  journal={arXiv preprint arXiv:2403.17916},
  year={2024}
}

@inproceedings{yu2023v2x,
  title={V2x-seq: A large-scale sequential dataset for vehicle-infrastructure cooperative perception and forecasting},
  author={Yu, Haibao and Yang, Wenxian and Ruan, Hongzhi and Yang, Zhenwei and Tang, Yingjuan and Gao, Xu and Hao, Xin and Shi, Yifeng and Pan, Yifeng and Sun, Ning and others},
  booktitle={Proceedings of the IEEE/CVF Conference on Computer Vision and Pattern Recognition},
  pages={5486--5495},
  year={2023}
}

@inproceedings{zhou2021reliable,
  title={A Reliable Path Planning Method for Lane Change Based on Hybrid PSO-IACO Algorithm},
  author={Zhou, Zewei and Yu, Zhuoping and Xiong, Lu and Zeng, Dequan and Fu, Zhiqiang and Li, Zhuoren and Leng, Bo},
  booktitle={2021 6th International Conference on Transportation Information and Safety (ICTIS)},
  pages={1253--1258},
  year={2021},
  organization={IEEE}
}

@article{zhou2022comprehensive,
  title={A comprehensive study of speed prediction in transportation system: From vehicle to traffic},
  author={Zhou, Zewei and Yang, Ziru and Zhang, Yuanjian and Huang, Yanjun and Chen, Hong and Yu, Zhuoping},
  journal={Iscience},
  volume={25},
  number={3},
  year={2022},
  publisher={Elsevier}
}

@inproceedings{zhou2022hivt,
  title={Hivt: Hierarchical vector transformer for multi-agent motion prediction},
  author={Zhou, Zikang and Ye, Luyao and Wang, Jianping and Wu, Kui and Lu, Kejie},
  booktitle={Proceedings of the IEEE/CVF Conference on Computer Vision and Pattern Recognition},
  pages={8823--8833},
  year={2022}
}

@article{zhou2023qcnext,
  title={Qcnext: A next-generation framework for joint multi-agent trajectory prediction},
  author={Zhou, Zikang and Wen, Zihao and Wang, Jianping and Li, Yung-Hui and Huang, Yu-Kai},
  journal={arXiv preprint arXiv:2306.10508},
  year={2023}
}

@article{zhou2024v2xpnp,
  title={{V2XPnP}: Vehicle-to-Everything Spatio-Temporal Fusion for Multi-Agent Perception and Prediction},
  author={Zhou, Zewei and Xiang, Hao and Zheng, Zhaoliang and Zhao, Seth Z and Lei, Mingyue and Zhang, Yun and Cai, Tianhui and Liu, Xinyi and Liu, Johnson and Bajji, Maheswari and others},
  journal={arXiv preprint arXiv:2412.01812},
  year={2024}
}

