@article{karthik2021learning,
  title={Learning from long-tailed data with noisy labels},
  author={Karthik, Shyamgopal and Revaud, Jerome and Chidlovskii, Boris},
  journal={arXiv preprint arXiv:2108.11096},
  year={2021}
}

@article{li2022intensity,
  title={Intensity-Aware Loss for Dynamic Facial Expression Recognition in the Wild},
  author={Li, Hanting and Niu, Hongjing and Zhu, Zhaoqing and Zhao, Feng},
  journal={arXiv preprint arXiv:2208.10335},
  year={2022}
}

@article{li2022nr,
  title={NR-DFERNet: Noise-Robust Network for Dynamic Facial Expression Recognition},
  author={Li, Hanting and Sui, Mingzhe and Zhu, Zhaoqing and others},
  journal={arXiv preprint arXiv:2206.04975},
  year={2022}
}

@article{ma2022spatio,
  title={Spatio-Temporal Transformer for Dynamic Facial Expression Recognition in the Wild},
  author={Ma, Fuyan and Sun, Bin and Li, Shutao},
  journal={arXiv preprint arXiv:2205.04749},
  year={2022}
}

@inproceedings{wang2022dpcnet,
  title={DPCNet: Dual Path Multi-Excitation Collaborative Network for Facial Expression Representation Learning in Videos},
  author={Wang, Yan and Sun, Yixuan and Song, Wei and Gao, Shuyong and Huang, Yiwen and Chen, Zhaoyu and Ge, Weifeng and Zhang, Wenqiang},
  booktitle={Proceedings of the 30th ACM International Conference on Multimedia},
  pages={101--110},
  year={2022}
}

@article{wei2021robust,
  title={Robust long-tailed learning under label noise},
  author={Wei, Tong and Shi, Jiang-Xin and Tu, Wei-Wei and Li, Yu-Feng},
  journal={arXiv preprint arXiv:2108.11569},
  year={2021}
}

@inproceedings{yi2022identifying,
  title={Identifying Hard Noise in Long-Tailed Sample Distribution},
  author={Yi, Xuanyu and Tang, Kaihua and Hua, Xian-Sheng and Lim, Joo-Hwee and Zhang, Hanwang},
  booktitle={Computer Vision--ECCV 2022: 17th European Conference, Tel Aviv, Israel, October 23--27, 2022, Proceedings, Part XXVI},
  pages={739--756},
  year={2022},
  organization={Springer}
}

@article{zhang2024leave,
 title={Leave no stone unturned: mine extra knowledge for imbalanced facial expression recognition},
 author={Zhang, Yuhang and Li, Yaqi and Liu, Xuannan and Deng, Weihong and others},
 journal={Advances in Neural Information Processing Systems},
 volume={36},
 year={2024}
}

@inproceedings{zhang2024open,
 title={Open-set facial expression recognition},
 author={Zhang, Yuhang and Yao, Yue and Liu, Xuannan and Qin, Lixiong and Wang, Wenjing and Deng, Weihong},
 booktitle={Proceedings of the AAAI Conference on Artificial Intelligence},
 volume={38},
 number={1},
 pages={646--654},
 year={2024}
}

@inproceedings{zhang2025generalizable,
 title={Generalizable Facial Expression Recognition},
 author={Zhang, Yuhang and Zheng, Xiuqi and Liang, Chenyi and Hu, Jiani and Deng, Weihong},
 booktitle={European Conference on Computer Vision},
 pages={231--248},
 year={2025},
 organization={Springer}
}

@inproceedings{zhao2021former,
  title={Former-dfer: Dynamic facial expression recognition transformer},
  author={Zhao, Zengqun and Liu, Qingshan},
  booktitle={Proceedings of the 29th ACM International Conference on Multimedia},
  pages={1553--1561},
  year={2021}
}

