@String(AAAI = {AAAI})
@String(ACCV  = {ACCV})
@String(ACMMM= {ACM Int. Conf. Multimedia})
@String(BMVC= {Brit. Mach. Vis. Conf.})
@String(CGF  = {Comput. Graph. Forum})
@String(CSVT = {IEEE Trans. Circuit Syst. Video Technol.})
@String(CVM = {Computational Visual Media})
@String(CVPR= {IEEE Conf. Comput. Vis. Pattern Recog.})
@String(CVPRW= {IEEE Conf. Comput. Vis. Pattern Recog. Worksh.})
@String(ECCV= {Eur. Conf. Comput. Vis.})
@String(ICASSP=	{ICASSP})
@String(ICCV= {Int. Conf. Comput. Vis.})
@String(ICIP = {IEEE Int. Conf. Image Process.})
@String(ICLR = {Int. Conf. Learn. Represent.})
@String(ICME = {Int. Conf. Multimedia and Expo})
@String(ICPR = {Int. Conf. Pattern Recog.})
@String(IJCAI = {IJCAI})
@String(IJCV = {Int. J. Comput. Vis.})
@String(JCST  = {J. Comput. Sci. Tech.})
@String(JOV	 = {J. Vis.})
@String(NIPS= {Adv. Neural Inform. Process. Syst.})
@String(PAMI = {IEEE Trans. Pattern Anal. Mach. Intell.})
@String(PR   = {Pattern Recognition})

@String(SPL	= {IEEE Sign. Process. Letters})
@String(TCSVT = {IEEE TCSVT})
@String(TIP  = {IEEE Trans. Image Process.})
@String(TMM  = {IEEE Trans. Multimedia})
@String(TOG= {ACM Trans. Graph.})
@String(TVC  = {The Vis. Comput.})
@String(TVCG  = {IEEE Trans. Vis. Comput. Graph.})
@String(VR   = {Vis. Res.})

@misc{rw2019timm,
  author = {Ross Wightman},
  title = {PyTorch Image Models},
  year = {2019},
  publisher = {GitHub},
  journal = {GitHub repository},
  doi = {10.5281/zenodo.4414861},
  howpublished = {\url{https://github.com/rwightman/pytorch-image-models}}
}

@inproceedings{siddiqui2024meshgpt,
  title={Meshgpt: Generating triangle meshes with decoder-only transformers},
  author={Siddiqui, Yawar and Alliegro, Antonio and Artemov, Alexey and Tommasi, Tatiana and Sirigatti, Daniele and Rosov, Vladislav and Dai, Angela and Nie{\ss}ner, Matthias},
  booktitle={Proceedings of the IEEE/CVF Conference on Computer Vision and Pattern Recognition},
  pages={19615--19625},
  year={2024}
}

@article{wang2024llama,
  title={LLaMA-Mesh: Unifying 3D Mesh Generation with Language Models},
  author={Wang, Zhengyi and Lorraine, Jonathan and Wang, Yikai and Su, Hang and Zhu, Jun and Fidler, Sanja and Zeng, Xiaohui},
  journal={arXiv:2411.09595},
  year={2024}
}

@article{chen2024meshxl,
  title={MeshXL: Neural Coordinate Field for Generative 3D Foundation Models},
  author={Chen, Sijin and Chen, Xin and Pang, Anqi and Zeng, Xianfang and Cheng, Wei and Fu, Yijun and Yin, Fukun and Wang, Yanru and Wang, Zhibin and Zhang, Chi and others},
  journal={arXiv:2405.20853},
  year={2024}
}

@article{chen2024meshanything,
  title={MeshAnything: Artist-Created Mesh Generation with Autoregressive Transformers},
  author={Chen, Yiwen and He, Tong and Huang, Di and Ye, Weicai and Chen, Sijin and Tang, Jiaxiang and Chen, Xin and Cai, Zhongang and Yang, Lei and Yu, Gang and others},
  journal={arXiv:2406.10163},
  year={2024}
}

@article{hao2024meshtron,
  title={Meshtron: High-Fidelity, Artist-Like 3D Mesh Generation at Scale},
  author={Hao, Zekun and Romero, David W and Lin, Tsung-Yi and Liu, Ming-Yu},
  journal={arXiv:2412.09548},
  year={2024}
}

@article{weng2024pivotmesh,
  title={PivotMesh: Generic 3D Mesh Generation via Pivot Vertices Guidance},
  author={Weng, Haohan and Wang, Yikai and Zhang, Tong and Chen, CL and Zhu, Jun},
  journal={arXiv:2405.16890},
  year={2024}
}

@article{chen2024meshanything2,
  title={Meshanything v2: Artist-created mesh generation with adjacent mesh tokenization},
  author={Chen, Yiwen and Wang, Yikai and Luo, Yihao and Wang, Zhengyi and Chen, Zilong and Zhu, Jun and Zhang, Chi and Lin, Guosheng},
  journal={arXiv:2408.02555},
  year={2024}
}

@misc{zhang2024g3ptunleashpowerautoregressive,
      title={G3PT: Unleash the power of Autoregressive Modeling in 3D Generation via Cross-scale Querying Transformer}, 
      author={Jinzhi Zhang and Feng Xiong and Mu Xu},
      year={2024},
      eprint={2409.06322},
      archivePrefix={arXiv},
      primaryClass={cs.CV},
      url={https://arxiv.org/abs/2409.06322}, 
}

@article{zhang2024lagem,
  title={Lagem: A large geometry model for 3d representation learning and diffusion},
  author={Zhang, Biao and Wonka, Peter},
  journal={arXiv:2410.01295},
  year={2024}
}


@article{kingma2013auto,
  title={Auto-encoding variational bayes},
  author={Kingma, Diederik P},
  journal={arXiv:1312.6114},
  year={2013}
}

@article{10.1145/3422622,
author = {Goodfellow, Ian and Pouget-Abadie, Jean and Mirza, Mehdi and Xu, Bing and Warde-Farley, David and Ozair, Sherjil and Courville, Aaron and Bengio, Yoshua},
title = {Generative adversarial networks},
year = {2020},
issue_date = {November 2020},
publisher = {Association for Computing Machinery},
address = {New York, NY, USA},
volume = {63},
number = {11},
issn = {0001-0782},
url = {https://doi.org/10.1145/3422622},
doi = {10.1145/3422622},

journal = {Commun. ACM},
month = oct,
pages = {139â€“144},
numpages = {6}
}

@article{vaswani2017attention,
  title={Attention is all you need},
  author={Vaswani, A},
  journal={Advances in Neural Information Processing Systems},
  year={2017}
}



@article{dao2023flashattention,
  title={Flashattention-2: Faster attention with better parallelism and work partitioning},
  author={Dao, Tri},
  journal={arXiv:2307.08691},
  year={2023}
}

@article{tang2024edgerunner,
  title={Edgerunner: Auto-regressive auto-encoder for artistic mesh generation},
  author={Tang, Jiaxiang and Li, Zhaoshuo and Hao, Zekun and Liu, Xian and Zeng, Gang and Liu, Ming-Yu and Zhang, Qinsheng},
  journal={arXiv:2409.18114},
  year={2024}
}

@article{nawrot2021hierarchical,
  title={Hierarchical transformers are more efficient language models},
  author={Nawrot, Piotr and Tworkowski, Szymon and Tyrolski, Micha{\l} and Kaiser, {\L}ukasz and Wu, Yuhuai and Szegedy, Christian and Michalewski, Henryk},
  journal={arXiv:2110.13711},
  year={2021}
}

@inproceedings{chen2020bsp,
  title={Bsp-net: Generating compact meshes via binary space partitioning},
  author={Chen, Zhiqin and Tagliasacchi, Andrea and Zhang, Hao},
  booktitle={Proceedings of the IEEE/CVF conference on computer vision and pattern recognition},
  pages={45--54},
  year={2020}
}

@inproceedings{nash2020polygen,
  title={Polygen: An autoregressive generative model of 3d meshes},
  author={Nash, Charlie and Ganin, Yaroslav and Eslami, SM Ali and Battaglia, Peter},
  booktitle={International conference on machine learning},
  pages={7220--7229},
  year={2020},
  organization={PMLR}
}

@article{alliegro2023polydiff,
  title={Polydiff: Generating 3d polygonal meshes with diffusion models},
  author={Alliegro, Antonio and Siddiqui, Yawar and Tommasi, Tatiana and Nie{\ss}ner, Matthias},
  journal={arXiv:2312.11417},
  year={2023}
}

@article{song2020score,
  title={Score-based generative modeling through stochastic differential equations},
  author={Song, Yang and Sohl-Dickstein, Jascha and Kingma, Diederik P and Kumar, Abhishek and Ermon, Stefano and Poole, Ben},
  journal={arXiv:2011.13456},
  year={2020}
}

@article{ho2020denoising,
  title={Denoising diffusion probabilistic models},
  author={Ho, Jonathan and Jain, Ajay and Abbeel, Pieter},
  journal={Advances in neural information processing systems},
  volume={33},
  pages={6840--6851},
  year={2020}
}

@article{zhang20233dshape2vecset,
  title={3dshape2vecset: A 3d shape representation for neural fields and generative diffusion models},
  author={Zhang, Biao and Tang, Jiapeng and Niessner, Matthias and Wonka, Peter},
  journal={ACM Transactions on Graphics (TOG)},
  volume={42},
  number={4},
  pages={1--16},
  year={2023},
  publisher={ACM New York, NY, USA}
}

@inproceedings{chen2019learning,
  title={Learning implicit fields for generative shape modeling},
  author={Chen, Zhiqin and Zhang, Hao},
  booktitle={Proceedings of the IEEE/CVF conference on computer vision and pattern recognition},
  pages={5939--5948},
  year={2019}
}

@inproceedings{mescheder2019occupancy,
  title={Occupancy networks: Learning 3d reconstruction in function space},
  author={Mescheder, Lars and Oechsle, Michael and Niemeyer, Michael and Nowozin, Sebastian and Geiger, Andreas},
  booktitle={Proceedings of the IEEE/CVF conference on computer vision and pattern recognition},
  pages={4460--4470},
  year={2019}
}

@inproceedings{luo2021diffusion,
  title={Diffusion probabilistic models for 3d point cloud generation},
  author={Luo, Shitong and Hu, Wei},
  booktitle={Proceedings of the IEEE/CVF conference on computer vision and pattern recognition},
  pages={2837--2845},
  year={2021}
}

@inproceedings{voxelhane2017hierarchical,
  title={Hierarchical surface prediction for 3d object reconstruction},
  author={H{\"a}ne, Christian and Tulsiani, Shubham and Malik, Jitendra},
  booktitle={2017 International Conference on 3D Vision (3DV)},
  pages={412--420},
  year={2017},
  organization={IEEE}
}



@article{lindenmayer1968mathematical,
  title={Mathematical models for cellular interactions in development I. Filaments with one-sided inputs},
  author={Lindenmayer, Aristid},
  journal={Journal of theoretical biology},
  volume={18},
  number={3},
  pages={280--299},
  year={1968},
  publisher={Elsevier}
}

@article{smith1984plants,
  title={Plants, fractals, and formal languages},
  author={Smith, Alvy Ray},
  journal={ACM SIGGRAPH Computer Graphics},
  volume={18},
  number={3},
  pages={1--10},
  year={1984},
  publisher={ACM New York, NY, USA}
}

@inproceedings{prusinkiewicz1986graphical,
  title={Graphical applications of L-systems},
  author={Prusinkiewicz, Przemyslaw},
  booktitle={Proceedings of graphics interface},
  volume={86},
  number={86},
  pages={247--253},
  year={1986}
}

@book{prusinkiewicz2012algorithmic,
  title={The algorithmic beauty of plants},
  author={Prusinkiewicz, Przemyslaw and Lindenmayer, Aristid},
  year={2012},
  publisher={Springer Science \& Business Media}
}

@inproceedings{stava2014inverse,
  title={Inverse procedural modelling of trees},
  author={Stava, Ondrej and Pirk, S{\"o}ren and Kratt, Julian and Chen, Baoquan and M{\v{e}}ch, Radom{\'\i}r and Deussen, Oliver and Benes, Bedrich},
  booktitle={Computer Graphics Forum},
  volume={33},
  number={6},
  pages={118--131},
  year={2014},
  organization={Wiley Online Library}
}

@article{reeves1985approximate,
  title={Approximate and probabilistic algorithms for shading and rendering structured particle systems},
  author={Reeves, William T and Blau, Ricki},
  journal={ACM siggraph computer graphics},
  volume={19},
  number={3},
  pages={313--322},
  year={1985},
  publisher={ACM New York, NY, USA}
}

@article{de1988plant,
  title={Plant models faithful to botanical structure and development},
  author={De Reffye, Phillippe and Edelin, Claude and Fran{\c{c}}on, Jean and Jaeger, Marc and Puech, Claude},
  journal={ACM Siggraph Computer Graphics},
  volume={22},
  number={4},
  pages={151--158},
  year={1988},
  publisher={ACM New York, NY, USA}
}

@article{lewis1999three,
  title={Three-dimensional plant modelling for remote sensing simulation studies using the Botanical Plant Modelling System},
  author={Lewis, Philip},
  journal={Agronomie},
  volume={19},
  number={3-4},
  pages={185--210},
  year={1999}
}

@article{lee2023latent,
  title={Latent L-systems: Transformer-based tree generator},
  author={Lee, Jae Joong and Li, Bosheng and Benes, Bedrich},
  journal={ACM Transactions on Graphics},
  volume={43},
  number={1},
  pages={1--16},
  year={2023},
  publisher={ACM New York, NY}
}

@article{zhou2023deeptree,
  title={Deeptree: Modeling trees with situated latents},
  author={Zhou, Xiaochen and Li, Bosheng and Benes, Bedrich and Fei, Songlin and Pirk, S{\"o}ren},
  journal={arXiv:2305.05153},
  year={2023}
}

@inproceedings{lee2025tree,
  title={Tree-D Fusion: Simulation-Ready Tree Dataset from Single Images with Diffusion Priors},
  author={Lee, Jae Joong and Li, Bosheng and Beery, Sara and Huang, Jonathan and Fei, Songlin and Yeh, Raymond A and Benes, Bedrich},
  booktitle={European Conference on Computer Vision},
  pages={439--460},
  year={2025},
  organization={Springer}
}

@inproceedings{li2024svdtree,
  title={SVDTree: Semantic Voxel Diffusion for Single Image Tree Reconstruction},
  author={Li, Yuan and Liu, Zhihao and Benes, Bedrich and Zhang, Xiaopeng and Guo, Jianwei},
  booktitle={Proceedings of the IEEE/CVF Conference on Computer Vision and Pattern Recognition},
  pages={4692--4702},
  year={2024}
}

@article{guo2020inverse,
  title={Inverse procedural modeling of branching structures by inferring l-systems},
  author={Guo, Jianwei and Jiang, Haiyong and Benes, Bedrich and Deussen, Oliver and Zhang, Xiaopeng and Lischinski, Dani and Huang, Hui},
  journal={ACM Transactions on Graphics (TOG)},
  volume={39},
  number={5},
  pages={1--13},
  year={2020},
  publisher={ACM New York, NY, USA}
}

@article{du2019adtree,
  title={AdTree: Accurate, detailed, and automatic modelling of laser-scanned trees},
  author={Du, Shenglan and Lindenbergh, Roderik and Ledoux, Hugo and Stoter, Jantien and Nan, Liangliang},
  journal={Remote Sensing},
  volume={11},
  number={18},
  pages={2074},
  year={2019},
  publisher={MDPI}
}

@incollection{neubert2007approximate,
  title={Approximate image-based tree-modeling using particle flows},
  author={Neubert, Boris and Franken, Thomas and Deussen, Oliver},
  booktitle={ACM SIGGRAPH 2007 papers},
  pages={88--es},
  year={2007}
}

@article{palubicki2009self,
  title={Self-organizing tree models for image synthesis},
  author={Palubicki, Wojciech and Horel, Kipp and Longay, Steven and Runions, Adam and Lane, Brendan and M{\v{e}}ch, Radom{\'\i}r and Prusinkiewicz, Przemyslaw},
  journal={ACM Transactions On Graphics (TOG)},
  volume={28},
  number={3},
  pages={1--10},
  year={2009},
  publisher={ACM New York, NY, USA}
}

@inproceedings{mcquillan2018algorithms,
  title={Algorithms for inferring context-sensitive L-systems},
  author={McQuillan, Ian and Bernard, Jason and Prusinkiewicz, Przemyslaw},
  booktitle={Unconventional Computation and Natural Computation: 17th International Conference, UCNC 2018, Fontainebleau, France, June 25-29, 2018, Proceedings 17},
  pages={117--130},
  year={2018},
  organization={Springer}
}

@article{ho2022video,
  title={Video diffusion models},
  author={Ho, Jonathan and Salimans, Tim and Gritsenko, Alexey and Chan, William and Norouzi, Mohammad and Fleet, David J},
  journal={Advances in Neural Information Processing Systems},
  volume={35},
  pages={8633--8646},
  year={2022}
}

@inproceedings{esser2021taming,
  title={Taming transformers for high-resolution image synthesis},
  author={Esser, Patrick and Rombach, Robin and Ommer, Bjorn},
  booktitle={Proceedings of the IEEE/CVF conference on computer vision and pattern recognition},
  pages={12873--12883},
  year={2021}
}

@article{Zhao2013,
author = {Zhao, Y. and Barbi\v{c}, J.},
title = {Interactive Authoring of Simulation-Ready Plants},
year = {2013},
issue_date = {July 2013},
publisher = {Association for Computing Machinery},
address = {New York, NY, USA},
volume = {32},
number = {4},
issn = {0730-0301},
journal = {ACM Trans. Graph.},
month = {jul},
articleno = {84},
numpages = {12},
keywords = {interactive, large deformations, authoring, model reduction, domain decomposition, FEM, botanical}
}

@article{10.1145/3072959.3073655,
author = {Wang, B. and Zhao, Y. and Barbi\v{c}, J.},
title = {Botanical Materials Based on Biomechanics},
year = {2017},
issue_date = {August 2017},
publisher = {Association for Computing Machinery},
address = {New York, NY, USA},
volume = {36},
number = {4},
issn = {0730-0301},
journal = {ACM Trans. Graph.},
month = {jul},
articleno = {135},
numpages = {13},
keywords = {biomechanics, large deformations, botanical, model reduction, FEM, power law, material, domain decomposition}
}

@inproceedings{Maggioli23,
author = {Maggioli, F. and Klein, J. and H\"{a}drich, T. and Rodol\`{a}, E. and Pa\l{}ubicki, W. and Pirk, S. and Michels, D. L.},
title = {A Physically-inspired Approach to the Simulation of Plant Wilting},
year = {2023},
isbn = {9798400703157},
publisher = {ACM},
booktitle = {SIGGRAPH Asia 2023 Conference Papers},
articleno = {66},
numpages = {8},
keywords = {Diffusion Models, Digital Plants, Plant Modeling, Plant Wilting, Position Based Dynamics (PBD).},
series = {SA '23}
}

@article{Pirk:2017,
 author = {Pirk, S. and Jarz\k{a}bek, M. and H\"{a}drich, T. and Michels, D. L. and Palubicki, W.},
 title = {Interactive Wood Combustion for Botanical Tree Models},
 journal = {ACM Trans. Graph.},
 issue_date = {November 2017},
 volume = {36},
 number = {6},
 month = nov,
 year = {2017},
 issn = {0730-0301},
 pages = {197:1--197:12},
 articleno = {197},
 numpages = {12},
 acmid = {3130814},
 publisher = {ACM},
 address = {New York, NY, USA},
 keywords = {botanical tree models, interactive modeling, natural phenomena, visual models of trees, wood combustion},
} 

@article{Pirk14ToG,
  author = {Pirk, S. and Niese, T. and H{\"a}drich, T. and Benes, B. and Deussen, O.},
  title = {Windy Trees: Computing Stress Response for Developmental Tree Models},
  year = {2014},
  publisher = {Association for Computing Machinery},
  volume = {33},
  number = {6},
  issn = {0730-0301},
  journal = {ACM Trans. Graph.},
  month = nov,
  articleno = {204},  
}

@inproceedings{Shao:2021:GraphLearning,
    title={Accurately Solving Rod Dynamics with Graph Learning},
    author={H. Shao and T. Kugelstadt and T. H\"{a}drich and W. Pa\l{}ubicki and J. Bender and S. Pirk and D. L. Michels},
    year={2021},
    booktitle={NeurIPS},
}

@article{10.1145/3528223.3530146,
author     = {Pa\l{}ubicki, Wojtek and Makowski, Mi\l{}osz and Gajda, Weronika and 
              H\"{a}drich, Torsten and Michels, Dominik L. and Pirk, S\"{o}ren},
title      = {Ecoclimates: Climate-response Modeling of Vegetation},
year       = {2022},
issue_date = {August 2022},
publisher  = {Association for Computing Machinery},
address    = {New York, NY, USA},
volume     = {41},
number     = {4},
url        = {https://doi.org/10.1145/3528223.3530146},
doi        = {10.1145/3528223.3530146},
journal    = {ACM Trans. Graph.},
month      = jul,
articleno  = {155},
numpages   = {19},
keywords   = {Cloud Simulation, Fluid Dynamics, Physics-based Modeling and Simulation, 
              Weather Simulation, Vegetation Modeling, Natural Phenomena, 
              Interactive Modeling, Plant Ecosystems}
}

@article{makowski2019synthetic,
  title={Synthetic silviculture: multi-scale modeling of plant ecosystems},
  author={Makowski, M. and H{\"a}drich, T. and Scheffczyk, J. and Michels, D.L. and Pirk, S. and Pa{\l}ubicki, W.},
  journal={ACM Transactions on Graphics (TOG)},
  volume={38},
  number={4},
  pages={1--14},
  year={2019},
  publisher={ACM New York, NY, USA}
}

@article{Haedrich:2021:Wildfires,
  author    = {Torsten H\"{a}drich and Daniel T.~Banuti and Wojtek Pa{\l}ubicki and S\"{o}ren Pirk and Dominik L.~Michels},
  title     = {Fire in Paradise: Mesoscale Simulation of Wildfires},
  journal   = {ACM Transaction on Graphics},
  year      = {2021},
  month     = {08},
  volume    = {40},
  number    = {4},
  articleno = {163},
  doi       = {https://doi.org/10.1145/3450626.3459954},
  publisher = {ACM},
  address   = {New York, NY, USA}
}



@article{Kokosza:2024:Scintilla,
  author    = {A. Kokosza and H. Wrede and D. G. Esparza and M. Makowski and D. Liu and 
               D. L. Michels and D. Pirk and W. Palubicki},
  title     = {Scintilla: Simulating Combustible Vegetation for Wildfires},
  journal   = {ACM Transaction on Graphics},
  year      = {2024},
  month     = {7},
  volume    = {43},
  number    = {4},
  doi       = {10.1145/3658192},
  article   = {70},
  publisher = {ACM},
  address   = {New York, NY, USA}
}

@article{Li:2021:ReconstructBotanicalTrees,
  author    = {Bosheng Li and Jacek Ka{\l}u{\.z}ny and Jonathan Klein and Dominik L.~Michels 
               and Wojtek Pa{\l}ubicki and Bedrich Benes and S\"oren Pirk},
  title     = {Learning to Reconstruct Botanical Trees from Single Images},
  journal   = {ACM Transaction on Graphics},
  year      = {2021},
  month     = {12},
  volume    = {40},
  number    = {6},
  articleno = {231},
  doi       = {https://doi.org/10.1145/3478513.3480525},
  publisher = {ACM},
  address   = {New York, NY, USA}
}

@article{Na:2024:LennardJonesLayer,
  title={A Lennard-Jones Layer for Distribution Normalization},
  author={Mulun Na and Jonathan Klein and Biao Zhang and Wojtek Palubicki and Soren Pirk and Dominik L.~Michels},
  journal={Transactions on Machine Learning Research},
  issn={2835-8856},
  year={2024}
}

@article{Li:2023:Rhizomorph,
  author    =  {B. Li and J. Klein and D. L. Michels and S. Pirk and B. Benes and W. Palubicki},
  journal   = {ACM Transaction on Graphics},
  title     = {Rhizomorph: The Coordinated Function of Shoots and Roots},
  year      = {2023},
  month     = {8},
  number    = {4},
  volume    = {42},
  address   = {New York, NY, USA},
  doi       = {https://doi.org/10.1145/3592145},
  publisher = {ACM},
}
 @article {Wang2023OctFormer,
     title      = {OctFormer: Octree-based Transformers for {3D} Point Clouds},
     author     = {Wang, Peng-Shuai},
     journal    = {ACM Transactions on Graphics (SIGGRAPH)},
     volume     = {42},
     number     = {4},
     year       = {2023},
 }

@inproceedings{wu2024ptv3,
    title={Point Transformer V3: Simpler, Faster, Stronger},
    author={Wu, Xiaoyang and Jiang, Li and Wang, Peng-Shuai and Liu, Zhijian and Liu, Xihui and Qiao, Yu and Ouyang, Wanli and He, Tong and Zhao, Hengshuang},
    booktitle={CVPR},
    year={2024}
}
@Comment{jabref-meta: databaseType:bibtex;}
