@article{bai2021uibert,
  title={Uibert: Learning generic multimodal representations for ui understanding},
  author={Bai, Chongyang and Zang, Xiaoxue and Xu, Ying and Sunkara, Srinivas and Rastogi, Abhinav and Chen, Jindong and others},
  journal={arXiv preprint arXiv:2107.13731},
  year={2021}
}

@article{bai2023qwen,
  title={Qwen-vl: A frontier large vision-language model with versatile abilities},
  author={Bai, Jinze and Bai, Shuai and Yang, Shusheng and Wang, Shijie and Tan, Sinan and Wang, Peng and Lin, Junyang and Zhou, Chang and Zhou, Jingren},
  journal={arXiv preprint arXiv:2308.12966},
  year={2023}
}

@inproceedings{chen2024internvl,
  title={Internvl: Scaling up vision foundation models and aligning for generic visual-linguistic tasks},
  author={Chen, Zhe and Wu, Jiannan and Wang, Wenhai and Su, Weijie and Chen, Guo and Xing, Sen and Zhong, Muyan and Zhang, Qinglong and Zhu, Xizhou and Lu, Lewei and others},
  booktitle={Proceedings of the IEEE/CVF Conference on Computer Vision and Pattern Recognition},
  pages={24185--24198},
  year={2024}
}

@inproceedings{cheng2024seeclick,
  title={SeeClick: Harnessing GUI Grounding for Advanced Visual GUI Agents},
  author={Cheng, Kanzhi and Sun, Qiushi and Chu, Yougang and Xu, Fangzhi and YanTao, Li and Zhang, Jianbing and Wu, Zhiyong},
  booktitle={ICLR 2024 Workshop on Large Language Model (LLM) Agents},
  year={2024}
}

@inproceedings{deka2017rico,
  title={Rico: A mobile app dataset for building data-driven design applications},
  author={Deka, Biplab and Huang, Zifeng and Franzen, Chad and Hibschman, Joshua and Afergan, Daniel and Li, Yang and Nichols, Jeffrey and Kumar, Ranjitha},
  booktitle={Proceedings of the 30th annual ACM symposium on user interface software and technology},
  pages={845--854},
  year={2017}
}

@inproceedings{deng2024mobile,
  title={Mobile-Bench: An Evaluation Benchmark for LLM-based Mobile Agents},
  author={Deng, Shihan and Xu, Weikai and Sun, Hongda and Liu, Wei and Tan, Tao and Liujianfeng, Liujianfeng and Li, Ang and Luan, Jian and Wang, Bin and Yan, Rui and others},
  booktitle={Proceedings of the 62nd Annual Meeting of the Association for Computational Linguistics (Volume 1: Long Papers)},
  pages={8813--8831},
  year={2024}
}

@inproceedings{hong2024cogagent,
  title={Cogagent: A visual language model for gui agents},
  author={Hong, Wenyi and Wang, Weihan and Lv, Qingsong and Xu, Jiazheng and Yu, Wenmeng and Ji, Junhui and Wang, Yan and Wang, Zihan and Dong, Yuxiao and Ding, Ming and others},
  booktitle={Proceedings of the IEEE/CVF Conference on Computer Vision and Pattern Recognition},
  pages={14281--14290},
  year={2024}
}

@inproceedings{li2020mapping,
    title = "Mapping Natural Language Instructions to Mobile {UI} Action Sequences",
    author = "Li, Yang  and
      He, Jiacong  and
      Zhou, Xin  and
      Zhang, Yuan  and
      Baldridge, Jason",
    editor = "Jurafsky, Dan  and
      Chai, Joyce  and
      Schluter, Natalie  and
      Tetreault, Joel",
    booktitle = "Proceedings of the 58th Annual Meeting of the Association for Computational Linguistics",
    month = jul,
    year = "2020",
    address = "Online",
    publisher = "Association for Computational Linguistics",
    url = "https://aclanthology.org/2020.acl-main.729/",
    doi = "10.18653/v1/2020.acl-main.729",
    pages = "8198--8210",
}

@article{li2024effects,
  title={On the Effects of Data Scale on Computer Control Agents},
  author={Li, Wei and Bishop, William and Li, Alice and Rawles, Chris and Campbell-Ajala, Folawiyo and Tyamagundlu, Divya and Riva, Oriana},
  journal={arXiv preprint arXiv:2406.03679},
  year={2024}
}

@article{liu2024autoglm,
  title={Autoglm: Autonomous foundation agents for guis},
  author={Liu, Xiao and Qin, Bo and Liang, Dongzhu and Dong, Guang and Lai, Hanyu and Zhang, Hanchen and Zhao, Hanlin and Iong, Iat Long and Sun, Jiadai and Wang, Jiaqi and others},
  journal={arXiv preprint arXiv:2411.00820},
  year={2024}
}

@article{lu2024gui,
  title={GUI Odyssey: A Comprehensive Dataset for Cross-App GUI Navigation on Mobile Devices},
  author={Lu, Quanfeng and Shao, Wenqi and Liu, Zitao and Meng, Fanqing and Li, Boxuan and Chen, Botong and Huang, Siyuan and Zhang, Kaipeng and Qiao, Yu and Luo, Ping},
  journal={arXiv preprint arXiv:2406.08451},
  year={2024}
}

@inproceedings{ma2024comprehensive,
    title = "{C}o{C}o-Agent: A Comprehensive Cognitive {MLLM} Agent for Smartphone {GUI} Automation",
    author = "Ma, Xinbei  and
      Zhang, Zhuosheng  and
      Zhao, Hai",
    editor = "Ku, Lun-Wei  and
      Martins, Andre  and
      Srikumar, Vivek",
    booktitle = "Findings of the Association for Computational Linguistics: ACL 2024",
    month = aug,
    year = "2024",
    address = "Bangkok, Thailand",
    publisher = "Association for Computational Linguistics",
    url = "https://aclanthology.org/2024.findings-acl.539/",
    doi = "10.18653/v1/2024.findings-acl.539",
    pages = "9097--9110",
}

@inproceedings{niu2024screenagent,
author = {Niu, Runliang and Li, Jindong and Wang, Shiqi and Fu, Yali and Hu, Xiyu and Leng, Xueyuan and Kong, He and Chang, Yi and Wang, Qi},
title = {ScreenAgent: a vision language model-driven computer control agent},
year = {2024},
isbn = {978-1-956792-04-1},
url = {https://doi.org/10.24963/ijcai.2024/711},
doi = {10.24963/ijcai.2024/711},
booktitle = {Proceedings of the Thirty-Third International Joint Conference on Artificial Intelligence},
articleno = {711},
numpages = {9},
location = {Jeju, Korea},
series = {IJCAI '24}
}

@article{qi2024webrl,
  title={WebRL: Training LLM Web Agents via Self-Evolving Online Curriculum Reinforcement Learning},
  author={Qi, Zehan and Liu, Xiao and Iong, Iat Long and Lai, Hanyu and Sun, Xueqiao and Yang, Xinyue and Sun, Jiadai and Yang, Yu and Yao, Shuntian and Zhang, Tianjie and others},
  journal={arXiv preprint arXiv:2411.02337},
  year={2024}
}

@article{qin2025ui,
  title={UI-TARS: Pioneering Automated GUI Interaction with Native Agents},
  author={Qin, Yujia and Ye, Yining and Fang, Junjie and Wang, Haoming and Liang, Shihao and Tian, Shizuo and Zhang, Junda and Li, Jiahao and Li, Yunxin and Huang, Shijue and others},
  journal={arXiv preprint arXiv:2501.12326},
  year={2025}
}

@article{rawles2024androidinthewild,
  title={Androidinthewild: A large-scale dataset for android device control},
  author={Rawles, Christopher and Li, Alice and Rodriguez, Daniel and Riva, Oriana and Lillicrap, Timothy},
  journal={Advances in Neural Information Processing Systems},
  volume={36},
  year={2024}
}

@inproceedings{sun2022meta,
  title={META-GUI: Towards Multi-modal Conversational Agents on Mobile GUI},
  author={Sun, Liangtai and Chen, Xingyu and Chen, Lu and Dai, Tianle and Zhu, Zichen and Yu, Kai},
  booktitle={Proceedings of the 2022 Conference on Empirical Methods in Natural Language Processing},
  pages={6699--6712},
  year={2022}
}

@article{sun2024genesis,
  title={OS-Genesis: Automating GUI Agent Trajectory Construction via Reverse Task Synthesis},
  author={Sun, Qiushi and Cheng, Kanzhi and Ding, Zichen and Jin, Chuanyang and Wang, Yian and Xu, Fangzhi and Wu, Zhenyu and Jia, Chengyou and Chen, Liheng and Liu, Zhoumianze and others},
  journal={arXiv preprint arXiv:2412.19723},
  year={2024}
}

@inproceedings{wang2024distrl,
  title={DistRL: An Asynchronous Distributed Reinforcement Learning Framework for On-Device Control Agent},
  author={Wang, Taiyi and Wu, Zhihao and Liu, Jianheng and Yuen, Derek and Jianye, HAO and Wang, Jun and Shao, Kun},
  booktitle={NeurIPS 2024 Workshop on Fine-Tuning in Modern Machine Learning: Principles and Scalability},
  year={2024}
}

@article{wu2024atlas,
  title={Os-atlas: A foundation action model for generalist gui agents},
  author={Wu, Zhiyong and Wu, Zhenyu and Xu, Fangzhi and Wang, Yian and Sun, Qiushi and Jia, Chengyou and Cheng, Kanzhi and Ding, Zichen and Chen, Liheng and Liang, Paul Pu and others},
  journal={arXiv preprint arXiv:2410.23218},
  year={2024}
}

@inproceedings{wu2024mobilevlm,
    title = "{M}obile{VLM}: A Vision-Language Model for Better Intra- and Inter-{UI} Understanding",
    author = "Wu, Qinzhuo  and
      Xu, Weikai  and
      Liu, Wei  and
      Tan, Tao  and
      Liujianfeng, Liujian  and
      Li, Ang  and
      Luan, Jian  and
      Wang, Bin  and
      Shang, Shuo",
    editor = "Al-Onaizan, Yaser  and
      Bansal, Mohit  and
      Chen, Yun-Nung",
    booktitle = "Findings of the Association for Computational Linguistics: EMNLP 2024",
    month = nov,
    year = "2024",
    address = "Miami, Florida, USA",
    publisher = "Association for Computational Linguistics",
    url = "https://aclanthology.org/2024.findings-emnlp.599/",
    doi = "10.18653/v1/2024.findings-emnlp.599",
    pages = "10231--10251",
}

@article{zhang2023appagent,
  title={Appagent: Multimodal agents as smartphone users},
  author={Zhang, Chi and Yang, Zhao and Liu, Jiaxuan and Han, Yucheng and Chen, Xin and Huang, Zebiao and Fu, Bin and Yu, Gang},
  journal={arXiv preprint arXiv:2312.13771},
  year={2023}
}

@inproceedings{zhang2023you,
    title = "You Only Look at Screens: Multimodal Chain-of-Action Agents",
    author = "Zhang, Zhuosheng  and
      Zhang, Aston",
    editor = "Ku, Lun-Wei  and
      Martins, Andre  and
      Srikumar, Vivek",
    booktitle = "Findings of the Association for Computational Linguistics: ACL 2024",
    month = aug,
    year = "2024",
    address = "Bangkok, Thailand",
    publisher = "Association for Computational Linguistics",
    url = "https://aclanthology.org/2024.findings-acl.186/",
    doi = "10.18653/v1/2024.findings-acl.186",
    pages = "3132--3149",
}

@inproceedings{zhang2024android,
    title = "Android in the Zoo: Chain-of-Action-Thought for {GUI} Agents",
    author = "Zhang, Jiwen  and
      Wu, Jihao  and
      Yihua, Teng  and
      Liao, Minghui  and
      Xu, Nuo  and
      Xiao, Xiao  and
      Wei, Zhongyu  and
      Tang, Duyu",
    editor = "Al-Onaizan, Yaser  and
      Bansal, Mohit  and
      Chen, Yun-Nung",
    booktitle = "Findings of the Association for Computational Linguistics: EMNLP 2024",
    month = nov,
    year = "2024",
    address = "Miami, Florida, USA",
    publisher = "Association for Computational Linguistics",
    url = "https://aclanthology.org/2024.findings-emnlp.702/",
    doi = "10.18653/v1/2024.findings-emnlp.702",
    pages = "12016--12031",
}

@inproceedings{zhang2024dynamic,
    title = "Dynamic Planning for {LLM}-based Graphical User Interface Automation",
    author = "Zhang, Shaoqing  and
      Zhang, Zhuosheng  and
      Chen, Kehai  and
      Ma, Xinbei  and
      Yang, Muyun  and
      Zhao, Tiejun  and
      Zhang, Min",
    editor = "Al-Onaizan, Yaser  and
      Bansal, Mohit  and
      Chen, Yun-Nung",
    booktitle = "Findings of the Association for Computational Linguistics: EMNLP 2024",
    month = nov,
    year = "2024",
    address = "Miami, Florida, USA",
    publisher = "Association for Computational Linguistics",
    url = "https://aclanthology.org/2024.findings-emnlp.70/",
    doi = "10.18653/v1/2024.findings-emnlp.70",
    pages = "1304--1320",
}

@article{zhang2024large,
  title={Large language model-brained gui agents: A survey},
  author={Zhang, Chaoyun and He, Shilin and Qian, Jiaxu and Li, Bowen and Li, Liqun and Qin, Si and Kang, Yu and Ma, Minghua and Lin, Qingwei and Rajmohan, Saravan and others},
  journal={arXiv preprint arXiv:2411.18279},
  year={2024}
}

@inproceedings{zhenggpt,
author = {Zheng, Boyuan and Gou, Boyu and Kil, Jihyung and Sun, Huan and Su, Yu},
title = {GPT-4V(ision) is a generalist web agent, if grounded},
year = {2024},
publisher = {JMLR.org},
booktitle = {Proceedings of the 41st International Conference on Machine Learning},
articleno = {2538},
numpages = {37},
location = {Vienna, Austria},
series = {ICML'24}
}

@inproceedings{zhoudigirl,
  title={DigiRL: Training In-The-Wild Device-Control Agents with Autonomous Reinforcement Learning},
  author={Zhou, Yifei and Bai, Hao and Cemri, Mert and Pan, Jiayi and Suhr, Alane and Levine, Sergey and Kumar, Aviral},
  booktitle={Automated Reinforcement Learning: Exploring Meta-Learning, AutoML, and LLMs},
  year={2024}
}

