@article{Rives2019,
  title={Biological structure and function emerge from scaling unsupervised learning to 250 million protein sequences},
  author={Rives, Alexander and Goyal, Siddharth and Meier, Joshua and Guo, Demi and Ott, Myle and Zitnick, C Lawrence and Ma, Jerry and Fergus, Rob},
  journal={Proceedings of the National Academy of Sciences},
  volume={118},
  year={2019}
}

@article{Lin2023,
  title={Evolutionary-scale prediction of atomic-level protein structure with a language model},
  author={Lin, Zeming and Akin, Halil and Rao, Roshan and others},
  journal={Science},
  volume={379},
  number={6637},
  pages={1123--1130},
  year={2023}
}

@article{Brandes2021,
  title={ProteinBERT: A universal deep-learning model of protein sequence and function},
  author={Brandes, Nadav and Ofer, Dan and Peleg, Yam and Rappoport, Nadav and Linial, Michal},
  journal={Bioinformatics},
  volume={38},
  pages={2102--2110},
  year={2021}
}

@article{Jumper2021,
  title={Highly accurate protein structure prediction with AlphaFold},
  author={Jumper, John and Evans, Richard and Pritzel, Alexander and others},
  journal={Nature},
  volume={596},
  pages={583--589},
  year={2021}
}

@article{McNutt2021,
  title={A deep learning approach to scoring protein-ligand poses using molecular dynamics-based metrics},
  author={McNutt, Ariel T and Francoeur, Paul and Aggarwal, Rachit and Masuda, Tomohide and Meli, Rocco and Ragoza, Matthew and Sunseri, Jocelyn and Koes, David Ryan},
  journal={Journal of Chemical Information and Modeling},
  volume={61},
  number={8},
  pages={3710--3724},
  year={2021}
}

@article{Stark2022,
  title={EquiBind: Geometric Deep Learning for Drug Binding Structure Prediction},
  author={Stärk, Hannes and Ganea, Octavian-Eugen and Pattanaik, Lagnajit and Barzilay, Regina and Jaakkola, Tommi},
  journal={Proceedings of the 39th International Conference on Machine Learning},
  year={2022}
}

@article{DiffDock2023,
  title={DiffDock: Diffusion Steps, Twists, and Turns for Molecular Docking},
  author={Corso, Gabriele and Stärk, Hannes and Jing, Bowen and Barzilay, Regina and Jaakkola, Tommi},
  journal={International Conference on Learning Representations},
  year={2023}
}

@article{Probst2022,
  title={Biocatalysed synthesis planning using data-driven learning},
  author={Probst, Daniel and Manica, Matteo and Teukam, Yves Gaetan Nana and Castrogiovanni, Alessandro and Paratore, Federico and Laino, Teodoro},
  journal={Nature Communications},
  volume={13},
  number={964},
  year={2022}
}

@article{Finnigan2021,
    title={RetroBioCat as a computer-aided synthesis planning tool for biocatalytic reactions and cascades},
    author={Finnigan, William and Hepworth, Lorna J and Flitsch, Sabine L and Turner, Nicholas J},
    journal={Nature Catalysis},
    volume={4},
    number={2},
    pages={98--104},
    year={2021}
}

@article{Robinson2021,
    title={Merging enzymatic and synthetic chemistry with computational synthesis planning},
    author={Robinson, Matthew and Turner, Nicholas J and Flitsch, Sabine L},
    journal={Nature Reviews Chemistry},
    volume={5},
    pages={631--645},
    year={2021}
}

@article{Chen2023,
    title={Deep learning driven biosynthetic pathways navigation for natural products with BioNavi-NP},
    author={Chen, Xiaorui and Liu, Hongming and Zhang, Jianping},
    journal={Nature Communications},
    volume={14},
    number={1},
    pages={1--12},
    year={2023}
}

@article{AIReview2022,
    title={Artificial Intelligence Methods and Models for Retro-Biosynthesis: A Scoping Review},
    author={Zhang, Wei and Liu, Hong and Li, Xuefeng},
    journal={ACS Synthetic Biology},
    volume={11},
    number={3},
    pages={1076--1092},
    year={2022}
}

@article{MLReview2023,
    title={Machine learning-enabled retrobiosynthesis of molecules},
    author={Wang, Lei and Green, William H and Coley, Connor W},
    journal={Nature Machine Intelligence},
    volume={5},
    pages={67--78},
    year={2023}
}

@article{Devlin2019,
    title={BERT: Pre-training of Deep Bidirectional Transformers for Language Understanding},
    author={Devlin, Jacob and Chang, Ming-Wei and Lee, Kenton and Toutanova, Kristina},
    journal={Proceedings of the North American Chapter of the Association for Computational Linguistics},
    pages={4171--4186},
    year={2019}
}

@article{Vaswani2017,
    title={Attention is All you Need},
    author={Vaswani, Ashish and Shazeer, Noam and Parmar, Niki and Uszkoreit, Jakob and Jones, Llion and Gomez, Aidan N and Kaiser, Lukasz and Polosukhin, Illia},
    journal={Advances in Neural Information Processing Systems},
    volume={30},
    year={2017}
}

@article{TANKBind2022,
    title={TANKBind: Trigonometry-Aware Neural NetworKs for Drug-Protein Binding Structure Prediction},
    author={Lu, Fang and Zhu, Jiashun and Wang, Yunjie and Jiang, Jun and Yang, Dong and Qin, Jie and Wang, Zhangming and Liu, Hong and Jiang, Yun and Chen, Kangjie and others},
    journal={Advances in Neural Information Processing Systems},
    volume={35},
    year={2022}
}


@article{hu2019strategies,
  title={Strategies for pre-training graph neural networks},
  author={Hu, Weihua and Liu, Bowen and Gomes, Joseph and Zitnik, Marinka and Liang, Percy and Pande, Vijay and Leskovec, Jure},
  journal={arXiv preprint arXiv:1905.12265},
  year={2019}
}

@article{pe2019applying,
  title={Applying Deep Learning to Genomics, Microscopy, Drug Discovery, and More},
  author={PE, Bharath Ramsundar and Walters, P and Pande, V},
  year={2019},
  publisher={Sebastopol, CA: O’Reilly Media,}
}

@article{fabregat2018reactome,
  title={The reactome pathway knowledgebase},
  author={Fabregat, Antonio and Jupe, Steven and Matthews, Lisa and Sidiropoulos, Konstantinos and Gillespie, Marc and Garapati, Phani and Haw, Robin and Jassal, Bijay and Korninger, Florian and May, Bruce and others},
  journal={Nucleic acids research},
  volume={46},
  number={D1},
  pages={D649--D655},
  year={2018},
  publisher={Oxford University Press}
}

@article{weininger1988smiles,
  title={SMILES, a chemical language and information system. 1. Introduction to methodology and encoding rules},
  author={Weininger, David},
  journal={Journal of chemical information and computer sciences},
  volume={28},
  number={1},
  pages={31--36},
  year={1988},
  publisher={ACS Publications}
}
@article{lipman1985rapid,
  title={Rapid and sensitive protein similarity searches},
  author={Lipman, David J and Pearson, William R},
  journal={Science},
  volume={227},
  number={4693},
  pages={1435--1441},
  year={1985},
  publisher={American Association for the Advancement of Science}
}
@article{wishart2018drugbank,
  title={DrugBank 5.0: a major update to the DrugBank database for 2018},
  author={Wishart, David S and Feunang, Yannick D and Guo, An C and Lo, Elvis J and Marcu, Ana and Grant, Jason R and Sajed, Tanvir and Johnson, Daniel and Li, Carin and Sayeeda, Zinat and others},
  journal={Nucleic acids research},
  volume={46},
  number={D1},
  pages={D1074--D1082},
  year={2018},
  publisher={Oxford University Press}
}
@article{davis2011comprehensive,
  title={Comprehensive analysis of kinase inhibitor selectivity},
  author={Davis, Mindy I and Hunt, Jeremy P and Herrgard, Sanna and Ciceri, Pietro and Wodicka, Lisa M and Pallares, Gabriel and Hocker, Michael and Treiber, Daniel K and Zarrinkar, Patrick P},
  journal={Nature biotechnology},
  volume={29},
  number={11},
  pages={1046--1051},
  year={2011},
  publisher={Nature Publishing Group US New York}
}

@article{tang2014making,
  title={Making sense of large-scale kinase inhibitor bioactivity data sets: a comparative and integrative analysis},
  author={Tang, Jing and Szwajda, Agnieszka and Shakyawar, Sushil and Xu, Tao and Hintsanen, Petteri and Wennerberg, Krister and Aittokallio, Tero},
  journal={Journal of Chemical Information and Modeling},
  volume={54},
  number={3},
  pages={735--743},
  year={2014},
  publisher={ACS Publications}
}

@article{gene2004gene,
  title={The Gene Ontology (GO) database and informatics resource},
  author={Gene Ontology Consortium},
  journal={Nucleic acids research},
  volume={32},
  number={suppl\_1},
  pages={D258--D261},
  year={2004},
  publisher={Oxford University Press}
}

@article{shen2010estimation,
  title={Estimation of ADME properties with substructure pattern recognition},
  author={Shen, Jie and Cheng, Feixiong and Xu, You and Li, Weihua and Tang, Yun},
  journal={Journal of chemical information and modeling},
  volume={50},
  number={6},
  pages={1034--1041},
  year={2010},
  publisher={ACS Publications}
}

@article{gayvert2016data,
  title={A data-driven approach to predicting successes and failures of clinical trials},
  author={Gayvert, Kaitlyn M and Madhukar, Neel S and Elemento, Olivier},
  journal={Cell chemical biology},
  volume={23},
  number={10},
  pages={1294--1301},
  year={2016},
  publisher={Elsevier}
}

@inproceedings{riesen2008iam,
  title={IAM graph database repository for graph based pattern recognition and machine learning},
  author={Riesen, Kaspar and Bunke, Horst},
  booktitle={Structural, Syntactic, and Statistical Pattern Recognition: Joint IAPR International Workshop, SSPR \& SPR 2008, Orlando, USA, December 4-6, 2008. Proceedings},
  pages={287--297},
  year={2008},
  organization={Springer}
}


@article{lin2023evolutionary,
  title={Evolutionary-scale prediction of atomic-level protein structure with a language model},
  author={Lin, Zeming and Akin, Halil and Rao, Roshan and Hie, Brian and Zhu, Zhongkai and Lu, Wenting and Smetanin, Nikita and Verkuil, Robert and Kabeli, Ori and Shmueli, Yaniv and others},
  journal={Science},
  volume={379},
  number={6637},
  pages={1123--1130},
  year={2023},
  publisher={American Association for the Advancement of Science}
}

@article {Elnaggar2020.07.12.199554,
	author = {Elnaggar, Ahmed and Heinzinger, Michael and Dallago, Christian and Rehawi, Ghalia and Wang, Yu and Jones, Llion and Gibbs, Tom and Feher, Tamas and Angerer, Christoph and Steinegger, Martin and Bhowmik, Debsindhu and Rost, Burkhard},
	title = {ProtTrans: Towards Cracking the Language of Life{\textquoteright}s Code Through Self-Supervised Learning},
	elocation-id = {2020.07.12.199554},
	year = {2021},
	doi = {10.1101/2020.07.12.199554},
	publisher = {Cold Spring Harbor Laboratory},
	URL = {https://www.biorxiv.org/content/early/2021/05/04/2020.07.12.199554},
	eprint = {https://www.biorxiv.org/content/early/2021/05/04/2020.07.12.199554.full.pdf},
	journal = {bioRxiv}
}


@article{hayes2024simulating,
  title={Simulating 500 million years of evolution with a language model},
  author={Hayes, Tomas and Rao, Roshan and Akin, Halil and Sofroniew, Nicholas J and Oktay, Deniz and Lin, Zeming and Verkuil, Robert and Tran, Vincent Q and Deaton, Jonathan and Wiggert, Marius and others},
  journal={bioRxiv},
  pages={2024--07},
  year={2024},
  publisher={Cold Spring Harbor Laboratory}
}

@article{chithrananda2020chemberta,
  title={ChemBERTa: large-scale self-supervised pretraining for molecular property prediction},
  author={Chithrananda, Seyone and Grand, Gabriel and Ramsundar, Bharath},
  journal={arXiv preprint arXiv:2010.09885},
  year={2020}
}

@article{sterling2015zinc,
  title={ZINC 15--ligand discovery for everyone},
  author={Sterling, Teague and Irwin, John J},
  journal={Journal of chemical information and modeling},
  volume={55},
  number={11},
  pages={2324--2337},
  year={2015},
  publisher={ACS Publications}
}

@article{bank1971protein,
  title={Protein data bank},
  author={Bank, Protein Data},
  journal={Nature New Biol},
  volume={233},
  number={223},
  pages={10--1038},
  year={1971}
}
@article{uniprot2007universal,
  title={The universal protein resource (UniProt)},
  author={UniProt Consortium},
  journal={Nucleic acids research},
  volume={36},
  number={suppl\_1},
  pages={D190--D195},
  year={2007},
  publisher={Oxford University Press}
}



@inproceedings{wang2019smiles,
  title={Smiles-bert: large scale unsupervised pre-training for molecular property prediction},
  author={Wang, Sheng and Guo, Yuzhi and Wang, Yuhong and Sun, Hongmao and Huang, Junzhou},
  booktitle={Proceedings of the 10th ACM international conference on bioinformatics, computational biology and health informatics},
  pages={429--436},
  year={2019}
}

@inproceedings{chen2020simple,
  title={A simple framework for contrastive learning of visual representations},
  author={Chen, Ting and Kornblith, Simon and Norouzi, Mohammad and Hinton, Geoffrey},
  booktitle={International conference on machine learning},
  pages={1597--1607},
  year={2020},
  organization={PMLR}
}

@inproceedings{he2020momentum,
  title={Momentum contrast for unsupervised visual representation learning},
  author={He, Kaiming and Fan, Haoqi and Wu, Yuxin and Xie, Saining and Girshick, Ross},
  booktitle={Proceedings of the IEEE/CVF conference on computer vision and pattern recognition},
  pages={9729--9738},
  year={2020}
}

@inproceedings{kanehisa2002kegg,
  title={The KEGG database},
  author={Kanehisa, Minoru},
  booktitle={‘In silico’simulation of biological processes: Novartis Foundation Symposium 247},
  volume={247},
  pages={91--103},
  year={2002},
  organization={Wiley Online Library}
}

@article{karp2019biocyc,
  title={The BioCyc collection of microbial genomes and metabolic pathways},
  author={Karp, Peter D and Billington, Richard and Caspi, Ron and Fulcher, Carol A and Latendresse, Mario and Kothari, Anamika and Keseler, Ingrid M and Krummenacker, Markus and Midford, Peter E and Ong, Quang and others},
  journal={Briefings in bioinformatics},
  volume={20},
  number={4},
  pages={1085--1093},
  year={2019},
  publisher={Oxford University Press}
}

@inproceedings{ramachandram2017deep,
title={Deep multimodal learning: A survey on recent advances and trends},
author={Ramachandram, Dwarikanath and Taylor, Graham W},
booktitle={IEEE Signal Process Mag},
pages={96--108},
year={2017}
}
@article{baltrusaitis2019multimodal,
title={Multimodal machine learning: A survey and taxonomy},
author={Baltrusaitis, Tadas and Ahuja, Chaitanya and Morency, Louis-Philippe},
journal={IEEE Trans Pattern Anal Mach Intell},
volume={41},
number={2},
pages={423--443},
year={2019}
}
@article{yu2020model,
title={A model for predicting prognosis in patients with esophageal squamous cell carcinoma based on joint representation learning},
author={Yu, Junjie and Wu, Xin and Lv, Miao and Zhou, Zhuan and Wang, Kunjie and Xu, Yanbin and Luo, Dapeng and Wang, Wei and Yao, Xiting and Ye, Yubin},
journal={Oncol Lett},
volume={20},
number={6},
pages={387},
year={2020}
}
@article{islam2020integrative,
title={An integrative deep learning framework for classifying molecular subtypes of breast cancer},
author={Islam, Md Murad and Huang, Songlei and Ajwad, Rahman and Hag, Ahmedul Mondol and Sattar, Joarder},
journal={Comput Struct Biotechnol J},
volume={18},
pages={2185--2199},
year={2020}
}
@inproceedings{karpathy2014large,
title={Large-scale video classification with convolutional neural networks},
author={Karpathy, Andrej and Toderici, George and Shetty, Sanketh and Leung, Thomas and Sukthankar, Rahul and Fei-Fei, Li},
booktitle={CVPR},
year={2014}
}
@article{venugopalan2021multimodal,
title={Multimodal deep learning models for early stage Alzheimer's disease detection},
author={Venugopalan, Jayachandra and Tong, Li and Hassanzadeh, Hamed R and Wang, MD},
journal={Sci Rep},
volume={11},
number={1},
pages={3254},
year={2021}
}
@article{chen2020pathomic,
title={Pathomic fusion: An integrated framework for fusing histopathology and genomic features for cancer diagnosis and prognosis},
author={Chen, Rui-Jing and Lu, Mike Y and Wang, Jiayun and Williamson, Douglas FK and Rodig, Scott J and Lindeman, Neal I and Uduman, Mohammed},
journal={arXiv preprint arXiv:1912.08937},
year={2020}
}
@article{chen2021pancancer,
title={Pan-cancer integrative histology-genomic analysis via interpretable multimodal deep learning},
author={Chen, Rui-Jing and Lu, Mike Y and Williamson, Douglas FK and Liu, Fang-Cheng and Monzon, Federico and Aguirre, Alexander and Parwani, Anil and Knudsen, Beatrice and Bastien, Roy and Rao, Arvind and Yang, Jean and others},
journal={arXiv preprint arXiv:2108.02278},
year={2021}
}
@inproceedings{thung2017multi,
title={Multi-stage diagnosis of Alzheimer's disease with incomplete multimodal data via multi-task deep learning},
author={Thung, Kim-Han and Yap, Pew-Thian and Shen, Dinggang},
booktitle={Deep Learn Med Image Anal Multimodal Learn Clin Decis Support},
volume={10553},
pages={160--168},
year={2017}
}
@article{cheerla2019deep,
title={Deep learning with multimodal representation for pancancer prognosis prediction},
author={Cheerla, Anil and Gevaert, Olivier},
journal={Bioinformatics},
volume={35},
number={14},
pages={i446--i454},
year={2019}
}
@article{xu2021mufasa,
title={MUFASA: Multimodal Fusion Architecture Search for Electronic Health Records},
author={Xu, Zhaozhi and So, Daniel R and Dai, Andrew M},
journal={arXiv preprint arXiv:2102.02340},
year={2021}
}
@article{galanti2016theoretical,
title={A theoretical framework for deep transfer learning},
author={Galanti, Tal and Wolf, Lior and Hazan, Tamir},
journal={Information Inference: A Journal of the IMA},
volume={5},
number={2},
pages={159--209},
year={2016}
}
@article{demir2010biopax,
  title={The BioPAX community standard for pathway data sharing},
  author={Demir, Emek and Cary, Michael P and Paley, Suzanne and Fukuda, Ken and Lemer, Christian and Vastrik, Imre and Wu, Guanming and D'eustachio, Peter and Schaefer, Carl and Luciano, Joanne and others},
  journal={Nature biotechnology},
  volume={28},
  number={9},
  pages={935--942},
  year={2010},
  publisher={Nature Publishing Group US New York}
}

@article{gene2019gene,
  title={The gene ontology resource: 20 years and still GOing strong},
  author={Gene Ontology Consortium},
  journal={Nucleic acids research},
  volume={47},
  number={D1},
  pages={D330--D338},
  year={2019},
  publisher={Oxford University Press}
}

@article{almagro2017deeploc,
  title={DeepLoc: prediction of protein subcellular localization using deep learning},
  author={Almagro Armenteros, Jos{\'e} Juan and S{\o}nderby, Casper Kaae and S{\o}nderby, S{\o}ren Kaae and Nielsen, Henrik and Winther, Ole},
  journal={Bioinformatics},
  volume={33},
  number={21},
  pages={3387--3395},
  year={2017},
  publisher={Oxford University Press}
}
@article{li2006cd,
  title={Cd-hit: a fast program for clustering and comparing large sets of protein or nucleotide sequences},
  author={Li, Weizhong and Godzik, Adam},
  journal={Bioinformatics},
  volume={22},
  number={13},
  pages={1658--1659},
  year={2006},
  publisher={Oxford University Press}
}

@article{vaswani2017attention,
  title={Attention is all you need},
  author={Vaswani, Ashish and Shazeer, Noam and Parmar, Niki and Uszkoreit, Jakob and Jones, Llion and Gomez, Aidan N and Kaiser, {\L}ukasz and Polosukhin, Illia},
  journal={Advances in neural information processing systems},
  volume={30},
  year={2017}
}

@article{DBLP:journals/corr/abs-2108-07435,
  author    = {Yijia Xiao and
               Jiezhong Qiu and
               Ziang Li and
               Chang{-}Yu Hsieh and
               Jie Tang},
  title     = {Modeling Protein Using Large-scale Pretrain Language Model},
  journal   = {CoRR},
  volume    = {abs/2108.07435},
  year      = {2021},
  url       = {https://arxiv.org/abs/2108.07435},
  eprinttype = {arXiv},
  eprint    = {2108.07435},
  timestamp = {Fri, 20 Aug 2021 13:55:54 +0200},
  biburl    = {https://dblp.org/rec/journals/corr/abs-2108-07435.bib},
  bibsource = {dblp computer science bibliography, https://dblp.org}
}


@article{rong2020self,
  title={Self-supervised graph transformer on large-scale molecular data},
  author={Rong, Yu and Bian, Yatao and Xu, Tingyang and Xie, Weiyang and Wei, Ying and Huang, Wenbing and Huang, Junzhou},
  journal={Advances in neural information processing systems},
  volume={33},
  pages={12559--12571},
  year={2020}
}


@article{wu2022knowledge,
  title={Knowledge-based BERT: a method to extract molecular features like computational chemists},
  author={Wu, Zhenxing and Jiang, Dejun and Wang, Jike and Zhang, Xujun and Du, Hongyan and Pan, Lurong and Hsieh, Chang-Yu and Cao, Dongsheng and Hou, Tingjun},
  journal={Briefings in Bioinformatics},
  volume={23},
  number={3},
  pages={bbac131},
  year={2022},
  publisher={Oxford University Press}
}

@inproceedings{li2022kpgt,
  title={KPGT: knowledge-guided pre-training of graph transformer for molecular property prediction},
  author={Li, Han and Zhao, Dan and Zeng, Jianyang},
  booktitle={Proceedings of the 28th ACM SIGKDD Conference on Knowledge Discovery and Data Mining},
  pages={857--867},
  year={2022}
}

@inproceedings{hadsell2006dimensionality,
  title={Dimensionality reduction by learning an invariant mapping},
  author={Hadsell, Raia and Chopra, Sumit and LeCun, Yann},
  booktitle={2006 IEEE computer society conference on computer vision and pattern recognition (CVPR'06)},
  volume={2},
  pages={1735--1742},
  year={2006},
  organization={IEEE}
}


@article{grill2020bootstrap,
  title={Bootstrap your own latent-a new approach to self-supervised learning},
  author={Grill, Jean-Bastien and Strub, Florian and Altch{\'e}, Florent and Tallec, Corentin and Richemond, Pierre and Buchatskaya, Elena and Doersch, Carl and Avila Pires, Bernardo and Guo, Zhaohan and Gheshlaghi Azar, Mohammad and others},
  journal={Advances in neural information processing systems},
  volume={33},
  pages={21271--21284},
  year={2020}
}

@article{klein2020contrastive,
  title={Contrastive self-supervised learning for commonsense reasoning},
  author={Klein, Tassilo and Nabi, Moin},
  journal={arXiv preprint arXiv:2005.00669},
  year={2020}
}

@article{giorgi2020declutr,
  title={Declutr: Deep contrastive learning for unsupervised textual representations},
  author={Giorgi, John and Nitski, Osvald and Wang, Bo and Bader, Gary},
  journal={arXiv preprint arXiv:2006.03659},
  year={2020}
}


@article{venugopalan2021multimodal,
title={Multimodal deep learning models for early stage Alzheimer's disease detection},
author={Venugopalan, Jayachandra and Tong, Li and Hassanzadeh, Hamed R and Wang, MD},
journal={Sci Rep},
volume={11},
number={1},
pages={3254},
year={2021}
}
@article{chen2020pathomic,
title={Pathomic fusion: An integrated framework for fusing histopathology and genomic features for cancer diagnosis and prognosis},
author={Chen, Rui-Jing and Lu, Mike Y and Wang, Jiayun and Williamson, Douglas FK and Rodig, Scott J and Lindeman, Neal I and Uduman, Mohammed},
journal={arXiv preprint arXiv:1912.08937},
year={2020}
}
@article{chen2021pancancer,
title={Pan-cancer integrative histology-genomic analysis via interpretable multimodal deep learning},
author={Chen, Rui-Jing and Lu, Mike Y and Williamson, Douglas FK and Liu, Fang-Cheng and Monzon, Federico and Aguirre, Alexander and Parwani, Anil and Knudsen, Beatrice and Bastien, Roy and Rao, Arvind and Yang, Jean and others},
journal={arXiv preprint arXiv:2108.02278},
year={2021}
}
@inproceedings{thung2017multi,
title={Multi-stage diagnosis of Alzheimer's disease with incomplete multimodal data via multi-task deep learning},
author={Thung, Kim-Han and Yap, Pew-Thian and Shen, Dinggang},
booktitle={Deep Learn Med Image Anal Multimodal Learn Clin Decis Support},
volume={10553},
pages={160--168},
year={2017}
}
@article{cheerla2019deep,
title={Deep learning with multimodal representation for pancancer prognosis prediction},
author={Cheerla, Anil and Gevaert, Olivier},
journal={Bioinformatics},
volume={35},
number={14},
pages={i446--i454},
year={2019}
}
@article{xu2021mufasa,
title={MUFASA: Multimodal Fusion Architecture Search for Electronic Health Records},
author={Xu, Zhaozhi and So, Daniel R and Dai, Andrew M},
journal={arXiv preprint arXiv:2102.02340},
year={2021}
}
@article{galanti2016theoretical,
title={A theoretical framework for deep transfer learning},
author={Galanti, Tal and Wolf, Lior and Hazan, Tamir},
journal={Information Inference: A Journal of the IMA},
volume={5},
number={2},
pages={159--209},
year={2016}
}
@article{JU2024106207,
title = {A Comprehensive Survey on Deep Graph Representation Learning},
journal = {Neural Networks},
volume = {173},
pages = {106207},
year = {2024},
issn = {0893-6080},
doi = {https://doi.org/10.1016/j.neunet.2024.106207},
url = {https://www.sciencedirect.com/science/article/pii/S089360802400131X},
author = {Wei Ju and Zheng Fang and Yiyang Gu and Zequn Liu and Qingqing Long and Ziyue Qiao and Yifang Qin and Jianhao Shen and Fang Sun and Zhiping Xiao and Junwei Yang and Jingyang Yuan and Yusheng Zhao and Yifan Wang and Xiao Luo and Ming Zhang},
keywords = {Deep learning on graphs, Graph representation learning, Graph neural network, Survey},
}

@article{rao2019evaluating,
  title={Evaluating protein transfer learning with TAPE},
  author={Rao, Roshan and Bhattacharya, Nicholas and Thomas, Neil and Duan, Yan and Chen, Peter and Canny, John and Abbeel, Pieter and Song, Yun},
  journal={Advances in neural information processing systems},
  volume={32},
  year={2019}
}
@inproceedings{rao2021msa,
  title={MSA transformer},
  author={Rao, Roshan M and Liu, Jason and Verkuil, Robert and Meier, Joshua and Canny, John and Abbeel, Pieter and Sercu, Tom and Rives, Alexander},
  booktitle={International Conference on Machine Learning},
  pages={8844--8856},
  year={2021},
  organization={PMLR}
}

@article{tunyasuvunakool2021highly,
  title={Highly accurate protein structure prediction for the human proteome},
  author={Tunyasuvunakool, Kathryn and Adler, Jonas and Wu, Zachary and Green, Tim and Zielinski, Michal and {\v{Z}}{\'\i}dek, Augustin and Bridgland, Alex and Cowie, Andrew and Meyer, Clemens and Laydon, Agata and others},
  journal={Nature},
  volume={596},
  number={7873},
  pages={590--596},
  year={2021},
  publisher={Nature Publishing Group UK London}
}
@article{jimenez2017deepsite,
  title={DeepSite: protein-binding site predictor using 3D-convolutional neural networks},
  author={Jim{\'e}nez, Jos{\'e} and Doerr, Stefan and Mart{\'\i}nez-Rosell, Gerard and Rose, Alexander S and De Fabritiis, Gianni},
  journal={Bioinformatics},
  volume={33},
  number={19},
  pages={3036--3042},
  year={2017},
  publisher={Oxford University Press}
}

@article{fuchs2020se,
  title={Se (3)-transformers: 3d roto-translation equivariant attention networks},
  author={Fuchs, Fabian and Worrall, Daniel and Fischer, Volker and Welling, Max},
  journal={Advances in neural information processing systems},
  volume={33},
  pages={1970--1981},
  year={2020}
}
@article{kipf2016semi,
  title={Semi-supervised classification with graph convolutional networks},
  author={Kipf, Thomas N and Welling, Max},
  journal={arXiv preprint arXiv:1609.02907},
  year={2016}
}

@article{townshend2021geometric,
  title={Geometric deep learning of RNA structure},
  author={Townshend, Raphael JL and Eismann, Stephan and Watkins, Andrew M and Rangan, Ramya and Karelina, Masha and Das, Rhiju and Dror, Ron O},
  journal={Science},
  volume={373},
  number={6558},
  pages={1047--1051},
  year={2021},
  publisher={American Association for the Advancement of Science}
}
@inproceedings{aykent2022gbpnet,
  title={Gbpnet: Universal geometric representation learning on protein structures},
  author={Aykent, Sarp and Xia, Tian},
  booktitle={Proceedings of the 28th ACM SIGKDD Conference on Knowledge Discovery and Data Mining},
  pages={4--14},
  year={2022}
}

@article{li2022directed,
  title={Directed weight neural networks for protein structure representation learning},
  author={Li, Jiahan},
  journal={arXiv preprint arXiv:2201.13299},
  year={2022}
}

@article{whisstock2003prediction,
  title={Prediction of protein function from protein sequence and structure},
  author={Whisstock, James C and Lesk, Arthur M},
  journal={Quarterly reviews of biophysics},
  volume={36},
  number={3},
  pages={307--340},
  year={2003},
  publisher={Cambridge University Press}
}

@article{wang2022lm,
  title={Lm-gvp: an extensible sequence and structure informed deep learning framework for protein property prediction},
  author={Wang, Zichen and Combs, Steven A and Brand, Ryan and Calvo, Miguel Romero and Xu, Panpan and Price, George and Golovach, Nataliya and Salawu, Emmanuel O and Wise, Colby J and Ponnapalli, Sri Priya and others},
  journal={Scientific reports},
  volume={12},
  number={1},
  pages={6832},
  year={2022},
  publisher={Nature Publishing Group UK London}
}

@article{jumper2021highly,
  title={Highly accurate protein structure prediction with AlphaFold},
  author={Jumper, John and Evans, Richard and Pritzel, Alexander and Green, Tim and Figurnov, Michael and Ronneberger, Olaf and Tunyasuvunakool, Kathryn and Bates, Russ and {\v{Z}}{\'\i}dek, Augustin and Potapenko, Anna and others},
  journal={nature},
  volume={596},
  number={7873},
  pages={583--589},
  year={2021},
  publisher={Nature Publishing Group}
}

@article{zhang2022ontoprotein,
  title={Ontoprotein: Protein pretraining with gene ontology embedding},
  author={Zhang, Ningyu and Bi, Zhen and Liang, Xiaozhuan and Cheng, Siyuan and Hong, Haosen and Deng, Shumin and Lian, Jiazhang and Zhang, Qiang and Chen, Huajun},
  journal={arXiv preprint arXiv:2201.11147},
  year={2022}
}


@article{bengio2013representation,
  title={Representation learning: A review and new perspectives},
  author={Bengio, Yoshua and Courville, Aaron and Vincent, Pascal},
  journal={IEEE transactions on pattern analysis and machine intelligence},
  volume={35},
  number={8},
  pages={1798--1828},
  year={2013},
  publisher={IEEE}
}
@article{lecun2015deep,
  title={Deep learning},
  author={LeCun, Yann and Bengio, Yoshua and Hinton, Geoffrey},
  journal={nature},
  volume={521},
  number={7553},
  pages={436--444},
  year={2015},
  publisher={Nature Publishing Group UK London}
}
@book{goodfellow2016deep,
  title={Deep learning},
  author={Goodfellow, Ian and Bengio, Yoshua and Courville, Aaron},
  year={2016},
  publisher={MIT press}
}
@article{rives2021biological,
  title={Biological structure and function emerge from scaling unsupervised learning to 250 million protein sequences},
  author={Rives, Alexander and Meier, Joshua and Sercu, Tom and Goyal, Siddharth and Lin, Zeming and Liu, Jason and Guo, Demi and Ott, Myle and Zitnick, C Lawrence and Ma, Jerry and others},
  journal={Proceedings of the National Academy of Sciences},
  volume={118},
  number={15},
  pages={e2016239118},
  year={2021},
  publisher={National Acad Sciences}
}


@article{schwaller2019molecular,
  title={Molecular transformer: a model for uncertainty-calibrated chemical reaction prediction},
  author={Schwaller, Philippe and Laino, Teodoro and Gaudin, Th{\'e}ophile and Bolgar, Peter and Hunter, Christopher A and Bekas, Costas and Lee, Alpha A},
  journal={ACS central science},
  volume={5},
  number={9},
  pages={1572--1583},
  year={2019},
  publisher={ACS Publications}
}


@article{huang2020deeppurpose,
  title={DeepPurpose: a deep learning library for drug--target interaction prediction},
  author={Huang, Kexin and Fu, Tianfan and Glass, Lucas M and Zitnik, Marinka and Xiao, Cao and Sun, Jimeng},
  journal={Bioinformatics},
  volume={36},
  number={22-23},
  pages={5545--5547},
  year={2020},
  publisher={Oxford University Press}
}

@article{liu2007bindingdb,
  title={BindingDB: a web-accessible database of experimentally determined protein--ligand binding affinities},
  author={Liu, Tiqing and Lin, Yuhmei and Wen, Xin and Jorissen, Robert N and Gilson, Michael K},
  journal={Nucleic acids research},
  volume={35},
  number={suppl\_1},
  pages={D198--D201},
  year={2007},
  publisher={Oxford University Press}
}

@article{pan2010large,
  title={Large-Scale prediction of human protein- protein interactions from amino acid sequence based on latent topic features},
  author={Pan, Xiao-Yong and Zhang, Ya-Nan and Shen, Hong-Bin},
  journal={Journal of proteome research},
  volume={9},
  number={10},
  pages={4992--5001},
  year={2010},
  publisher={ACS Publications}
}

@article{gray2018quantitative,
  title={Quantitative missense variant effect prediction using large-scale mutagenesis data},
  author={Gray, Vanessa E and Hause, Ronald J and Luebeck, Jens and Shendure, Jay and Fowler, Douglas M},
  journal={Cell systems},
  volume={6},
  number={1},
  pages={116--124},
  year={2018},
  publisher={Elsevier}
}
@article{sarkisyan2016local,
  title={Local fitness landscape of the green fluorescent protein},
  author={Sarkisyan, Karen S and Bolotin, Dmitry A and Meer, Margarita V and Usmanova, Dinara R and Mishin, Alexander S and Sharonov, George V and Ivankov, Dmitry N and Bozhanova, Nina G and Baranov, Mikhail S and Soylemez, Onuralp and others},
  journal={Nature},
  volume={533},
  number={7603},
  pages={397--401},
  year={2016},
  publisher={Nature Publishing Group UK London}
}

@article{rocklin2017global,
  title={Global analysis of protein folding using massively parallel design, synthesis, and testing},
  author={Rocklin, Gabriel J and Chidyausiku, Tamuka M and Goreshnik, Inna and Ford, Alex and Houliston, Scott and Lemak, Alexander and Carter, Lauren and Ravichandran, Rashmi and Mulligan, Vikram K and Chevalier, Aaron and others},
  journal={Science},
  volume={357},
  number={6347},
  pages={168--175},
  year={2017},
  publisher={American Association for the Advancement of Science}
}

@article{martins2012bayesian,
  title={A Bayesian approach to in silico blood-brain barrier penetration modeling},
  author={Martins, Ines Filipa and Teixeira, Ana L and Pinheiro, Luis and Falcao, Andre O},
  journal={Journal of chemical information and modeling},
  volume={52},
  number={6},
  pages={1686--1697},
  year={2012},
  publisher={ACS Publications}
}


@article{altae2017low,
  title={Low data drug discovery with one-shot learning},
  author={Altae-Tran, Han and Ramsundar, Bharath and Pappu, Aneesh S and Pande, Vijay},
  journal={ACS central science},
  volume={3},
  number={4},
  pages={283--293},
  year={2017},
  publisher={ACS Publications}
}

@article{steinegger2019protein,
  title={Protein-level assembly increases protein sequence recovery from metagenomic samples manyfold},
  author={Steinegger, Martin and Mirdita, Milot and S{\"o}ding, Johannes},
  journal={Nature methods},
  volume={16},
  number={7},
  pages={603--606},
  year={2019},
  publisher={Nature Publishing Group US New York}
}


@inproceedings{dong2018triplet,
  title={Triplet loss in siamese network for object tracking},
  author={Dong, Xingping and Shen, Jianbing},
  booktitle={Proceedings of the European conference on computer vision (ECCV)},
  pages={459--474},
  year={2018}
}














@article{Bengio2013RepresentationLearning,
  title={Representation learning: A review and new perspectives},
  author={Bengio, Yoshua and Courville, Aaron and Vincent, Pascal},
  journal={IEEE transactions on pattern analysis and machine intelligence},
  volume={35},
  number={8},
  pages={1798--1828},
  year={2013},
  publisher={IEEE}
}

@article{DevlinBERT,
  title={BERT: Pre-training of Deep Bidirectional Transformers for Language Understanding},
  author={Devlin, Jacob and Chang, Ming-Wei and Lee, Kenton and Toutanova, Kristina},
  journal={arXiv preprint arXiv:1810.04805},
  year={2018}
}

@article{BrownLanguageModels,
  title={Language Models are Few-Shot Learners},
  author={Brown, Tom B and Mann, Benjamin and Ryder, Nick and Subbiah, Melanie and Kaplan, Jared and Dhariwal, Prafulla and Neelakantan, Arvind and Shyam, Pranav and Sastry, Girish and Askell, Amanda and others},
  journal={arXiv preprint arXiv:2005.14165},
  year={2020}
}

@inproceedings{KrizhevskySupervisedLearning,
  title={Imagenet classification with deep convolutional neural networks},
  author={Krizhevsky, Alex and Sutskever, Ilya and Hinton, Geoffrey E},
  booktitle={Advances in neural information processing systems},
  pages={1097--1105},
  year={2012}
}

@article{HintonDeepNeuralNetworks,
  title={Deep neural networks for acoustic modeling in speech recognition},
  author={Hinton, Geoffrey and Deng, Li and Yu, Dong and Dahl, George and Mohamed, Abdel-rahman and Jaitly, Navdeep and Senior, Andrew and Vanhoucke, Vincent and Nguyen, Patrick and Kingsbury, Brian and others},
  journal={IEEE Signal processing magazine},
  volume={29},
  number={6},
  pages={82--97},
  year={2012},
  publisher={IEEE}
}

@article{ChenDeepLearningRecommender,
  title={Deep learning based recommender system: A survey and new perspectives},
  author={Chen, Shuai and Zhang, Kun and Liu, Qiang and Xu, Zhaopeng},
  journal={ACM Computing Surveys (CSUR)},
  volume={52},
  number={1},
  pages={1--38},
  year={2019},
  publisher={ACM New York, NY, USA}
}

@article{BeplerLearningProtein,
  title={Learning protein sequence embeddings using information from structure},
  author={Bepler, Tristan and Berger, Bonnie},
  journal={arXiv preprint arXiv:1902.08661},
  year={2019}
}

@article{ElnaggarProtTrans,
  title={ProtTrans: towards cracking the language of Life's code through self-supervised deep learning and high performance computing},
  author={Elnaggar, Ahmed and Heinzinger, Michael and Dallago, Christian and Rihawi, Ghalia and Wang, Yu and Jones, Llion and Gibbs, Tom and Feher, Tamas and Angerer, Christoph and Steinegger, Martin and others},
  journal={IEEE Transactions on Pattern Analysis and Machine Intelligence},
  year={2021},
  publisher={IEEE}
}

@article{RaoMSATransformer,
  title={MSA Transformer},
  author={Rao, Roshan and Liu, Jason and Verkuil, Robert and Meier, Joshua and Canny, John F and Abbeel, Pieter and Sercu, Tom and Rives, Alexander},
  journal={bioRxiv},
  year={2021},
  publisher={Cold Spring Harbor Laboratory}
}

@article{RivesBiological,
  title={Biological structure and function emerge from scaling unsupervised learning to 250 million protein sequences},
  author={Rives, Alexander and Meier, Joshua and Sercu, Tom and Goyal, Siddharth and Lin, Zeming and Liu, Jason and Guo, Demi and Ott, Myle and Zitnick, C Lawrence and Ma, Jerry and others},
  journal={Proceedings of the National Academy of Sciences},
  volume={118},
  number={15},
  year={2021},
  publisher={National Acad Sciences}
}

@article{LinEvolutionary,
  title={Evolutionary-scale prediction of atomic level protein structure with a language model},
  author={Lin, Zeming and Akin, Halil and Rao, Roshan and Hie, Brian and Zhu, Zhongkai and Lu, Wenting and Smetanin, Nikita and Verkuil, Robert and Kabeli, Ori and Shmueli, Yaniv and others},
  journal={bioRxiv},
  year={2022},
  publisher={Cold Spring Harbor Laboratory}
}

@article{JumperHighlyAccurate,
  title={Highly accurate protein structure prediction with AlphaFold},
  author={Jumper, John and Evans, Richard and Pritzel, Alexander and Green, Tim and Figurnov, Michael and Ronneberger, Olaf and Tunyasuvunakool, Kathryn and Bates, Russ and {\v{Z}}{\'\i}dek, Augustin and Potapenko, Anna and others},
  journal={Nature},
  volume={596},
  number={7873},
  pages={583--589},
  year={2021},
  publisher={Nature Publishing Group}
}

@article{GligorijevicStructureBasedProtein,
  title={Structure-based protein function prediction using graph convolutional networks},
  author={Gligorijevic, Vladimir and Renfrew, P Douglas and Kosciolek, Tomasz and Leman, Julia Koehler and Berenberg, Daniel and Vatanen, Tommi and Chandler, Chris and Taylor, Bryn C and Fisk, Ian M and Vlamakis, Hera and others},
  journal={Nature communications},
  volume={12},
  number={1},
  pages={1--14},
  year={2021},
  publisher={Nature Publishing Group}
}

@article{ChithranandaChemBERTa,
  title={ChemBERTa: Large-scale self-supervised pretraining for molecular property prediction},
  author={Chithrananda, Seyone and Grand, Gabriel and Ramsundar, Bharath},
  journal={arXiv preprint arXiv:2010.09885},
  year={2020}
}

@article{WangSMILES,
  title={SMILES-BERT: Large scale unsupervised pre-training for molecular property prediction},
  author={Wang, Shengchao and Guo, Youjun and Wang, Yunyang and Sun, Huanxiang and Huang, Junzhou},
  journal={Proceedings of the 10th ACM international conference on bioinformatics, computational biology and health informatics},
  pages={429--436},
  year={2019}
}

@article{SchwallerMolecular,
  title={Molecular transformer: A model for uncertainty-calibrated chemical reaction prediction},
  author={Schwaller, Philippe and Laino, Teodoro and Gaudin, Theophile and Bolgar, Peter and Hunter, Christopher A and Bekas, Costas and Lee, Alpha A},
  journal={ACS central science},
  volume={5},
  number={9},
  pages={1572--1583},
  year={2019},
  publisher={ACS Publications}
}

@inproceedings{DuvenaudConvolutional,
  title={Convolutional networks on graphs for learning molecular fingerprints},
  author={Duvenaud, David K and Maclaurin, Dougal and Iparraguirre, Jorge and Bombarell, Rafael and Hirzel, Timothy and Aspuru-Guzik, Al{\'a}n and Adams, Ryan P},
  booktitle={Advances in neural information processing systems},
  pages={2224--2232},
  year={2015}
}

@inproceedings{GilmerNeuralMessage,
  title={Neural message passing for quantum chemistry},
  author={Gilmer, Justin and Schoenholz, Samuel S and Riley, Patrick F and Vinyals, Oriol and Dahl, George E},
  booktitle={International conference on machine learning},
  pages={1263--1272},
  year={2017},
  organization={PMLR}
}

@article{HuStrategies,
  title={Strategies for pre-training graph neural networks},
  author={Hu, Weihua and Liu, Bowen and Gomes, Joseph and Zitnik, Marinka and Liang, Percy and Pande, Vijay and Leskovec, Jure},
  journal={arXiv preprint arXiv:1905.12265},
  year={2019}
}

@article{GaoMultimodalGraph,
  title={A multimodal graph learning approach to drug-target interaction prediction},
  author={Gao, Kyle Y and Fokoue, Achille and Luo, Heng and Iyengar, Arun and Dey, Sanjoy and Zhang, Ping},
  journal={BMC bioinformatics},
  volume={22},
  number={1},
  pages={1--17},
  year={2021},
  publisher={BioMed Central}
}

@article{HuangDeepPurpose,
  title={DeepPurpose: a deep learning library for drug--target interaction prediction},
  author={Huang, Kexin and Fu, Tianfan and Glass, Lucas M and Zitnik, Marinka and Xiao, Cao and Sun, Jimeng},
  journal={Bioinformatics},
  volume={36},
  number={22-23},
  pages={5545--5547},
  year={2020},
  publisher={Oxford University Press}
}

@article{TownshendAtomLogical,
  title={AtomNet: A deep convolutional neural network for bioactivity prediction in structure-based drug discovery},
  author={Townshend, Raphael JL and Bedi, Rishi and Suriana, Patricia A and Dror, Ron O},
  journal={arXiv preprint arXiv:1510.02855},
  year={2015}
}

@inproceedings{chen2020big,
  title={Big Self-Supervised Models are Strong Semi-Supervised Learners},
  author={Chen, Ting and Kornblith, Simon and Swersky, Kevin and Norouzi, Mohammad and Hinton, Geoffrey},
  booktitle={Advances in Neural Information Processing Systems},
  year={2020}
}

@inproceedings{grill2020bootstrap,
  title={Bootstrap Your Own Latent: A New Approach to Self-Supervised Learning},
  author={Grill, Jean-Bastien and others},
  booktitle={Advances in Neural Information Processing Systems},
  year={2020}
}

@inproceedings{caron2020unsupervised,
  title={Unsupervised Learning of Visual Features by Contrasting Cluster Assignments},
  author={Caron, Mathilde and Misra, Ishan and Mairal, Julien and Goyal, Priya and Bojanowski, Piotr and Joulin, Armand},
  booktitle={Advances in Neural Information Processing Systems},
  year={2020}
}

@inproceedings{xu2019self,
  title={Self-Supervised Spatiotemporal Learning via Video Clip Order Prediction},
  author={Xu, Dejing and Xiao, Jun and Zhao, Zhou and Shao, Jian and Xie, Di and Zhuang, Yueting},
  booktitle={Proceedings of the IEEE/CVF Conference on Computer Vision and Pattern Recognition},
  pages={10326--10335},
  year={2019}
}

@inproceedings{alwassel2020self,
  title={Self-Supervised Learning by Cross-Modal Audio-Video Clustering},
  author={Alwassel, Humam and others},
  booktitle={Advances in Neural Information Processing Systems},
  year={2020}
}

@inproceedings{baevski2020wav2vec,
  title={wav2vec 2.0: A Framework for Self-Supervised Learning of Speech Representations},
  author={Baevski, Alexei and Zhou, Henry and Mohamed, Abdelrahman and Auli, Michael},
  booktitle={Advances in Neural Information Processing Systems},
  year={2020}
}

@article{oord2018representation,
  title={Representation Learning with Contrastive Predictive Coding},
  author={van den Oord, Aaron and Li, Yazhe and Vinyals, Oriol},
  journal={arXiv preprint arXiv:1807.03748},
  year={2018}
}



@techreport{radford2019language,
  title={Language Models are Unsupervised Multitask Learners},
  author={Radford, Alec and others},
  institution={OpenAI},
  year={2019},
  url={https://cdn.openai.com/better-language-models/language_models_are_unsupervised_multitask_learners.pdf}
}

@inproceedings{grover2016node2vec,
  title={node2vec: Scalable Feature Learning for Networks},
  author={Grover, Aditya and Leskovec, Jure},
  booktitle={Proceedings of the 22nd ACM SIGKDD International Conference on Knowledge Discovery and Data Mining},
  pages={855--864},
  year={2016}
}

@inproceedings{velivckovic2019deep,
  title={Deep Graph Infomax},
  author={Veli{\v{c}}kovi{\'c}, Petar and others},
  booktitle={International Conference on Learning Representations},
  year={2019}
}

@inproceedings{sicherman2023analysing,
  title={Analysing discrete self supervised speech representation for spoken language modeling},
  author={Sicherman, Amitay and Adi, Yossi},
  booktitle={ICASSP 2023-2023 IEEE International Conference on Acoustics, Speech and Signal Processing (ICASSP)},
  pages={1--5},
  year={2023},
  organization={IEEE}
}

@inproceedings{beladev2023graphert,
  title={GraphERT--Transformers-based Temporal Dynamic Graph Embedding},
  author={Beladev, Moran and Katz, Gilad and Rokach, Lior and Singer, Uriel and Radinsky, Kira},
  booktitle={Proceedings of the 32nd ACM International Conference on Information and Knowledge Management},
  pages={68--77},
  year={2023}
}

@article{liu2019roberta,
  title={Roberta: A robustly optimized bert pretraining approach},
  author={Liu, Yinhan and Ott, Myle and Goyal, Naman and Du, Jingfei and Joshi, Mandar and Chen, Danqi and Levy, Omer and Lewis, Mike and Zettlemoyer, Luke and Stoyanov, Veselin},
  journal={arXiv preprint arXiv:1907.11692},
  year={2019}
}

@article{kim2019pubchem,
  title={PubChem 2019 update: improved access to chemical data},
  author={Kim, Sunghwan and Chen, Jie and Cheng, Tiejun and Gindulyte, Asta and He, Jia and He, Siqian and Li, Qingliang and Shoemaker, Benjamin A and Thiessen, Paul A and Yu, Bo and others},
  journal={Nucleic acids research},
  volume={47},
  number={D1},
  pages={D1102--D1109},
  year={2019},
  publisher={Oxford University Press}
}

@article{xu2022peer,
  title={Peer: a comprehensive and multi-task benchmark for protein sequence understanding},
  author={Xu, Minghao and Zhang, Zuobai and Lu, Jiarui and Zhu, Zhaocheng and Zhang, Yangtian and Chang, Ma and Liu, Runcheng and Tang, Jian},
  journal={Advances in Neural Information Processing Systems},
  volume={35},
  pages={35156--35173},
  year={2022}
}
@article{pandit2020blood,
  title={The blood-brain barrier: Physiology and strategies for drug delivery},
  author={Pandit, Rucha and Chen, Liyu and G{\"o}tz, J{\"u}rgen},
  journal={Advanced drug delivery reviews},
  volume={165},
  pages={1--14},
  year={2020},
  publisher={Elsevier}
}






@article{elnaggar2021prottrans,
  title={ProtTrans: Towards cracking the language of life's code through self-supervised deep learning and high performance computing},
  author={Elnaggar, Ahmed and Heinzinger, Michael and Dallago, Christian and Rehawi, Ghalia and others},
  journal={IEEE Transactions on Pattern Analysis and Machine Intelligence},
  year={2021},
  pages={1--1}
}

@article{brandes2021proteinbert,
  title={ProteinBERT: A universal deep-learning model of protein sequence and function},
  author={Brandes, Nadav and Ofer, Dan and Peleg, Yam and Rappoport, Nadav and Linial, Michal},
  journal={Bioinformatics},
  volume={38},
  pages={2102--2110},
  year={2021}
}

@article{zhang2023protein,
  title={Protein Representation Learning by Geometric Structure Pretraining},
  author={Zhang, Zuobai and Xu, Minghao and Jamasb, Arian Rokkum and others},
  journal={ICLR},
  year={2023}
}

@article{varadi2022alphafold,
  title={AlphaFold Protein Structure Database: massively expanding the structural coverage of protein-sequence space with high-accuracy models},
  author={Varadi, Mihaly and Anyango, Stephen and Deshpande, Mandar and others},
  journal={Nucleic Acids Research},
  volume={50},
  pages={D439--D444},
  year={2022}
}

@article{fan2023continuous,
  title={Continuous-Discrete Convolution for Geometry-Sequence Modeling in Proteins},
  author={Fan, Hehe and Wang, Zhangyang and Yang, Yi and Kankanhalli, Mohan},
  journal={ICLR},
  year={2023}
}

@article{gligorijevic2021structure,
  title={Structure-based protein function prediction using graph convolutional networks},
  author={Gligorijevic, Vladimir and Renfrew, P Douglas and Kosciolek, Tomasz and others},
  journal={Nature Communications},
  volume={12},
  number={1},
  pages={1--14},
  year={2021}
}


@article{ross2022large,
    title={Large-scale chemical language representations capture molecular structure and properties},
    author={Ross, Jerret and Belgodere, Brian and Chenthamarakshan, Vijil and Padhi, Inkit and Mroueh, Youssef and Das, Payel},
    journal={Nature Machine Intelligence},
    volume={4},
    number={12},
    pages={1256--1264},
    year={2022},
    publisher={Nature Publishing Group UK London}
}

@article{wang2022molecular,
    title={Molecular contrastive learning of representations via graph neural networks},
    author={Wang, Yuyang and Wang, Jianren and Cao, Zhonglin and Barati Farimani, Amir},
    journal={Nature Machine Intelligence},
    volume={4},
    number={3},
    pages={279--287},
    year={2022},
    publisher={Nature Publishing Group UK London}
}

@article{xu2022peer,
  title={Peer: a comprehensive and multi-task benchmark for protein sequence understanding},
  author={Xu, Minghao and Zhang, Zuobai and Lu, Jiarui and Zhu, Zhaocheng and Zhang, Yangtian and Chang, Ma and Liu, Runcheng and Tang, Jian},
  journal={Advances in Neural Information Processing Systems},
  volume={35},
  pages={35156--35173},
  year={2022}
}
@article{rao2019evaluating,
  title={Evaluating protein transfer learning with TAPE},
  author={Rao, Roshan and Bhattacharya, Nicholas and Thomas, Neil and Duan, Yan and Chen, Peter and Canny, John and Abbeel, Pieter and Song, Yun},
  journal={Advances in neural information processing systems},
  volume={32},
  year={2019}
}

@article{liu2017forging,
  title={Forging the basis for developing protein--ligand interaction scoring functions},
  author={Liu, Zhihai and Su, Minyi and Han, Li and Liu, Jie and Yang, Qifan and Li, Yan and Wang, Renxiao},
  journal={Accounts of chemical research},
  volume={50},
  number={2},
  pages={302--309},
  year={2017},
  publisher={ACS Publications}
}

@article{liu2007bindingdb,
  title={BindingDB: a web-accessible database of experimentally determined protein--ligand binding affinities},
  author={Liu, Tiqing and Lin, Yuhmei and Wen, Xin and Jorissen, Robert N and Gilson, Michael K},
  journal={Nucleic acids research},
  volume={35},
  number={suppl\_1},
  pages={D198--D201},
  year={2007},
  publisher={Oxford University Press}
}
@article{pan2010large,
  title={Large-Scale prediction of human protein- protein interactions from amino acid sequence based on latent topic features},
  author={Pan, Xiao-Yong and Zhang, Ya-Nan and Shen, Hong-Bin},
  journal={Journal of proteome research},
  volume={9},
  number={10},
  pages={4992--5001},
  year={2010},
  publisher={ACS Publications}
}

@article{guo2008using,
  title={Using support vector machine combined with auto covariance to predict protein--protein interactions from protein sequences},
  author={Guo, Yanzhi and Yu, Lezheng and Wen, Zhining and Li, Menglong},
  journal={Nucleic acids research},
  volume={36},
  number={9},
  pages={3025--3030},
  year={2008},
  publisher={Oxford University Press}
}

@article{gene2019gene,
  title={The gene ontology resource: 20 years and still GOing strong},
  author={Gene Ontology Consortium},
  journal={Nucleic acids research},
  volume={47},
  number={D1},
  pages={D330--D338},
  year={2019},
  publisher={Oxford University Press}
}

@article{moal2012skempi,
  title={SKEMPI: a structural kinetic and energetic database of mutant protein interactions and its use in empirical models},
  author={Moal, Iain H and Fern{\'a}ndez-Recio, Juan},
  journal={Bioinformatics},
  volume={28},
  number={20},
  pages={2600--2607},
  year={2012},
  publisher={Oxford University Press}
}
@article{mobley2014freesolv,
  title={FreeSolv: a database of experimental and calculated hydration free energies, with input files},
  author={Mobley, David L and Guthrie, J Peter},
  journal={Journal of computer-aided molecular design},
  volume={28},
  pages={711--720},
  year={2014},
  publisher={Springer}
}

@article{wang2015silico,
  title={In silico evaluation of logD7. 4 and comparison with other prediction methods},
  author={Wang, Jian-Bing and Cao, Dong-Sheng and Zhu, Min-Feng and Yun, Yong-Huan and Xiao, Nan and Liang, Yi-Zeng},
  journal={Journal of Chemometrics},
  volume={29},
  number={7},
  pages={389--398},
  year={2015},
  publisher={Wiley Online Library}
}
@article{lopez2016harvard,
  title={The Harvard organic photovoltaic dataset},
  author={Lopez, Steven A and Pyzer-Knapp, Edward O and Simm, Gregor N and Lutzow, Trevor and Li, Kewei and Seress, Laszlo R and Hachmann, Johannes and Aspuru-Guzik, Al{\'a}n},
  journal={Scientific data},
  volume={3},
  number={1},
  pages={1--7},
  year={2016},
  publisher={Nature Publishing Group}
}


@article{sela2023brain,
  title={Brain-targeted liposomes loaded with monoclonal antibodies reduce alpha-synuclein aggregation and improve behavioral symptoms in Parkinson's disease},
  author={Sela, Mor and Poley, Maria and Mora-Raimundo, Patricia and Kagan, Shaked and Avital, Aviram and Kaduri, Maya and Chen, Gal and Adir, Omer and Rozencweig, Adi and Weiss, Yfat and others},
  journal={Advanced Materials},
  volume={35},
  number={51},
  pages={2304654},
  year={2023},
  publisher={Wiley Online Library}
}
@article{anonymous,
  title={anonymous},
  author={anonymous},
  journal={anonymous},
  year={2023},
}
@article{vaswani2017attention,
  title={Attention is all you need},
  author={Vaswani, A},
  journal={Advances in Neural Information Processing Systems},
  year={2017}
}
@article{devlin2018bert,
  title={Bert: Pre-training of deep bidirectional transformers for language understanding},
  author={Devlin, Jacob},
  journal={arXiv preprint arXiv:1810.04805},
  year={2018}
}

@article{hermosilla2020intrinsic,
  title={Intrinsic-extrinsic convolution and pooling for learning on 3d protein structures},
  author={Hermosilla, Pedro and Sch{\"a}fer, Marco and Lang, Mat{\v{e}}j and Fackelmann, Gloria and V{\'a}zquez, Pere Pau and Kozl{\'\i}kov{\'a}, Barbora and Krone, Michael and Ritschel, Tobias and Ropinski, Timo},
  journal={arXiv preprint arXiv:2007.06252},
  year={2020}
}

@article{jing2020learning,
  title={Learning from protein structure with geometric vector perceptrons},
  author={Jing, Bowen and Eismann, Stephan and Suriana, Patricia and Townshend, Raphael JL and Dror, Ron},
  journal={arXiv preprint arXiv:2009.01411},
  year={2020}
}

@inproceedings{stark2022equibind,
  title={Equibind: Geometric deep learning for drug binding structure prediction},
  author={St{\"a}rk, Hannes and Ganea, Octavian and Pattanaik, Lagnajit and Barzilay, Regina and Jaakkola, Tommi},
  booktitle={International conference on machine learning},
  pages={20503--20521},
  year={2022},
  organization={PMLR}
}
@article{lu2022tankbind,
  title={Tankbind: Trigonometry-aware neural networks for drug-protein binding structure prediction},
  author={Lu, Wei and Wu, Qifeng and Zhang, Jixian and Rao, Jiahua and Li, Chengtao and Zheng, Shuangjia},
  journal={Advances in neural information processing systems},
  volume={35},
  pages={7236--7249},
  year={2022}
}

@article{wang2020lennard,
  title={The Lennard-Jones potential: when (not) to use it},
  author={Wang, Xipeng and Ram{\'\i}rez-Hinestrosa, Sim{\'o}n and Dobnikar, Jure and Frenkel, Daan},
  journal={Physical Chemistry Chemical Physics},
  volume={22},
  number={19},
  pages={10624--10633},
  year={2020},
  publisher={Royal Society of Chemistry}
}
@article{tee1966molecular,
  title={Molecular parameters for normal fluids. Lennard-Jones 12-6 Potential},
  author={Tee, Liong Seng and Gotoh, Sukehiro and Stewart, Warren E},
  journal={Industrial \& Engineering Chemistry Fundamentals},
  volume={5},
  number={3},
  pages={356--363},
  year={1966},
  publisher={ACS Publications}
}

@article{bansal2022rhea,
  title={Rhea, the reaction knowledgebase in 2022},
  author={Bansal, Parit and Morgat, Anne and Axelsen, Kristian B and Muthukrishnan, Venkatesh and Coudert, Elisabeth and Aimo, Lucila and Hyka-Nouspikel, Nevila and Gasteiger, Elisabeth and Kerhornou, Arnaud and Neto, Teresa Batista and others},
  journal={Nucleic acids research},
  volume={50},
  number={D1},
  pages={D693--D700},
  year={2022},
  publisher={Oxford University Press}
}

@article{placzek2016brenda,
  title={BRENDA in 2017: new perspectives and new tools in BRENDA},
  author={Placzek, Sandra and Schomburg, Ida and Chang, Antje and Jeske, Lisa and Ulbrich, Marcus and Tillack, Jana and Schomburg, Dietmar},
  journal={Nucleic acids research},
  pages={gkw952},
  year={2016},
  publisher={Oxford University Press}
}

@article{wishart2020pathbank,
  title={PathBank: a comprehensive pathway database for model organisms},
  author={Wishart, David S and Li, Carin and Marcu, Ana and Badran, Hasan and Pon, Allison and Budinski, Zachary and Patron, Jonas and Lipton, Debra and Cao, Xuan and Oler, Eponine and others},
  journal={Nucleic acids research},
  volume={48},
  number={D1},
  pages={D470--D478},
  year={2020},
  publisher={Oxford University Press}
}

@article{ganter2013metanetx,
  title={MetaNetX. org: a website and repository for accessing, analysing and manipulating metabolic networks},
  author={Ganter, Mathias and Bernard, Thomas and Moretti, S{\'e}bastien and Stelling, Joerg and Pagni, Marco},
  journal={Bioinformatics},
  volume={29},
  number={6},
  pages={815--816},
  year={2013},
  publisher={Oxford University Press}
}

@article{marco2015uspto,
  title={The USPTO patent assignment dataset: Descriptions and analysis},
  author={Marco, Alan C and Myers, Amanda and Graham, Stuart JH and D'Agostino, Paul and Apple, Kirsten},
  year={2015},
  publisher={USPTO Economic working paper 2015-2}
}

@article{weininger1988smiles,
  title={SMILES, a chemical language and information system. 1. Introduction to methodology and encoding rules},
  author={Weininger, David},
  journal={Journal of chemical information and computer sciences},
  volume={28},
  number={1},
  pages={31--36},
  year={1988},
  publisher={ACS Publications}
}
@article{raffel2020exploring,
  title={Exploring the limits of transfer learning with a unified text-to-text transformer},
  author={Raffel, Colin and Shazeer, Noam and Roberts, Adam and Lee, Katherine and Narang, Sharan and Matena, Michael and Zhou, Yanqi and Li, Wei and Liu, Peter J},
  journal={Journal of machine learning research},
  volume={21},
  number={140},
  pages={1--67},
  year={2020}
}

@article{bertz1981first,
  title={The first general index of molecular complexity},
  author={Bertz, Steven H},
  journal={Journal of the American Chemical Society},
  volume={103},
  number={12},
  pages={3599--3601},
  year={1981},
  publisher={ACS Publications}
}

@article{iuchi2021representation,
  title={Representation learning applications in biological sequence analysis},
  author={Iuchi, Hitoshi and Matsutani, Taro and Yamada, Keisuke and Iwano, Natsuki and Sumi, Shunsuke and Hosoda, Shion and Zhao, Shitao and Fukunaga, Tsukasa and Hamada, Michiaki},
  journal={Computational and Structural Biotechnology Journal},
  volume={19},
  pages={3198--3208},
  year={2021},
  publisher={Elsevier}
}

@article{wu2022survey,
  title={A survey on protein representation learning: Retrospect and prospect},
  author={Wu, Lirong and Huang, Yufei and Lin, Haitao and Li, Stan Z},
  journal={arXiv preprint arXiv:2301.00813},
  year={2022}
}

@article{elokely2013docking,
  title={Docking challenge: protein sampling and molecular docking performance},
  author={Elokely, Khaled M and Doerksen, Robert J},
  journal={Journal of chemical information and modeling},
  volume={53},
  number={8},
  pages={1934--1945},
  year={2013},
  publisher={ACS Publications}
}
@article{crampon2022machine,
  title={Machine-learning methods for ligand--protein molecular docking},
  author={Crampon, Kevin and Giorkallos, Alexis and Deldossi, Myrtille and Baud, St{\'e}phanie and Steffenel, Luiz Angelo},
  journal={Drug discovery today},
  volume={27},
  number={1},
  pages={151--164},
  year={2022},
  publisher={Elsevier}
}


@article{huberts2010moonlighting,
  title={Moonlighting proteins: an intriguing mode of multitasking},
  author={Huberts, Daphne HEW and van der Klei, Ida J},
  journal={Biochimica et Biophysica Acta (BBA)-Molecular Cell Research},
  volume={1803},
  number={4},
  pages={520--525},
  year={2010},
  publisher={Elsevier}
}
@article{goshisht2024machine,
  title={Machine learning and deep learning in synthetic biology: Key architectures, applications, and challenges},
  author={Goshisht, Manoj Kumar},
  journal={ACS omega},
  volume={9},
  number={9},
  pages={9921--9945},
  year={2024},
  publisher={ACS Publications}
}


@article{morgado2018synthetic,
  title={Synthetic biology for cell-free biosynthesis: fundamentals of designing novel in vitro multi-enzyme reaction networks},
  author={Morgado, Gaspar and Gerngross, Daniel and Roberts, Tania M and Panke, Sven},
  journal={Synthetic Biology--Metabolic Engineering},
  pages={117--146},
  year={2018},
  publisher={Springer}
}

@article{badenhorst2018getting,
  title={Getting momentum: from biocatalysis to advanced synthetic biology},
  author={Badenhorst, Christoffel PS and Bornscheuer, Uwe T},
  journal={Trends in biochemical sciences},
  volume={43},
  number={3},
  pages={180--198},
  year={2018},
  publisher={Elsevier}
}
@article{fessner2015systems,
  title={Systems Biocatalysis: Development and engineering of cell-free “artificial metabolisms” for preparative multi-enzymatic synthesis},
  author={Fessner, Wolf-Dieter},
  journal={New biotechnology},
  volume={32},
  number={6},
  pages={658--664},
  year={2015},
  publisher={Elsevier}
}

@article{sen2015green,
  title={Green polymer chemistry: Enzyme catalysis for polymer functionalization},
  author={Sen, Sanghamitra and Puskas, Judit E},
  journal={Molecules},
  volume={20},
  number={5},
  pages={9358--9379},
  year={2015},
  publisher={MDPI}
}

@book{mcqueen2017comprehensive,
  title={Comprehensive toxicology},
  author={McQueen, Charlene},
  year={2017},
  publisher={Elsevier}
}

@article{muhammed2024molecular,
  title={Molecular docking: principles, advances, and its applications in drug discovery},
  author={Muhammed, Muhammed T and Aki-Yalcin, Esin},
  journal={Letters in Drug Design \& Discovery},
  volume={21},
  number={3},
  pages={480--495},
  year={2024},
  publisher={Bentham Science Publishers direct}
}

@article{kreutter2021predicting,
  title={Predicting enzymatic reactions with a molecular transformer},
  author={Kreutter, David and Schwaller, Philippe and Reymond, Jean-Louis},
  journal={Chemical science},
  volume={12},
  number={25},
  pages={8648--8659},
  year={2021},
  publisher={Royal Society of Chemistry}
}

@article{gricourt2024artificial,
  title={Artificial Intelligence Methods and Models for Retro-Biosynthesis: A Scoping Review},
  author={Gricourt, Guillaume and Meyer, Philippe and Duigou, Thomas and Faulon, Jean-Loup},
  journal={ACS Synthetic Biology},
  volume={13},
  number={8},
  pages={2276--2294},
  year={2024},
  publisher={ACS Publications}
}

@article{bagal2021molgpt,
  title={MolGPT: molecular generation using a transformer-decoder model},
  author={Bagal, Viraj and Aggarwal, Rishal and Vinod, PK and Priyakumar, U Deva},
  journal={Journal of Chemical Information and Modeling},
  volume={62},
  number={9},
  pages={2064--2076},
  year={2021},
  publisher={ACS Publications}
}




@misc{sicherman2025reactembed,
      title={ReactEmbed: A Cross-Domain Framework for Protein-Molecule Representation Learning via Biochemical Reaction Networks}, 
      author={Amitay Sicherman and Kira Radinsky},
      year={2025},
      eprint={2501.18278},
      archivePrefix={arXiv},
      primaryClass={cs.LG},
      url={https://arxiv.org/abs/2501.18278}, 
}