@inproceedings{CE,
  title={Hypergraph spectral learning for multi-label classification},
  author={Sun, Liang and Ji, Shuiwang and Ye, Jieping},
  booktitle={KDD},
  year={2008}
}

@inproceedings{CESE,
  title={Higher order learning with graphs},
  author={Agarwal, Sameer and Branson, Kristin and Belongie, Serge},
  booktitle={ICML},
  year={2006}
}

@inproceedings{GAT,
  title={Graph Attention Networks},
  author={Veli{\v{c}}kovi{\'c}, Petar and Cucurull, Guillem and Casanova, Arantxa and Romero, Adriana and Li{\`o}, Pietro and Bengio, Yoshua},
  booktitle={ICLR},
  year={2018}
}

@inproceedings{GCN,
  title={Semi-supervised classification with graph convolutional networks},
  author={Kipf, Thomas N and Welling, Max},
  booktitle={ICLR},
  year={2017}
}

@inproceedings{GIN,
title={How Powerful are Graph Neural Networks?},
author={Keyulu Xu and Weihua Hu and Jure Leskovec and Stefanie Jegelka},
booktitle={ICLR},
year={2019}
}

@inproceedings{GraphSage,
  title={Inductive representation learning on large graphs},
  author={Hamilton, William L and Ying, Rex and Leskovec, Jure},
  booktitle={NeurIPS},
  year={2017}
}

@inproceedings{HGNN,
  title={Hypergraph neural networks},
  author={Feng, Yifan and You, Haoxuan and Zhang, Zizhao and Ji, Rongrong and Gao, Yue},
  booktitle={AAAI},
  year={2019}
}

@inproceedings{HyperGCN,
  title={Hypergcn: A new method for training graph convolutional networks on hypergraphs},
  author={Yadati, Naganand and Nimishakavi, Madhav and Yadav, Prateek and Nitin, Vikram and Louis, Anand and Talukdar, Partha},
  year={2019},
  booktitle={NeurIPS}
}

@inproceedings{LEGNN,
  title={Semi-supervised hypergraph node classification on hypergraph line expansion},
  author={Yang, Chaoqi and Wang, Ruijie and Yao, Shuochao and Abdelzaher, Tarek},
  booktitle={CIKM},
  year={2022}
}

@article{WLTest,
  title={The reduction of a graph to canonical form and the algebra which appears therein},
  author={Weisfeiler, Boris and Leman, Andrei},
  journal={Nauchno-Technicheskaya Informatsia},
  year={1968}
}

@article{wang2024can,
  title={Can LLMs Convert Graphs to Text-Attributed Graphs?},
  author={Wang, Zehong and Liu, Sidney and Zhang, Zheyuan and Ma, Tianyi and Zhang, Chuxu and Ye, Yanfang},
  journal={arXiv preprint arXiv:2412.10136},
  year={2024}
}

@inproceedings{wang2024gft,
  title={GFT: Graph Foundation Model with Transferable Tree Vocabulary},
  author={Wang, Zehong and Zhang, Zheyuan and Chawla, Nitesh V and Zhang, Chuxu and Ye, Yanfang},
  booktitle={NeurIPS},
  year={2024}
}

@article{wang2024learning,
  title={Learning Cross-Task Generalities Across Graphs via Task-trees},
  author={Wang, Zehong and Zhang, Zheyuan and Ma, Tianyi and Chawla, Nitesh V and Zhang, Chuxu and Ye, Yanfang},
  journal={arXiv preprint arXiv:2412.16441},
  year={2024}
}

@inproceedings{wang2024training,
  title={Training MLPs on Graphs without Supervision},
  author={Wang, Zehong and Zhang, Zheyuan and Zhang, Chuxu and Ye, Yanfang},
  booktitle={WSDM},
  year={2024}
}

@article{wang2025neuralgraphpatternmachine,
      title={Neural Graph Pattern Machine}, 
      author={Zehong Wang and Zheyuan Zhang and Tianyi Ma and Nitesh V Chawla and Chuxu Zhang and Yanfang Ye},
      year={2025},
        journal={arXiv preprint arXiv:2501.18739}
}

@inproceedings{yan2024hypergraph,
  title={Hypergraph Joint Representation Learning for Hypervertices and Hyperedges via Cross Expansion},
  author={Yan, Yuguang and Chen, Yuanlin and Wang, Shibo and Wu, Hanrui and Cai, Ruichu},
  booktitle={AAAI},
  year={2024}
}

@inproceedings{zhang2019heterogeneous,
  title={Heterogeneous graph neural network},
  author={Zhang, Chuxu and Song, Dongjin and Huang, Chao and Swami, Ananthram and Chawla, Nitesh V},
  booktitle={KDD},
  year={2019}
}

@article{zhang2024mopi,
  title={MOPI-HFRS: A Multi-objective Personalized Health-aware Food Recommendation System with LLM-enhanced Interpretation},
  author={Zhang, Zheyuan and Wang, Zehong and Ma, Tianyi and Taneja, Varun Sameer and Nelson, Sofia and Le, Nhi Ha Lan and Murugesan, Keerthiram and Ju, Mingxuan and Chawla, Nitesh V and Zhang, Chuxu and others},
  journal={arXiv preprint arXiv:2412.08847},
  year={2024}
}

@article{zhang2024ngqa,
  title={NGQA: A Nutritional Graph Question Answering Benchmark for Personalized Health-aware Nutritional Reasoning},
  author={Zhang, Zheyuan and Li, Yiyang and Le, Nhi Ha Lan and Wang, Zehong and Ma, Tianyi and Galassi, Vincent and Murugesan, Keerthiram and Moniz, Nuno and Geyer, Werner and Chawla, Nitesh V and others},
  journal={arXiv preprint arXiv:2412.15547},
  year={2024}
}

@inproceedings{zhou2006learning,
  title={Learning with hypergraphs: Clustering, classification, and embedding},
  author={Zhou, Dengyong and Huang, Jiayuan and Sch{\"o}lkopf, Bernhard},
  booktitle={NeurIPS},
  year={2006}
}

