@inproceedings{langley00,
 author    = {P. Langley},
 title     = {Crafting Papers on Machine Learning},
 year      = {2000},
 pages     = {1207--1216},
 editor    = {Pat Langley},
 booktitle     = {Proceedings of the 17th International Conference
              on Machine Learning (ICML 2000)},
 address   = {Stanford, CA},
 publisher = {Morgan Kaufmann}
}

@TechReport{mitchell80,
  author = 	 "T. M. Mitchell",
  title = 	 "The Need for Biases in Learning Generalizations",
  institution =  "Computer Science Department, Rutgers University",
  year = 	 "1980",
  address =	 "New Brunswick, MA",
}

@phdthesis{kearns89,
  author = {M. J. Kearns},
  title =  {Computational Complexity of Machine Learning},
  school = {Department of Computer Science, Harvard University},
  year =   {1989}
}

@Book{MachineLearningI,
  editor = 	 "R. S. Michalski and J. G. Carbonell and T.
		  M. Mitchell",
  title = 	 "Machine Learning: An Artificial Intelligence
		  Approach, Vol. I",
  publisher = 	 "Tioga",
  year = 	 "1983",
  address =	 "Palo Alto, CA"
}

@Book{DudaHart2nd,
  author =       "R. O. Duda and P. E. Hart and D. G. Stork",
  title =        "Pattern Classification",
  publisher =    "John Wiley and Sons",
  edition =      "2nd",
  year =         "2000"
}

@misc{anonymous,
  title= {Suppressed for Anonymity},
  author= {Author, N. N.},
  year= {2021}
}

@InCollection{Newell81,
  author =       "A. Newell and P. S. Rosenbloom",
  title =        "Mechanisms of Skill Acquisition and the Law of
                  Practice", 
  booktitle =    "Cognitive Skills and Their Acquisition",
  pages =        "1--51",
  publisher =    "Lawrence Erlbaum Associates, Inc.",
  year =         "1981",
  editor =       "J. R. Anderson",
  chapter =      "1",
  address =      "Hillsdale, NJ"
}


@Article{Samuel59,
  author = 	 "A. L. Samuel",
  title = 	 "Some Studies in Machine Learning Using the Game of
		  Checkers",
  journal =	 "IBM Journal of Research and Development",
  year =	 "1959",
  volume =	 "3",
  number =	 "3",
  pages =	 "211--229"
}
@inproceedings{DHNN,
  title={Dynamic Hypergraph Neural Networks.},
  author={Jiang, Jianwen and Wei, Yuxuan and Feng, Yifan and Cao, Jingxuan and Gao, Yue},
  booktitle={IJCAI},
  year={2019}
}
@inproceedings{xue2021multiplex,
  title={Multiplex bipartite network embedding using dual hypergraph convolutional networks},
  author={Xue, Hansheng and Yang, Luwei and Rajan, Vaibhav and Jiang, Wen and Wei, Yi and Lin, Yu},
  booktitle={WWW},
  year={2021}
}
@inproceedings{GTN,
  title={Graph transformer networks},
  author={Yun, Seongjun and Jeong, Minbyul and Kim, Raehyun and Kang, Jaewoo and Kim, Hyunwoo J},
  booktitle={NeurIPS},
  year={2019}
}
@inproceedings{HGAN,
  title={Heterogeneous graph attention network},
  author={Wang, Xiao and Ji, Houye and Shi, Chuan and Wang, Bai and Ye, Yanfang and Cui, Peng and Yu, Philip S},
  booktitle={WWW},
  year={2019}
}
@inproceedings{wu2019simplifying,
  title={Simplifying graph convolutional networks},
  author={Wu, Felix and Souza, Amauri and Zhang, Tianyi and Fifty, Christopher and Yu, Tao and Weinberger, Kilian},
  booktitle={ICML},
  year={2019}
}
@inproceedings{RGCN,
  title={Modeling relational data with graph convolutional networks},
  author={Schlichtkrull, Michael and Kipf, Thomas N and Bloem, Peter and Van Den Berg, Rianne and Titov, Ivan and Welling, Max},
  booktitle={ESWC},
  year={2018}
}
@inproceedings{li2013link,
  title={Link prediction in social networks based on hypergraph},
  author={Li, Dong and Xu, Zhiming and Li, Sheng and Sun, Xin},
  booktitle={WWW},
  year={2013}
}
@inproceedings{GraphSage,
  title={Inductive representation learning on large graphs},
  author={Hamilton, William L and Ying, Rex and Leskovec, Jure},
  booktitle={NeurIPS},
  year={2017}
}
@article{zhu2018social,
  title={Social influence maximization in hypergraph in social networks},
  author={Zhu, Jianming and Zhu, Junlei and Ghosh, Smita and Wu, Weili and Yuan, Jing},
  journal={IEEE Transactions on Network Science and Engineering},
  year={2018},
  publisher={IEEE}
}
@article{yang2020lbsn2vec,
  title={Lbsn2vec++: Heterogeneous hypergraph embedding for location-based social networks},
  author={Yang, Dingqi and Qu, Bingqing and Yang, Jie and Cudr{\'e}-Mauroux, Philippe},
  journal={IEEE Transactions on Knowledge and Data Engineering},
  year={2020},
  publisher={IEEE}
}
@inproceedings{ma2022learning,
  title={Learning causal effects on hypergraphs},
  author={Ma, Jing and Wan, Mengting and Yang, Longqi and Li, Jundong and Hecht, Brent and Teevan, Jaime},
  booktitle={KDD},
  year={2022}
}
@inproceedings{zhang2022sparse,
  title={Sparse Hypergraph Community Detection Thresholds in Stochastic Block Model},
  author={Zhang, Erchuan and Suter, David and Truong, Giang and Gilani, Syed Zulqarnain},
  booktitle={NeurIPS},
  year={2022}
}
@article{rodriguez2003laplacian,
  title={On the Laplacian spectrum and walk-regular hypergraphs},
  author={Rodriguez, Juan Alberto},
  journal={Linear and Multilinear Algebra},
  year={2003},
  publisher={Taylor \& Francis}
}
@inproceedings{spielman2008graph,
  title={Graph sparsification by effective resistances},
  author={Spielman, Daniel A and Srivastava, Nikhil},
  booktitle={STOC},
  year={2008}
}
@inproceedings{HRNN,
  title={Hypergraph convolutional recurrent neural network},
  author={Yi, Jaehyuk and Park, Jinkyoo},
  booktitle={KDD},
  year={2020}
}
@inproceedings{liao2021hypergraph,
  title={Hypergraph neural networks for hypergraph matching},
  author={Liao, Xiaowei and Xu, Yong and Ling, Haibin},
  booktitle={ICCV},
  year={2021}
}
@incollection{Bengio+chapter2007,
author = {Bengio, Yoshua and LeCun, Yann},
booktitle = {Large Scale Kernel Machines},
publisher = {MIT Press},
title = {Scaling Learning Algorithms Towards {AI}},
year = {2007}
}
@article{HyperSAGE,
  title={Hypersage: Generalizing inductive representation learning on hypergraphs},
  author={Arya, Devanshu and Gupta, Deepak K and Rudinac, Stevan and Worring, Marcel},
  journal={arXiv preprint arXiv:2010.04558},
  year={2020}
}
@article{Hinton06,
author = {Hinton, Geoffrey E. and Osindero, Simon and Teh, Yee Whye},
journal = {Neural Computation},
pages = {1527--1554},
title = {A Fast Learning Algorithm for Deep Belief Nets},
volume = {18},
year = {2006}
}

@book{goodfellow2016deep,
title={Deep learning},
author={Goodfellow, Ian and Bengio, Yoshua and Courville, Aaron and Bengio, Yoshua},
volume={1},
year={2016},
publisher={MIT Press}
}
@article{kalyanam2017review,
  title={A review of digital surveillance methods and approaches to combat prescription drug abuse},
  author={Kalyanam, Janani and Mackey, Tim K},
  journal={Current Addiction Reports},
    volume={4},
  pages={397--409},
  year={2017},
  publisher={Springer}
}
@article{li2019machine,
  title={A machine learning approach for the detection and characterization of illicit drug dealers on instagram: model evaluation study},
  author={Li, Jiawei and Xu, Qing and Shah, Neal and Mackey, Tim K},
  journal={Journal of medical Internet research},
    volume={21},
  number={6},
  pages={e13803},
  year={2019},
  publisher={JMIR Publications Toronto, Canada}
}
@article{sarker2019machine,
  title={Machine learning and natural language processing for geolocation-centric monitoring and characterization of opioid-related social media chatter},
  author={Sarker, Abeed and Gonzalez-Hernandez, Graciela and Ruan, Yucheng and Perrone, Jeanmarie},
  journal={JAMA Network},
  volume={2},
  number={11},
  pages={e1914672--e1914672},
  year={2019},
  publisher={American Medical Association}
}
@inproceedings{qian2021distilling,
  title={Distilling Meta Knowledge on Heterogeneous Graph for Illicit Drug Trafficker Detection on Social Media},
  author={Qian, Yiyue and Zhang, Yiming and Ye, Yanfang and Zhang, Chuxu},
  booktitle={NeurIPS},
  year={2021}
}
@article{mackey2017detection,
  title={Detection of illicit online sales of fentanyls via Twitter},
  author={Mackey, Tim K and Kalyanam, Janani},
  journal={F1000Research},
  year={2017},
  publisher={F1000 Research Limited}
}
@article{mackey2017twitter,
  title={Twitter-based detection of illegal online sale of prescription opioid},
  author={Mackey, Tim K and Kalyanam, Janani and Katsuki, Takeo and Lanckriet, Gert},
  journal={American journal of public health},
  year={2017},
  publisher={American Public Health Association}
}
@inproceedings{SEAL,
  title={SEAL: Learning heuristics for community detection with generative adversarial networks},
  author={Zhang, Yao and Xiong, Yun and Ye, Yun and Liu, Tengfei and Wang, Weiqiang and Zhu, Yangyong and Yu, Philip S},
  booktitle={KDD},
  year={2020}
}
@inproceedings{kim2022dmcs,
  title={DMCS: Density modularity based community search},
  author={Kim, Junghoon and Luo, Siqiang and Cong, Gao and Yu, Wenyuan},
  booktitle={Proceedings of the 2022 International Conference on Management of Data},
  year={2022}
}
@inproceedings{zhou2022end,
  title={End-to-end Modularity-based Community Co-partition in Bipartite Networks},
  author={Zhou, Cangqi and Wang, Yuxiang and Zhang, Jing and Jiang, Jiqiong and Hu, Dianming},
  booktitle={CIKM},
  year={2022}
}
@inproceedings{ye2018deep,
  title={Deep autoencoder-like nonnegative matrix factorization for community detection},
  author={Ye, Fanghua and Chen, Chuan and Zheng, Zibin},
  booktitle={CIKM},
  year={2018}
}
@inproceedings{wang2016semantic,
  title={Semantic community identification in large attribute networks},
  author={Wang, Xiao and Jin, Di and Cao, Xiaochun and Yang, Liang and Zhang, Weixiong},
  booktitle={AAAI},
  year={2016}
}
@inproceedings{yang2013overlapping,
  title={Overlapping community detection at scale: a nonnegative matrix factorization approach},
  author={Yang, Jaewon and Leskovec, Jure},
  booktitle={Proceedings of the sixth ACM international conference on Web search and data mining},
  year={2013}
}
@inproceedings{yang2013community,
  title={Community detection in networks with node attributes},
  author={Yang, Jaewon and McAuley, Julian and Leskovec, Jure},
  booktitle={ICDM},
  year={2013}
}
@inproceedings{zhou2006learning,
  title={Learning with hypergraphs: Clustering, classification, and embedding},
  author={Zhou, Dengyong and Huang, Jiayuan and Sch{\"o}lkopf, Bernhard},
  booktitle={NeurIPS},
  year={2006}
}
@inproceedings{Hyper-SAGNN,
  title={Hyper-SAGNN: a self-attention based graph neural network for hypergraphs},
  author={Zhang, R and Zou, Y and Ma, J},
  booktitle={ICLR},
  year={2020}
}
@inproceedings{yu2021self,
  title={Self-supervised multi-channel hypergraph convolutional network for social recommendation},
  author={Yu, Junliang and Yin, Hongzhi and Li, Jundong and Wang, Qinyong and Hung, Nguyen Quoc Viet and Zhang, Xiangliang},
  booktitle={WWW},
  year={2021}
}
@inproceedings{xia2022self,
  title={Self-supervised hypergraph transformer for recommender systems},
  author={Xia, Lianghao and Huang, Chao and Zhang, Chuxu},
  booktitle={KDD},
  year={2022}
}
@inproceedings{fan2018automatic,
  title={Automatic Opioid User Detection from Twitter: Transductive Ensemble Built on Different Meta-graph Based Similarities over Heterogeneous Information Network.},
  author={Fan, Yujie and Zhang, Yiming and Ye, Yanfang and Li, Xin},
  booktitle={IJCAI},
  year={2018}
}
@inproceedings{zhang2020dstyle,
  title={dStyle-GAN: Generative Adversarial Network based on Writing and Photography Styles for Drug Identification in Darknet Markets},
  author={Zhang, Yiming and Qian, Yiyue and Fan, Yujie and Ye, Yanfang and Li, Xin and Xiong, Qi and Shao, Fudong},
  booktitle={ACSAC},
  year={2020}
}
@inproceedings{zhang2019your,
  title={Your style your identity: Leveraging writing and photography styles for drug trafficker identification in darknet markets over attributed heterogeneous information network},
  author={Zhang, Yiming and Fan, Yujie and Song, Wei and Hou, Shifu and Ye, Yanfang and Li, Xin and Zhao, Liang and Shi, Chuan and Wang, Jiabin and Xiong, Qi},
  booktitle={WWW},
  year={2019}
}
@inproceedings{roy2017automated,
  title={Automated detection of substance use-related social media posts based on image and text analysis},
  author={Roy, Arpita and Paul, Anamika and Pirsiavash, Hamed and Pan, Shimei},
  booktitle={ICTAI},
  year={2017}
}
@inproceedings{GCL,
  title={Graph contrastive learning with augmentations},
  author={You, Yuning and Chen, Tianlong and Sui, Yongduo and Chen, Ting and Wang, Zhangyang and Shen, Yang},
  booktitle={NeurIPS},
  year={2020}
}
@inproceedings{TailGNN,
  title={Tail-gnn: Tail-node graph neural networks},
  author={Liu, Zemin and Nguyen, Trung-Kien and Fang, Yuan},
  booktitle={KDD},
  year={2021}
}
@inproceedings{HyperGCL,
  title={Augmentations in Hypergraph Contrastive Learning: Fabricated and Generative},
  author={Wei, Tianxin and You, Yuning and Chen, Tianlong and Shen, Yang and He, Jingrui and Wang, Zhangyang},
  year={2022},
  booktitle={NeurIPS}
}
@inproceedings{zhu2021graph,
  title={Graph contrastive learning with adaptive augmentation},
  author={Zhu, Yanqiao and Xu, Yichen and Yu, Feng and Liu, Qiang and Wu, Shu and Wang, Liang},
  booktitle={WWW},
  year={2021}
}
@inproceedings{yang2016modularity,
  title={Modularity based community detection with deep learning.},
  author={Yang, Liang and Cao, Xiaochun and He, Dongxiao and Wang, Chuan and Wang, Xiao and Zhang, Weixiong},
  booktitle={IJCAI},
  year={2016}
}
@inproceedings{CLARE,
  title={CLARE: A semi-supervised community detection algorithm},
  author={Wu, Xixi and Xiong, Yun and Zhang, Yao and Jiao, Yizhu and Shan, Caihua and Sun, Yiheng and Zhu, Yangyong and Yu, Philip S},
  booktitle={KDD},
  year={2022}
}
@inproceedings{zhang2017re,
  title={Re-revisiting learning on hypergraphs: confidence interval and subgradient method},
  author={Zhang, Chenzi and Hu, Shuguang and Tang, Zhihao Gavin and Chan, TH Hubert},
  booktitle={ICML},
  year={2017}
}
@inproceedings{HyperGCN,
  title={Hypergcn: A new method for training graph convolutional networks on hypergraphs},
  author={Yadati, Naganand and Nimishakavi, Madhav and Yadav, Prateek and Nitin, Vikram and Louis, Anand and Talukdar, Partha},
  year={2019},
  booktitle={NeurIPS}
}
@inproceedings{GCN,
  title={Semi-supervised classification with graph convolutional networks},
  author={Kipf, Thomas N and Welling, Max},
  booktitle={ICLR},
  year={2017}
}
@article{chan2020generalizing,
  title={Generalizing the hypergraph laplacian via a diffusion process with mediators},
  author={Chan, T-H Hubert and Liang, Zhibin},
  journal={Theoretical Computer Science},
  year={2020},
  publisher={Elsevier}
}
@inproceedings{qian2022co,
  title={Co-Modality Graph Contrastive Learning for Imbalanced Node Classification},
  author={Qian, Yiyue and Zhang, Chunhui and Zhang, Yiming and Wen, Qianlong and Ye, Yanfang and Zhang, Chuxu},
  booktitle={NeurIPS},
    year={2022}
}
@inproceedings{GAT,
  title={Graph Attention Networks},
  author={Veli{\v{c}}kovi{\'c}, Petar and Cucurull, Guillem and Casanova, Arantxa and Romero, Adriana and Li{\`o}, Pietro and Bengio, Yoshua},
  booktitle={ICLR},
  year={2018}
}
@inproceedings{GIN,
title={How Powerful are Graph Neural Networks?},
author={Keyulu Xu and Weihua Hu and Jure Leskovec and Stefanie Jegelka},
booktitle={ICLR},
year={2019}
}
@article{WLTest,
  title={The reduction of a graph to canonical form and the algebra which appears therein},
  author={Weisfeiler, Boris and Leman, Andrei},
  journal={Nauchno-Technicheskaya Informatsia},
  year={1968}
}
@inproceedings{HGNN,
  title={Hypergraph neural networks},
  author={Feng, Yifan and You, Haoxuan and Zhang, Zizhao and Ji, Rongrong and Gao, Yue},
  booktitle={AAAI},
  year={2019}
}
@inproceedings{Bespoke,
  title={Semi-supervised community detection using structure and size},
  author={Bakshi, Arjun and Parthasarathy, Srinivasan and Srinivasan, Kannan},
  booktitle={ICDM},
  year={2018}
}
@inproceedings{BigClam,
  title={Overlapping community detection at scale: a nonnegative matrix factorization approach},
  author={Yang, Jaewon and Leskovec, Jure},
  booktitle={WSDM},
  year={2013}
}
@inproceedings{CESNA,
  title={Community detection in networks with node attributes},
  author={Yang, Jaewon and McAuley, Julian and Leskovec, Jure},
  booktitle={ICDM},
  year={2013}
}
@article{chakraborty2017metrics,
  title={Metrics for community analysis: A survey},
  author={Chakraborty, Tanmoy and Dalmia, Ayushi and Mukherjee, Animesh and Ganguly, Niloy},
  journal={ACM Computing Surveys},
  year={2017},
  publisher={ACM New York, NY, USA}
}
@inproceedings{adam,
  title={Adam: A method for stochastic optimization},
  author={Kingma, Diederik P and Ba, Jimmy},
  booktitle={ICLR},
  year={2015}
}
@article{lobov2019unsupervised,
  title={Unsupervised community detection with modularity-based attention model},
  author={Lobov, Ivan and Ivanov, Sergey},
  journal={arXiv preprint arXiv:1905.10350},
  year={2019}
}
@inproceedings{SentenceBert,
  title={Sentence-BERT: Sentence Embeddings using Siamese BERT-Networks},
  author={Reimers, Nils and Gurevych, Iryna},
  booktitle={EMNLP-IJCNLP},
  year={2019}
}
@article{GRACE,
  title={Deep graph contrastive representation learning},
  author={Zhu, Yanqiao and Xu, Yichen and Yu, Feng and Liu, Qiang and Wu, Shu and Wang, Liang},
  journal={arXiv preprint arXiv:2006.04131},
  year={2020}
}
@inproceedings{
LGNN,
title={Supervised Community Detection with Line Graph Neural Networks},
author={Zhengdao Chen and Lisha Li and Joan Bruna},
booktitle={ICLR},
year={2019}
}
@article{muller2023graph,
  title={Graph clustering with graph neural networks},
  author={M{\"u}ller, Emmanuel},
  journal={Journal of Machine Learning Research},
  year={2023}
}
@misc{twitterapi,
	title = {Twitter Official API for Developers},
	note = {\url{https://developer.twitter.com/en/docs/twitter-api}},
 year = {2023},
    Organization = {Twitter},
}
@article{malliaros2013clustering,
  title={Clustering and community detection in directed networks: A survey},
  author={Malliaros, Fragkiskos D and Vazirgiannis, Michalis},
  journal={Physics Reports},
  year={2013},
  publisher={Elsevier}
}
@article{gasparetti2021community,
  title={Community detection in social recommender systems: a survey},
  author={Gasparetti, Fabio and Sansonetti, Giuseppe and Micarelli, Alessandro},
  journal={Applied Intelligence},
  year={2021},
  publisher={Springer}
}
@article{feng2015personalized,
  title={Personalized recommendations based on time-weighted overlapping community detection},
  author={Feng, Haoyuan and Tian, Jin and Wang, Harry Jiannan and Li, Minqiang},
  journal={Information \& Management},
  year={2015},
  publisher={Elsevier}
}
@article{jung2013analyzing,
  title = {Analyzing future communities in growing citation networks},
  journal = {Knowledge-Based Systems},
  author={Jung, Sukhwan and Segev, Aviv},
  year={2013}
}
@article{guerrero2017community,
  title={Community detection in political discussions on Twitter: An application of the retweet overlap network method to the Catalan process toward independence},
  author={Guerrero-Sol{\'e}, Frederic},
  journal={Social Science Computer Review},
  year={2017},
  publisher={SAGE Publications Sage CA: Los Angeles, CA}
}
@inproceedings{karatacs2018application,
  title={Application areas of community detection: A review},
  author={Karata{\c{s}}, Arzum and {\c{S}}ahin, Serap},
  booktitle={IBIGDELFT},
  year={2018}
}
@article{salathe2010dynamics,
  title={Dynamics and control of diseases in networks with community structure},
  author={Salath{\'e}, Marcel and Jones, James H},
  journal={PLoS computational biology},
  year={2010},
  publisher={Public Library of Science San Francisco, USA}
}
@inproceedings{Suriana2017Modularity,
    author = {Ismail, Suriana and Ismail, Roslan},
    title = {Modularity Approach for Community Detection in Complex Networks},
    booktitle = {IMCOM},
    year = {2017}
}
@article{blondel2008fast,
  title={Fast unfolding of communities in large networks},
  author={Blondel, Vincent D and Guillaume, Jean-Loup and Lambiotte, Renaud and Lefebvre, Etienne},
  journal={Journal of statistical mechanics: theory and experiment},
  year={2008},
}
@inproceedings{vGraph,
  title={vgraph: A generative model for joint community detection and node representation learning},
  author={Sun, Fan-Yun and Qu, Meng and Hoffmann, Jordan and Huang, Chin-Wei and Tang, Jian},
  booktitle={NeurIPs},
  year={2019}
}
@inproceedings{rep2vec,
  title={Rep2Vec: Repository Embedding via Heterogeneous Graph Adversarial Contrastive Learning},
  author={Qian, Yiyue and Zhang, Yiming and Wen, Qianlong and Ye, Yanfang and Zhang, Chuxu},
  booktitle={KDD},
  year={2022}
}
@misc{drugtypes,
	author = {NIH},
	note = {\url{https://nida.nih.gov/}},
 year = {2021},
    Organization = {National Institute on drug abuse},
}
@article{communityGCN,
  title={CommunityGCN: community detection using node classification with graph convolution network},
  author={Bhattacharya, Riju and Nagwani, Naresh Kumar and Tripathi, Sarsij},
  journal={Data Technologies and Applications},
  year={2023},
  publisher={Emerald Publishing Limited}
}
@inproceedings{comE,
author = {Cavallari, Sandro and Zheng, Vincent W. and Cai, Hongyun and Chang, Kevin Chen-Chuan and Cambria, Erik},
title = {Learning Community Embedding with Community Detection and Node Embedding on Graphs},
year = {2017},
booktitle = {CIKM}
}
@article{kmeans,
  title={Algorithm AS 136: A k-means clustering algorithm},
  author={Hartigan, John A and Wong, Manchek A},
  journal={Journal of the royal statistical society. series c (applied statistics)},
  year={1979},
  publisher={JSTOR}
}
@inproceedings{CE,
  title={Hypergraph spectral learning for multi-label classification},
  author={Sun, Liang and Ji, Shuiwang and Ye, Jieping},
  booktitle={KDD},
  year={2008}
}
@inproceedings{Allset,
  title={You are AllSet: A Multiset Function Framework for Hypergraph Neural Networks},
  author={Chien, Eli and Pan, Chao and Peng, Jianhao and Milenkovic, Olgica},
  booktitle={ICLR},
  year={2022}
}
@inproceedings{LEGNN,
  title={Semi-supervised hypergraph node classification on hypergraph line expansion},
  author={Yang, Chaoqi and Wang, Ruijie and Yao, Shuochao and Abdelzaher, Tarek},
  booktitle={CIKM},
  year={2022}
}
@inproceedings{CESE,
  title={Higher order learning with graphs},
  author={Agarwal, Sameer and Branson, Kristin and Belongie, Serge},
  booktitle={ICML},
  year={2006}
}
@article{hein2013total,
  title={The total variation on hypergraphs-learning on hypergraphs revisited},
  author={Hein, Matthias and Setzer, Simon and Jost, Leonardo and Rangapuram, Syama Sundar},
  journal={NeurIPS},
  year={2013}
}
@inproceedings{UniGNN,
  title={UniGNN: a Unified Framework for Graph and Hypergraph Neural Networks},
  author={Huang, Jing and Yang, Jie},
  booktitle={IJCAI},
  year={2021}
}
@article{benson2016higher,
  title={Higher-order organization of complex networks},
  author={Benson, Austin R and Gleich, David F and Leskovec, Jure},
  journal={Science},
  year={2016},
  publisher={American Association for the Advancement of Science}
}
@inproceedings{SENET,
  title={Squeeze-and-excitation networks},
  author={Hu, Jie and Shen, Li and Sun, Gang},
  booktitle={CVPR},
  year={2018}
}
@inproceedings{ma2022meta,
  title={Meta-weight graph neural network: Push the limits beyond global homophily},
  author={Ma, Xiaojun and Chen, Qin and Ren, Yuanyi and Song, Guojie and Wang, Liang},
  booktitle={WWW},
  year={2022}
}
@article{HNHN,
  title={Hnhn: Hypergraph networks with hyperedge neurons},
  author={Dong, Yihe and Sawin, Will and Bengio, Yoshua},
  journal={arXiv preprint arXiv:2006.12278},
  year={2020}
}
@article{HCHA,
  title={Hypergraph convolution and hypergraph attention},
  author={Bai, Song and Zhang, Feihu and Torr, Philip HS},
  journal={Pattern Recognition},
  year={2021},
  publisher={Elsevier}
}
@inproceedings{agarwal2005beyond,
  title={Beyond pairwise clustering},
  author={Agarwal, Sameer and Lim, Jongwoo and Zelnik-Manor, Lihi and Perona, Pietro and Kriegman, David and Belongie, Serge},
  booktitle={CVPR},
  year={2005}
}
@inproceedings{PyG,
  title={Fast graph representation learning with PyTorch Geometric},
  author={Fey, Matthias and Lenssen, Jan Eric},
  booktitle={ICLR Workshop on Representation Learning on Graphs and Manifolds},
  year={2019}
}
@inproceedings{qian2021adapting,
  title={Adapting Meta Knowledge with Heterogeneous Information Network for COVID-19 Themed Malicious Repository Detection},
  author={Qian, Yiyue and Zhang, Yiming and Ye, Yanfang and Zhang, Chuxu},
  booktitle={IJCAI},
  year={2021}
}
@article{chan2018spectral,
  title={Spectral properties of hypergraph laplacian and approximation algorithms},
  author={Chan, T-H Hubert and Louis, Anand and Tang, Zhihao Gavin and Zhang, Chenzi},
  journal={Journal of the ACM},
  year={2018},
  publisher={ACM New York, NY, USA}
}
@inproceedings{louis2015hypergraph,
  title={Hypergraph markov operators, eigenvalues and approximation algorithms},
  author={Louis, Anand},
  booktitle={STOC},
  year={2015}
}
@article{cora,
  title={Automating the construction of internet portals with machine learning},
  author={McCallum, Andrew Kachites and Nigam, Kamal and Rennie, Jason and Seymore, Kristie},
  journal={Information Retrieval},
  year={2000},
  publisher={Springer}
}
@inproceedings{citeseer,
  title={CiteSeer: An automatic citation indexing system},
  author={Giles, C Lee and Bollacker, Kurt D and Lawrence, Steve},
  booktitle={DL},
  year={1998}
}
@article{pubmed,
  title={Collective classification in network data},
  author={Sen, Prithviraj and Namata, Galileo and Bilgic, Mustafa and Getoor, Lise and Galligher, Brian and Eliassi-Rad, Tina},
  journal={AI magazine},
  year={2008}
}
@inproceedings{an2021hypergraph,
  title={Hypergraph propagation and community selection for objects retrieval},
  author={An, Guoyuan and Huo, Yuchi and Yoon, Sung-Eui},
  booktitle={NeurIPS},
  year={2021}
}
@inproceedings{yadati2020nhp,
  title={NHP: Neural hypergraph link prediction},
  author={Yadati, Naganand and Nitin, Vikram and Nimishakavi, Madhav and Yadav, Prateek and Louis, Anand and Talukdar, Partha},
  booktitle={ICDM},
  year={2020}
}
@article{Kumar2020HypergraphCB,
  title={Hypergraph clustering by iteratively reweighted modularity maximization},
  author={Tarun Kumar and Sankaran Vaidyanathan and Harini Ananthapadmanabhan and Srinivasan Parthasarathy and Balaraman Ravindran},
  journal={Applied Network Science},
  year={2020},
}
@inproceedings{ding2002cluster,
  title={Cluster merging and splitting in hierarchical clustering algorithms},
  author={Ding, Chris and He, Xiaofeng},
  booktitle={ICDM},
  year={2002}
}
@article{chodrow2021hypergraph,
  title={Hypergraph clustering: from blockmodels to modularity},
  author={Chodrow, Philip S and Veldt, Nate and Benson, Austin R},
  journal={Science Advances},
  year={2021}
}
@inproceedings{zhang2019heterogeneous,
  title={Heterogeneous graph neural network},
  author={Zhang, Chuxu and Song, Dongjin and Huang, Chao and Swami, Ananthram and Chawla, Nitesh V},
  booktitle={KDD},
  year={2019}
}
@inproceedings{yun2021neo,
  title={Neo-gnns: Neighborhood overlap-aware graph neural networks for link prediction},
  author={Yun, Seongjun and Kim, Seoyoon and Lee, Junhyun and Kang, Jaewoo and Kim, Hyunwoo J},
  booktitle={NeurIPS},
  year={2021}
}
@inproceedings{wu2022discovering,
  title={Discovering invariant rationales for graph neural networks},
  author={Wu, Ying-Xin and Wang, Xiang and Zhang, An and He, Xiangnan and Chua, Tat-Seng},
  booktitle={ICLR},
  year={2022}
}
@inproceedings{boker2019color,
  title={Color refinement, homomorphisms, and hypergraphs},
  author={B{\"o}ker, Jan},
  booktitle={WG},
  year={2019},
}
@article{feng2024hypergraph,
  title={Hypergraph isomorphism computation},
  author={Feng, Yifan and Han, Jiashu and Ying, Shihui and Gao, Yue},
  journal={IEEE Transactions on Pattern Analysis and Machine Intelligence},
  year={2024},
  publisher={IEEE}
}
@inproceedings{wang2022equivariant,
  title={Equivariant Hypergraph Diffusion Neural Operators},
  author={Wang, Peihao and Yang, Shenghao and Liu, Yunyu and Wang, Zhangyang and Li, Pan},
  booktitle={ICLR},
  year={2023}
}
@article{shervashidze2011weisfeiler,
  title={Weisfeiler-lehman graph kernels.},
  author={Shervashidze, Nino and Schweitzer, Pascal and Van Leeuwen, Erik Jan and Mehlhorn, Kurt and Borgwardt, Karsten M},
  journal={Journal of Machine Learning Research},
  volume={12},
  number={9},
  year={2011}
}
@article{zhang2024expressive,
  title={Expressive Higher-Order Link Prediction through Hypergraph Symmetry Breaking},
  author={Zhang, Simon and Xin, Cheng and Dey, Tamal K},
  journal={arXiv preprint arXiv:2402.11339},
  year={2024}
}

@inproceedings{ma2023hypergraph,
  title={Hypergraph Contrastive Learning for Drug Trafficking Community Detection},
  author={Ma, Tianyi and Qian, Yiyue and Zhang, Chuxu and Ye, Yanfang},
  booktitle={ICDM},
  year={2023}
}

@inproceedings{qian2024dual,
  title={Dual-level Hypergraph Contrastive Learning with Adaptive Temperature Enhancement},
  author={Qian, Yiyue and Ma, Tianyi and Zhang, Chuxu and Ye, Yanfang},
  booktitle={WWW},
  year={2024}
}
@inproceedings{saxena2024dphgnn,
  title={DPHGNN: A Dual Perspective Hypergraph Neural Networks},
  author={Saxena, Siddhant and Ghatak, Shounak and Kolla, Raghu and Mukherjee, Debashis and Chakraborty, Tanmoy},
  booktitle={KDD},
  year={2024}
}
@inproceedings{duta2024sheaf,
  title={Sheaf hypergraph networks},
  author={Duta, Iulia and Cassar{\`a}, Giulia and Silvestri, Fabrizio and Li{\`o}, Pietro},
  booktitle={NeurIPS},
  year={2024}
}
@article{veldt2021higher,
  title={Higher-order homophily is combinatorially impossible},
  author={Veldt, Nate and Benson, Austin R and Kleinberg, Jon},
  journal={SIAM Review},
  year={2022}
}
  @inproceedings{yan2024hypergraph,
  title={Hypergraph Joint Representation Learning for Hypervertices and Hyperedges via Cross Expansion},
  author={Yan, Yuguang and Chen, Yuanlin and Wang, Shibo and Wu, Hanrui and Cai, Ruichu},
  booktitle={AAAI},
  year={2024}
}
  @article{wu2022hypergraph,
  title={Hypergraph convolution on nodes-hyperedges network for semi-supervised node classification},
  author={Wu, Hanrui and Ng, Michael K},
  journal={ACM Transactions on Knowledge Discovery from Data (TKDD)},
  year={2022},
}
@inproceedings{deshpande2018contextual,
  title={Contextual stochastic block models},
  author={Deshpande, Yash and Sen, Subhabrata and Montanari, Andrea and Mossel, Elchanan},
  booktitle={NeurIPS},
  year={2018}
}
@article{zhang2024mopi,
  title={MOPI-HFRS: A Multi-objective Personalized Health-aware Food Recommendation System with LLM-enhanced Interpretation},
  author={Zhang, Zheyuan and Wang, Zehong and Ma, Tianyi and Taneja, Varun Sameer and Nelson, Sofia and Le, Nhi Ha Lan and Murugesan, Keerthiram and Ju, Mingxuan and Chawla, Nitesh V and Zhang, Chuxu and others},
  journal={arXiv preprint arXiv:2412.08847},
  year={2024}
}
@article{wang2025neuralgraphpatternmachine,
      title={Neural Graph Pattern Machine}, 
      author={Zehong Wang and Zheyuan Zhang and Tianyi Ma and Nitesh V Chawla and Chuxu Zhang and Yanfang Ye},
      year={2025},
        journal={arXiv preprint arXiv:2501.18739}
}
@article{wang2024learning,
  title={Learning Cross-Task Generalities Across Graphs via Task-trees},
  author={Wang, Zehong and Zhang, Zheyuan and Ma, Tianyi and Chawla, Nitesh V and Zhang, Chuxu and Ye, Yanfang},
  journal={arXiv preprint arXiv:2412.16441},
  year={2024}
}
@article{zhang2024ngqa,
  title={NGQA: A Nutritional Graph Question Answering Benchmark for Personalized Health-aware Nutritional Reasoning},
  author={Zhang, Zheyuan and Li, Yiyang and Le, Nhi Ha Lan and Wang, Zehong and Ma, Tianyi and Galassi, Vincent and Murugesan, Keerthiram and Moniz, Nuno and Geyer, Werner and Chawla, Nitesh V and others},
  journal={arXiv preprint arXiv:2412.15547},
  year={2024}
}
@article{wang2024can,
  title={Can LLMs Convert Graphs to Text-Attributed Graphs?},
  author={Wang, Zehong and Liu, Sidney and Zhang, Zheyuan and Ma, Tianyi and Zhang, Chuxu and Ye, Yanfang},
  journal={arXiv preprint arXiv:2412.10136},
  year={2024}
}
@inproceedings{wang2024gft,
  title={GFT: Graph Foundation Model with Transferable Tree Vocabulary},
  author={Wang, Zehong and Zhang, Zheyuan and Chawla, Nitesh V and Zhang, Chuxu and Ye, Yanfang},
  booktitle={NeurIPS},
  year={2024}
}
@inproceedings{wang2024training,
  title={Training MLPs on Graphs without Supervision},
  author={Wang, Zehong and Zhang, Zheyuan and Zhang, Chuxu and Ye, Yanfang},
  booktitle={WSDM},
  year={2024}
}