@article{bengio2000neural,
  title={A neural probabilistic language model},
  author={Bengio, Yoshua and Ducharme, R{\'e}jean and Vincent, Pascal},
  journal={Advances in neural information processing systems},
  volume={13},
  year={2000}
}

@article{das2024security,
  title={Security and privacy challenges of large language models: A survey},
  author={Das, Badhan Chandra and Amini, M Hadi and Wu, Yanzhao},
  journal={arXiv preprint arXiv:2402.00888},
  year={2024}
}

@article{hochreiter1997long,
  title={Long Short-term Memory},
  author={Hochreiter, S},
  journal={Neural Computation MIT-Press},
  year={1997}
}

@article{iourovitski2024hide,
  title={Hide and Seek: Fingerprinting Large Language Models with Evolutionary Learning},
  author={Iourovitski, Dmitri and Sharma, Sanat and Talwar, Rakshak},
  journal={arXiv preprint arXiv:2408.02871},
  year={2024}
}

@inproceedings{kirchenbauer2023watermark,
  title={A watermark for large language models},
  author={Kirchenbauer, John and Geiping, Jonas and Wen, Yuxin and Katz, Jonathan and Miers, Ian and Goldstein, Tom},
  booktitle={International Conference on Machine Learning},
  pages={17061--17084},
  year={2023},
  organization={PMLR}
}

@article{mcgovern2024your,
  title={Your Large Language Models Are Leaving Fingerprints},
  author={McGovern, Hope and Stureborg, Rickard and Suhara, Yoshi and Alikaniotis, Dimitris},
  journal={arXiv preprint arXiv:2405.14057},
  year={2024}
}

@article{mikolov2013efficient,
  title={Efficient estimation of word representations in vector space},
  author={Mikolov, Tomas and Chen, Kai and Corrado, Greg and Dean, Jeffrey},
  journal={arXiv preprint arXiv:1301.3781},
  year={2013}
}

@inproceedings{nazari2024llm,
  title={LLM-FIN: Large Language Models Fingerprinting Attack on Edge Devices},
  author={Nazari, Najmeh and Xiang, Furi and Fang, Chongzhou and Makrani, Hosein Mohammadi and Puri, Aditya and Patwari, Kartik and Sayadi, Hossein and Rafatirad, Setareh and Chuah, Chen-Nee and Homayoun, Houman},
  booktitle={2024 25th International Symposium on Quality Electronic Design (ISQED)},
  pages={1--6},
  year={2024},
  organization={IEEE}
}

@article{neel2023privacy,
  title={Privacy issues in large language models: A survey},
  author={Neel, Seth and Chang, Peter},
  journal={arXiv preprint arXiv:2312.06717},
  year={2023}
}

@article{pasquini2024llmmap,
  title={LLMmap: Fingerprinting For Large Language Models},
  author={Pasquini, Dario and Kornaropoulos, Evgenios M and Ateniese, Giuseppe},
  journal={arXiv preprint arXiv:2407.15847},
  year={2024}
}

@inproceedings{pennington2014glove,
  title={Glove: Global vectors for word representation},
  author={Pennington, Jeffrey and Socher, Richard and Manning, Christopher D},
  booktitle={Proceedings of the 2014 conference on empirical methods in natural language processing (EMNLP)},
  pages={1532--1543},
  year={2014}
}

@article{russinovich2024hey,
  title={Hey, That's My Model! Introducing Chain \& Hash, An LLM Fingerprinting Technique},
  author={Russinovich, Mark and Salem, Ahmed},
  journal={arXiv preprint arXiv:2407.10887},
  year={2024}
}

@article{sadasivan2023can,
  title={Can AI-generated text be reliably detected?},
  author={Sadasivan, Vinu Sankar and Kumar, Aounon and Balasubramanian, Sriram and Wang, Wenxiao and Feizi, Soheil},
  journal={arXiv preprint arXiv:2303.11156},
  year={2023}
}

@article{vaswani2017attention,
  title={Attention is all you need},
  author={Vaswani, A},
  journal={Advances in Neural Information Processing Systems},
  year={2017}
}

@article{xu2024instructional,
  title={Instructional fingerprinting of large language models},
  author={Xu, Jiashu and Wang, Fei and Ma, Mingyu Derek and Koh, Pang Wei and Xiao, Chaowei and Chen, Muhao},
  journal={arXiv preprint arXiv:2401.12255},
  year={2024}
}

@article{yan2024protecting,
  title={On protecting the data privacy of large language models (llms): A survey},
  author={Yan, Biwei and Li, Kun and Xu, Minghui and Dong, Yueyan and Zhang, Yue and Ren, Zhaochun and Cheng, Xiuzheng},
  journal={arXiv preprint arXiv:2403.05156},
  year={2024}
}

@article{yao2024survey,
  title={A survey on large language model (llm) security and privacy: The good, the bad, and the ugly},
  author={Yao, Yifan and Duan, Jinhao and Xu, Kaidi and Cai, Yuanfang and Sun, Zhibo and Zhang, Yue},
  journal={High-Confidence Computing},
  pages={100211},
  year={2024},
  publisher={Elsevier}
}

@article{zhao2023survey,
  title={A survey of large language models},
  author={Zhao, Wayne Xin and Zhou, Kun and Li, Junyi and Tang, Tianyi and Wang, Xiaolei and Hou, Yupeng and Min, Yingqian and Zhang, Beichen and Zhang, Junjie and Dong, Zican and others},
  journal={arXiv preprint arXiv:2303.18223},
  year={2023}
}

