@article{acemouglu2013opinion,
  title={Opinion fluctuations and disagreement in social networks},
  author={Acemo{\u{g}}lu, Daron and Como, Giacomo and Fagnani, Fabio and Ozdaglar, Asuman},
  journal={Mathematics of Operations Research},
  volume={38},
  number={1},
  pages={1--27},
  year={2013},
  publisher={Informs}
}

@book{barrat2008dynamical,
  title={Dynamical processes on complex networks},
  author={Barrat, Alain and Barthelemy, Marc and Vespignani, Alessandro},
  year={2008},
  publisher={Cambridge university press}
}

@article{castellano2009statistical,
  title={Statistical physics of social dynamics},
  author={Castellano, Claudio and Fortunato, Santo and Loreto, Vittorio},
  journal={Reviews of modern physics},
  volume={81},
  number={2},
  pages={591},
  year={2009},
  publisher={APS}
}

@inproceedings{chakraborty2019competitive,
  title={Competitive influence maximisation using voting dynamics},
  author={Chakraborty, Sukankana and Stein, Sebastian and Brede, Markus and Swami, Ananthram and de Mel, Geeth and Restocchi, Valerio},
  booktitle={Proceedings of the 2019 IEEE/ACM International Conference on Advances in Social Networks Analysis and Mining},
  pages={978--985},
  year={2019}
}

@inproceedings{chen2015influence,
  title={Influence maximization on signed social networks with integrated pagerank},
  author={Chen, Shubo and He, Kejing},
  booktitle={2015 IEEE International Conference on Smart City/SocialCom/SustainCom (SmartCity)},
  pages={289--292},
  year={2015},
  organization={IEEE}
}

@article{cheng2020outbreak,
  title={Outbreak minimization vs influence maximization: an optimization framework},
  author={Cheng, Chun-Hung and Kuo, Yong-Hong and Zhou, Ziye},
  journal={BMC Medical Informatics and Decision Making},
  volume={20},
  number={1},
  pages={1--13},
  year={2020},
  publisher={BioMed Central}
}

@article{clifford1973model,
  title={A model for spatial conflict},
  author={Clifford, Peter and Sudbury, Aidan},
  journal={Biometrika},
  volume={60},
  number={3},
  pages={581--588},
  year={1973},
  publisher={Oxford University Press}
}

@article{deffuant2000mixing,
  title={Mixing beliefs among interacting agents},
  author={Deffuant, Guillaume and Neau, David and Amblard, Frederic and Weisbuch, G{\'e}rard},
  journal={Advances in Complex Systems},
  volume={3},
  number={01n04},
  pages={87--98},
  year={2000},
  publisher={World Scientific}
}

@inproceedings{domingos2001mining,
  title={Mining the network value of customers},
  author={Domingos, Pedro and Richardson, Matt},
  booktitle={Proceedings of the seventh ACM SIGKDD international conference on Knowledge discovery and data mining},
  pages={57--66},
  year={2001}
}

@book{easley2010networks,
  title={Networks, crowds, and markets},
  author={Easley, David and Kleinberg, Jon},
  volume={8},
  year={2010},
  publisher={Cambridge university press Cambridge}
}

@article{galam1999application,
  title={Application of statistical physics to politics},
  author={Galam, Serge},
  journal={Physica A: Statistical mechanics and its applications},
  volume={274},
  number={1-2},
  pages={132--139},
  year={1999},
  publisher={Elsevier}
}

@article{gambaro2017influence,
  title={The influence of contrarians in the dynamics of opinion formation},
  author={Gambaro, Joao Paulo and Crokidakis, Nuno},
  journal={Physica A: Statistical Mechanics and its Applications},
  volume={486},
  pages={465--472},
  year={2017},
  publisher={Elsevier}
}

@inproceedings{girdhar2016signed,
  title={Signed social networks: a survey},
  author={Girdhar, Nancy and Bharadwaj, KK},
  booktitle={International Conference on Advances in Computing and Data Sciences},
  pages={326--335},
  year={2016},
  organization={Springer}
}

@article{he2019information,
  title={Information diffusion in signed networks},
  author={He, Xiaochen and Du, Haifeng and Feldman, Marcus W and Li, Guangyu},
  journal={PloS one},
  volume={14},
  number={10},
  pages={e0224177},
  year={2019},
  publisher={Public Library of Science San Francisco, CA USA}
}

@article{hegselmann2002opinion,
  title={Opinion dynamics and bounded confidence models, analysis, and simulation},
  author={Hegselmann, Rainer and Krause, Ulrich and others},
  journal={Journal of artificial societies and social simulation},
  volume={5},
  number={3},
  year={2002}
}

@article{holley1975ergodic,
  title={Ergodic theorems for weakly interacting infinite systems and the voter model},
  author={Holley, Richard A and Liggett, Thomas M},
  journal={The annals of probability},
  pages={643--663},
  year={1975},
  publisher={JSTOR}
}

@article{hosseini2019assessing,
  title={Assessing information diffusion models for influence maximization in signed social networks},
  author={Hosseini-Pozveh, Maryam and Zamanifar, Kamran and Naghsh-Nilchi, Ahmad Reza},
  journal={Expert Systems with Applications},
  volume={119},
  pages={476--490},
  year={2019},
  publisher={Elsevier}
}

@article{hucompeting,
 author = {Hu, Haibo},
 title = {Competing opinion diffusion on social networks},
 journal = {Royal Society open science 4. 11},
 volume = {11},
 year = {2017}
}

@inproceedings{jendoubi2016maximizing,
  title={Maximizing positive opinion influence using an evidential approach},
  author={Jendoubi, Siwar and Martin, Arnaud and Li{\'e}tard, Ludovic and Hadji, Hend Ben and Yaghlane, Boutheina Ben},
  booktitle={Uncertainty Modelling in Knowledge Engineering and Decision Making: Proceedings of the 12th International FLINS Conference},
  pages={168--174},
  year={2016},
  organization={World Scientific}
}

@article{ju2020new,
  title={A new algorithm for positive influence maximization in signed networks},
  author={Ju, Weijia and Chen, Ling and Li, Bin and Liu, Wei and Sheng, Jun and Wang, Yuwei},
  journal={Information Sciences},
  volume={512},
  pages={1571--1591},
  year={2020},
  publisher={Elsevier}
}

@inproceedings{kempe2003maximizing,
  title={Maximizing the spread of influence through a social network},
  author={Kempe, David and Kleinberg, Jon and Tardos, {\'E}va},
  booktitle={Proceedings of the ninth ACM SIGKDD international conference on Knowledge discovery and data mining},
  pages={137--146},
  year={2003}
}

@article{krapivsky2003dynamics,
  title={Dynamics of majority rule in two-state interacting spin systems},
  author={Krapivsky, Paul L and Redner, Sidney},
  journal={Physical Review Letters},
  volume={90},
  number={23},
  pages={238701},
  year={2003},
  publisher={APS}
}

@article{kuhlman2013controlling,
  title={Controlling opinion propagation in online networks},
  author={Kuhlman, Chris J and Kumar, VS Anil and Ravi, SS},
  journal={Computer Networks},
  volume={57},
  number={10},
  pages={2121--2132},
  year={2013},
  publisher={Elsevier}
}

@inproceedings{leskovec2010signed,
  title={Signed networks in social media},
  author={Leskovec, Jure and Huttenlocher, Daniel and Kleinberg, Jon},
  booktitle={Proceedings of the SIGCHI conference on human factors in computing systems},
  pages={1361--1370},
  year={2010}
}

@article{li2011strategy,
  title={Strategy of competition between two groups based on an inflexible contrarian opinion model},
  author={Li, Qian and Braunstein, Lidia A and Havlin, Shlomo and Stanley, H Eugene},
  journal={Physical Review E},
  volume={84},
  number={6},
  pages={066101},
  year={2011},
  publisher={APS}
}

@inproceedings{li2013influence,
  title={Influence diffusion dynamics and influence maximization in social networks with friend and foe relationships},
  author={Li, Yanhua and Chen, Wei and Wang, Yajun and Zhang, Zhi-Li},
  booktitle={Proceedings of the sixth ACM international conference on Web search and data mining},
  pages={657--666},
  year={2013}
}

@article{li2014polarity,
  title={Polarity related influence maximization in signed social networks},
  author={Li, Dong and Xu, Zhi-Ming and Chakraborty, Nilanjan and Gupta, Anika and Sycara, Katia and Li, Sheng},
  journal={PloS one},
  volume={9},
  number={7},
  pages={e102199},
  year={2014},
  publisher={Public Library of Science}
}

@article{li2017positive,
  title={Positive influence maximization in signed social networks based on simulated annealing},
  author={Li, Dong and Wang, Cuihua and Zhang, Shengping and Zhou, Guanglu and Chu, Dianhui and Wu, Chong},
  journal={Neurocomputing},
  volume={260},
  pages={69--78},
  year={2017},
  publisher={Elsevier}
}

@article{li2018influence,
  title={Influence maximization on social graphs: A survey},
  author={Li, Yuchen and Fan, Ju and Wang, Yanhao and Tan, Kian-Lee},
  journal={IEEE Transactions on Knowledge and Data Engineering},
  volume={30},
  number={10},
  pages={1852--1872},
  year={2018},
  publisher={IEEE}
}

@article{liang2019influence,
  title={Influence maximization in signed social networks with opinion formation},
  author={Liang, Wenxin and Shen, Chengguang and Li, Xiao and Nishide, Ryo and Piumarta, Ian and Takada, Hideyuki},
  journal={IEEE Access},
  volume={7},
  pages={68837--68852},
  year={2019},
  publisher={IEEE}
}

@article{liu2019influence,
  title={Influence maximization on signed networks under independent cascade model},
  author={Liu, Wei and Chen, Xin and Jeon, Byeungwoo and Chen, Ling and Chen, Bolun},
  journal={Applied Intelligence},
  volume={49},
  number={3},
  pages={912--928},
  year={2019},
  publisher={Springer}
}

@article{masuda2010heterogeneous,
  title={Heterogeneous voter models},
  author={Masuda, Naoki and Gibert, Nicolas and Redner, Sidney},
  journal={Physical Review E},
  volume={82},
  number={1},
  pages={010103},
  year={2010},
  publisher={APS}
}

@article{masuda2013voter,
  title={Voter models with contrarian agents},
  author={Masuda, Naoki},
  journal={Physical Review E},
  volume={88},
  number={5},
  pages={052803},
  year={2013},
  publisher={APS}
}

@article{masuda2015opinion,
  title={Opinion control in complex networks},
  author={Masuda, Naoki},
  journal={New Journal of Physics},
  volume={17},
  number={3},
  pages={033031},
  year={2015},
  publisher={IOP Publishing}
}

@article{mobilia2003does,
  title={Does a single zealot affect an infinite group of voters?},
  author={Mobilia, Mauro},
  journal={Physical review letters},
  volume={91},
  number={2},
  pages={028701},
  year={2003},
  publisher={APS}
}

@article{mobilia2007role,
  title={On the role of zealotry in the voter model},
  author={Mobilia, Mauro and Petersen, Anna and Redner, Sidney},
  journal={Journal of Statistical Mechanics: Theory and Experiment},
  volume={2007},
  number={08},
  pages={P08029},
  year={2007},
  publisher={IOP Publishing}
}

@article{mobilia2015nonlinear,
  title={Nonlinear q-voter model with inflexible zealots},
  author={Mobilia, Mauro},
  journal={Physical Review E},
  volume={92},
  number={1},
  pages={012803},
  year={2015},
  publisher={APS}
}

@article{noorazar2020recent,
  title={Recent advances in opinion propagation dynamics: a 2020 survey},
  author={Noorazar, Hossein},
  journal={The European Physical Journal Plus},
  volume={135},
  number={6},
  pages={1--20},
  year={2020},
  publisher={Springer}
}

@inproceedings{prakash2012winner,
  title={Winner takes all: competing viruses or ideas on fair-play networks},
  author={Prakash, B Aditya and Beutel, Alex and Rosenfeld, Roni and Faloutsos, Christos},
  booktitle={Proceedings of the 21st international conference on World Wide Web},
  pages={1037--1046},
  year={2012}
}

@article{redner2019reality,
  title={Reality-inspired voter models: A mini-review},
  author={Redner, Sidney},
  journal={Comptes Rendus Physique},
  volume={20},
  number={4},
  pages={275--292},
  year={2019},
  publisher={Elsevier}
}

@book{rogers2010diffusion,
  title={Diffusion of innovations},
  author={Rogers, Everett M},
  year={2010},
  publisher={Simon and Schuster}
}

@inproceedings{shen2015influence,
  title={Influence maximization in signed social networks},
  author={Shen, Chengguang and Nishide, Ryo and Piumarta, Ian and Takada, Hideyuki and Liang, Wenxin},
  booktitle={International Conference on Web Information Systems Engineering},
  pages={399--414},
  year={2015},
  organization={Springer}
}

@article{sood2005voter,
  title={Voter model on heterogeneous graphs},
  author={Sood, Vishal and Redner, Sidney},
  journal={Physical review letters},
  volume={94},
  number={17},
  pages={178701},
  year={2005},
  publisher={APS}
}

@inproceedings{srivastava2015social,
  title={Social influence computation and maximization in signed networks with competing cascades},
  author={Srivastava, Ajitesh and Chelmis, Charalampos and Prasanna, Viktor K},
  booktitle={Proceedings of the 2015 IEEE/ACM International Conference on Advances in Social Networks Analysis and Mining 2015},
  pages={41--48},
  year={2015}
}

@inproceedings{tripathy2010study,
  title={A study of rumor control strategies on social networks},
  author={Tripathy, Rudra M and Bagchi, Amitabha and Mehta, Sameep},
  booktitle={Proceedings of the 19th ACM international conference on Information and knowledge management},
  pages={1817--1820},
  year={2010}
}

@article{yildiz2013binary,
  title={Binary opinion dynamics with stubborn agents},
  author={Yildiz, Ercan and Ozdaglar, Asuman and Acemoglu, Daron and Saberi, Amin and Scaglione, Anna},
  journal={ACM Transactions on Economics and Computation (TEAC)},
  volume={1},
  number={4},
  pages={1--30},
  year={2013},
  publisher={ACM New York, NY, USA}
}

@article{zhong2005effects,
  title={Effects of contrarians in the minority game},
  author={Zhong, Li-Xin and Zheng, Da-Fang and Zheng, Bo and Hui, PM},
  journal={Physical Review E},
  volume={72},
  number={2},
  pages={026134},
  year={2005},
  publisher={APS}
}

