
@book{jackson2010social,
  title={Social and economic networks},
  author={Jackson, Matthew O},
  year={2010},
  publisher={Princeton university press}
}

@book{easley2010networks,
  title={Networks, crowds, and markets},
  author={Easley, David and Kleinberg, Jon},
  volume={8},
  year={2010},
  publisher={Cambridge university press Cambridge}
}

@inproceedings{kempe2003maximizing,
  title={Maximizing the spread of influence through a social network},
  author={Kempe, David and Kleinberg, Jon and Tardos, {\'E}va},
  booktitle={Proceedings of the ninth ACM SIGKDD international conference on Knowledge discovery and data mining},
  pages={137--146},
  year={2003}
}

@article{pastor2015epidemic,
  title={Epidemic processes in complex networks},
  author={Pastor-Satorras, Romualdo and Castellano, Claudio and Van Mieghem, Piet and Vespignani, Alessandro},
  journal={Reviews of modern physics},
  volume={87},
  number={3},
  pages={925},
  year={2015},
  publisher={APS}
}

@article{kiss2017mathematics,
  title={Mathematics of epidemics on networks},
  author={Kiss, Istv{\'a}n Z and Miller, Joel C and Simon, P{\'e}ter L and others},
  journal={Cham: Springer},
  volume={598},
  year={2017},
  publisher={Springer}
}

@inproceedings{bharathi2007competitive,
  title={Competitive influence maximization in social networks},
  author={Bharathi, Shishir and Kempe, David and Salek, Mahyar},
  booktitle={International workshop on web and internet economics},
  pages={306--311},
  year={2007},
  organization={Springer}
}

@inproceedings{borodin2010threshold,
  title={Threshold models for competitive influence in social networks},
  author={Borodin, Allan and Filmus, Yuval and Oren, Joel},
  booktitle={International workshop on internet and network economics},
  pages={539--550},
  year={2010},
  organization={Springer}
}

@inproceedings{budak2011limiting,
  title={Limiting the spread of misinformation in social networks},
  author={Budak, Ceren and Agrawal, Divyakant and El Abbadi, Amr},
  booktitle={Proceedings of the 20th international conference on World wide web},
  pages={665--674},
  year={2011}
}

@inproceedings{domingos2001mining,
  title={Mining the network value of customers},
  author={Domingos, Pedro and Richardson, Matt},
  booktitle={Proceedings of the seventh ACM SIGKDD international conference on Knowledge discovery and data mining},
  pages={57--66},
  year={2001}
}

@inproceedings{anagnostopoulos2008influence,
  title={Influence and correlation in social networks},
  author={Anagnostopoulos, Aris and Kumar, Ravi and Mahdian, Mohammad},
  booktitle={Proceedings of the 14th ACM SIGKDD international conference on Knowledge discovery and data mining},
  pages={7--15},
  year={2008}
}

@book{barrat2008dynamical,
  title={Dynamical processes on complex networks},
  author={Barrat, Alain and Barthelemy, Marc and Vespignani, Alessandro},
  year={2008},
  publisher={Cambridge university press}
}

@article{clifford1973model,
  title={A model for spatial conflict},
  author={Clifford, Peter and Sudbury, Aidan},
  journal={Biometrika},
  volume={60},
  number={3},
  pages={581--588},
  year={1973},
  publisher={Oxford University Press}
}

@article{holley1975ergodic,
  title={Ergodic theorems for weakly interacting infinite systems and the voter model},
  author={Holley, Richard A and Liggett, Thomas M},
  journal={The annals of probability},
  pages={643--663},
  year={1975},
  publisher={JSTOR}
}

@article{galam1999application,
  title={Application of statistical physics to politics},
  author={Galam, Serge},
  journal={Physica A: Statistical mechanics and its applications},
  volume={274},
  number={1-2},
  pages={132--139},
  year={1999},
  publisher={Elsevier}
}

@article{krapivsky2003dynamics,
  title={Dynamics of majority rule in two-state interacting spin systems},
  author={Krapivsky, Paul L and Redner, Sidney},
  journal={Physical Review Letters},
  volume={90},
  number={23},
  pages={238701},
  year={2003},
  publisher={APS}
}

@article{deffuant2000mixing,
  title={Mixing beliefs among interacting agents},
  author={Deffuant, Guillaume and Neau, David and Amblard, Frederic and Weisbuch, G{\'e}rard},
  journal={Advances in Complex Systems},
  volume={3},
  number={01n04},
  pages={87--98},
  year={2000},
  publisher={World Scientific}
}

@article{hegselmann2002opinion,
  title={Opinion dynamics and bounded confidence models, analysis, and simulation},
  author={Hegselmann, Rainer and Krause, Ulrich and others},
  journal={Journal of artificial societies and social simulation},
  volume={5},
  number={3},
  year={2002}
}


@article{castellano2009statistical,
  title={Statistical physics of social dynamics},
  author={Castellano, Claudio and Fortunato, Santo and Loreto, Vittorio},
  journal={Reviews of modern physics},
  volume={81},
  number={2},
  pages={591},
  year={2009},
  publisher={APS}
}

@article{sood2005voter,
  title={Voter model on heterogeneous graphs},
  author={Sood, Vishal and Redner, Sidney},
  journal={Physical review letters},
  volume={94},
  number={17},
  pages={178701},
  year={2005},
  publisher={APS}
}

@article{lambiotte2008majority,
  title={Majority rule on heterogeneous networks},
  author={Lambiotte, Renaud},
  journal={Journal of Physics A: Mathematical and Theoretical},
  volume={41},
  number={22},
  pages={224021},
  year={2008},
  publisher={IOP Publishing}
}

@article{masuda2015opinion,
  title={Opinion control in complex networks},
  author={Masuda, Naoki},
  journal={New Journal of Physics},
  volume={17},
  number={3},
  pages={033031},
  year={2015},
  publisher={IOP Publishing}
}

@article{yildiz2013binary,
  title={Binary opinion dynamics with stubborn agents},
  author={Yildiz, Ercan and Ozdaglar, Asuman and Acemoglu, Daron and Saberi, Amin and Scaglione, Anna},
  journal={ACM Transactions on Economics and Computation (TEAC)},
  volume={1},
  number={4},
  pages={1--30},
  year={2013},
  publisher={ACM New York, NY, USA}
}

@article{acemouglu2013opinion,
  title={Opinion fluctuations and disagreement in social networks},
  author={Acemo{\u{g}}lu, Daron and Como, Giacomo and Fagnani, Fabio and Ozdaglar, Asuman},
  journal={Mathematics of Operations Research},
  volume={38},
  number={1},
  pages={1--27},
  year={2013},
  publisher={Informs}
}

@article{mobilia2003does,
  title={Does a single zealot affect an infinite group of voters?},
  author={Mobilia, Mauro},
  journal={Physical review letters},
  volume={91},
  number={2},
  pages={028701},
  year={2003},
  publisher={APS}
}

@article{mobilia2007role,
  title={On the role of zealotry in the voter model},
  author={Mobilia, Mauro and Petersen, Anna and Redner, Sidney},
  journal={Journal of Statistical Mechanics: Theory and Experiment},
  volume={2007},
  number={08},
  pages={P08029},
  year={2007},
  publisher={IOP Publishing}
}


@article{mobilia2015nonlinear,
  title={Nonlinear q-voter model with inflexible zealots},
  author={Mobilia, Mauro},
  journal={Physical Review E},
  volume={92},
  number={1},
  pages={012803},
  year={2015},
  publisher={APS}
}

@article{masuda2010heterogeneous,
  title={Heterogeneous voter models},
  author={Masuda, Naoki and Gibert, Nicolas and Redner, Sidney},
  journal={Physical Review E},
  volume={82},
  number={1},
  pages={010103},
  year={2010},
  publisher={APS}
}

@article{kuhlman2013controlling,
  title={Controlling opinion propagation in online networks},
  author={Kuhlman, Chris J and Kumar, VS Anil and Ravi, SS},
  journal={Computer Networks},
  volume={57},
  number={10},
  pages={2121--2132},
  year={2013},
  publisher={Elsevier}
}

@inproceedings{chakraborty2019competitive,
  title={Competitive influence maximisation using voting dynamics},
  author={Chakraborty, Sukankana and Stein, Sebastian and Brede, Markus and Swami, Ananthram and de Mel, Geeth and Restocchi, Valerio},
  booktitle={Proceedings of the 2019 IEEE/ACM International Conference on Advances in Social Networks Analysis and Mining},
  pages={978--985},
  year={2019}
}


@article{masuda2013voter,
  title={Voter models with contrarian agents},
  author={Masuda, Naoki},
  journal={Physical Review E},
  volume={88},
  number={5},
  pages={052803},
  year={2013},
  publisher={APS}
}


@article{khalil2019noisy,
  title={The noisy voter model under the influence of contrarians},
  author={Khalil, Nagi and Toral, Ra{\'u}l},
  journal={Physica A: Statistical Mechanics and its Applications},
  volume={515},
  pages={81--92},
  year={2019},
  publisher={Elsevier}
}

@article{gambaro2017influence,
  title={The influence of contrarians in the dynamics of opinion formation},
  author={Gambaro, Joao Paulo and Crokidakis, Nuno},
  journal={Physica A: Statistical Mechanics and its Applications},
  volume={486},
  pages={465--472},
  year={2017},
  publisher={Elsevier}
}


@article{khalil2018zealots,
  title={Zealots in the mean-field noisy voter model},
  author={Khalil, Nagi and San Miguel, Maxi and Toral, Raul},
  journal={Physical Review E},
  volume={97},
  number={1},
  pages={012310},
  year={2018},
  publisher={APS}
}

@article{zhong2005effects,
  title={Effects of contrarians in the minority game},
  author={Zhong, Li-Xin and Zheng, Da-Fang and Zheng, Bo and Hui, PM},
  journal={Physical Review E},
  volume={72},
  number={2},
  pages={026134},
  year={2005},
  publisher={APS}
}

@article{li2011strategy,
  title={Strategy of competition between two groups based on an inflexible contrarian opinion model},
  author={Li, Qian and Braunstein, Lidia A and Havlin, Shlomo and Stanley, H Eugene},
  journal={Physical Review E},
  volume={84},
  number={6},
  pages={066101},
  year={2011},
  publisher={APS}
}

@inproceedings{leskovec2010signed,
  title={Signed networks in social media},
  author={Leskovec, Jure and Huttenlocher, Daniel and Kleinberg, Jon},
  booktitle={Proceedings of the SIGCHI conference on human factors in computing systems},
  pages={1361--1370},
  year={2010}
}

@inproceedings{chen2015influence,
  title={Influence maximization on signed social networks with integrated pagerank},
  author={Chen, Shubo and He, Kejing},
  booktitle={2015 IEEE International Conference on Smart City/SocialCom/SustainCom (SmartCity)},
  pages={289--292},
  year={2015},
  organization={IEEE}
}

@inproceedings{chen2011influence,
  title={Influence maximization in social networks when negative opinions may emerge and propagate},
  author={Chen, Wei and Collins, Alex and Cummings, Rachel and Ke, Te and Liu, Zhenming and Rincon, David and Sun, Xiaorui and Wang, Yajun and Wei, Wei and Yuan, Yifei},
  booktitle={Proceedings of the 2011 siam international conference on data mining},
  pages={379--390},
  year={2011},
  organization={SIAM}
}

@article{he2019information,
  title={Information diffusion in signed networks},
  author={He, Xiaochen and Du, Haifeng and Feldman, Marcus W and Li, Guangyu},
  journal={PloS one},
  volume={14},
  number={10},
  pages={e0224177},
  year={2019},
  publisher={Public Library of Science San Francisco, CA USA}
}


@article{hosseini2019assessing,
  title={Assessing information diffusion models for influence maximization in signed social networks},
  author={Hosseini-Pozveh, Maryam and Zamanifar, Kamran and Naghsh-Nilchi, Ahmad Reza},
  journal={Expert Systems with Applications},
  volume={119},
  pages={476--490},
  year={2019},
  publisher={Elsevier}
}

@inproceedings{girdhar2016signed,
  title={Signed social networks: a survey},
  author={Girdhar, Nancy and Bharadwaj, KK},
  booktitle={International Conference on Advances in Computing and Data Sciences},
  pages={326--335},
  year={2016},
  organization={Springer}
}

@inproceedings{jendoubi2016maximizing,
  title={Maximizing positive opinion influence using an evidential approach},
  author={Jendoubi, Siwar and Martin, Arnaud and Li{\'e}tard, Ludovic and Hadji, Hend Ben and Yaghlane, Boutheina Ben},
  booktitle={Uncertainty Modelling in Knowledge Engineering and Decision Making: Proceedings of the 12th International FLINS Conference},
  pages={168--174},
  year={2016},
  organization={World Scientific}
}


@article{ju2020new,
  title={A new algorithm for positive influence maximization in signed networks},
  author={Ju, Weijia and Chen, Ling and Li, Bin and Liu, Wei and Sheng, Jun and Wang, Yuwei},
  journal={Information Sciences},
  volume={512},
  pages={1571--1591},
  year={2020},
  publisher={Elsevier}
}


@article{li2017positive,
  title={Positive influence maximization in signed social networks based on simulated annealing},
  author={Li, Dong and Wang, Cuihua and Zhang, Shengping and Zhou, Guanglu and Chu, Dianhui and Wu, Chong},
  journal={Neurocomputing},
  volume={260},
  pages={69--78},
  year={2017},
  publisher={Elsevier}
}

@article{liu2019influence,
  title={Influence maximization on signed networks under independent cascade model},
  author={Liu, Wei and Chen, Xin and Jeon, Byeungwoo and Chen, Ling and Chen, Bolun},
  journal={Applied Intelligence},
  volume={49},
  number={3},
  pages={912--928},
  year={2019},
  publisher={Springer}
}

@article{li2014polarity,
  title={Polarity related influence maximization in signed social networks},
  author={Li, Dong and Xu, Zhi-Ming and Chakraborty, Nilanjan and Gupta, Anika and Sycara, Katia and Li, Sheng},
  journal={PloS one},
  volume={9},
  number={7},
  pages={e102199},
  year={2014},
  publisher={Public Library of Science}
}


@inproceedings{li2013influence,
  title={Influence diffusion dynamics and influence maximization in social networks with friend and foe relationships},
  author={Li, Yanhua and Chen, Wei and Wang, Yajun and Zhang, Zhi-Li},
  booktitle={Proceedings of the sixth ACM international conference on Web search and data mining},
  pages={657--666},
  year={2013}
}

@inproceedings{borgs2010novel,
  title={A novel approach to propagating distrust},
  author={Borgs, Christian and Chayes, Jennifer and Kalai, Adam Tauman and Malekian, Azarakhsh and Tennenholtz, Moshe},
  booktitle={International Workshop on Internet and Network Economics},
  pages={87--105},
  year={2010},
  organization={Springer}
}

@techreport{page1999pagerank,
  title={The PageRank citation ranking: Bringing order to the web.},
  author={Page, Lawrence and Brin, Sergey and Motwani, Rajeev and Winograd, Terry},
  year={1999},
  institution={Stanford InfoLab}
}

@article{liang2019influence,
  title={Influence maximization in signed social networks with opinion formation},
  author={Liang, Wenxin and Shen, Chengguang and Li, Xiao and Nishide, Ryo and Piumarta, Ian and Takada, Hideyuki},
  journal={IEEE Access},
  volume={7},
  pages={68837--68852},
  year={2019},
  publisher={IEEE}
}

@inproceedings{shen2015influence,
  title={Influence maximization in signed social networks},
  author={Shen, Chengguang and Nishide, Ryo and Piumarta, Ian and Takada, Hideyuki and Liang, Wenxin},
  booktitle={International Conference on Web Information Systems Engineering},
  pages={399--414},
  year={2015},
  organization={Springer}
}

@inproceedings{srivastava2015social,
  title={Social influence computation and maximization in signed networks with competing cascades},
  author={Srivastava, Ajitesh and Chelmis, Charalampos and Prasanna, Viktor K},
  booktitle={Proceedings of the 2015 IEEE/ACM International Conference on Advances in Social Networks Analysis and Mining 2015},
  pages={41--48},
  year={2015}
}


@inproceedings{guha2004propagation,
  title={Propagation of trust and distrust},
  author={Guha, Ramanthan and Kumar, Ravi and Raghavan, Prabhakar and Tomkins, Andrew},
  booktitle={Proceedings of the 13th international conference on World Wide Web},
  pages={403--412},
  year={2004}
}

@article{allcott2017social,
  title={Social media and fake news in the 2016 election},
  author={Allcott, Hunt and Gentzkow, Matthew},
  journal={Journal of economic perspectives},
  volume={31},
  number={2},
  pages={211--36},
  year={2017}
}

@article{steinert2017spontaneous,
  title={Spontaneous collective action: Peripheral mobilization during the Arab Spring},
  author={Steinert-Threlkeld, Zachary C and others},
  journal={American Political Science Review},
  volume={111},
  number={2},
  pages={379--403},
  year={2017},
  publisher={Cambridge University Press}
}


@inproceedings{kumar2016edge,
  title={Edge weight prediction in weighted signed networks},
  author={Kumar, Srijan and Spezzano, Francesca and Subrahmanian, VS and Faloutsos, Christos},
  booktitle={Data Mining (ICDM), 2016 IEEE 16th International Conference on},
  pages={221--230},
  year={2016},
  organization={IEEE}
}

@inproceedings{kumar2018rev2,
  title={Rev2: Fraudulent user prediction in rating platforms},
  author={Kumar, Srijan and Hooi, Bryan and Makhija, Disha and Kumar, Mohit and Faloutsos, Christos and Subrahmanian, VS},
  booktitle={Proceedings of the Eleventh ACM International Conference on Web Search and Data Mining},
  pages={333--341},
  year={2018},
  organization={ACM}
}

@article{bell1992note,
  title={A note on the irregularity of graphs},
  author={Bell, Francis K},
  journal={Linear Algebra and its Applications},
  volume={161},
  pages={45--54},
  year={1992},
  publisher={Elsevier}
}


@article{rombach2017core,
  title={Core-periphery structure in networks (revisited)},
  author={Rombach, Puck and Porter, Mason A and Fowler, James H and Mucha, Peter J},
  journal={SIAM review},
  volume={59},
  number={3},
  pages={619--646},
  year={2017},
  publisher={SIAM}
}

@article{barabasi2013network,
  title={Network science},
  author={Barab{\'a}si, Albert-L{\'a}szl{\'o}},
  journal={Philosophical Transactions of the Royal Society A: Mathematical, Physical and Engineering Sciences},
  volume={371},
  number={1987},
  pages={20120375},
  year={2013},
  publisher={The Royal Society Publishing}
}

@article{erdHos1960evolution,
  title={On the evolution of random graphs},
  author={Erd{\H{o}}s, Paul and R{\'e}nyi, Alfr{\'e}d},
  journal={Publ. Math. Inst. Hung. Acad. Sci},
  volume={5},
  number={1},
  pages={17--60},
  year={1960}
}

@book{newman2018networks,
  title={Networks},
  author={Newman, Mark},
  year={2018},
  publisher={Oxford university press}
}

@book{newman2011structure,
  title={The structure and dynamics of networks},
  author={Newman, Mark and Barab{\'a}si, Albert-L{\'a}szl{\'o} and Watts, Duncan J},
  year={2011},
  publisher={Princeton university press}
}

@article {PMID:28542409,
	Title = {Voting contagion: Modeling and analysis of a century of U.S. presidential elections},
	Author = {Braha, Dan and de Aguiar, Marcus A M},
	Number = {5},
	Volume = {12},
	Year = {2017},
	Journal = {PloS one},
	ISSN = {1932-6203},
	Pages = {e0177970},
}



@article{hucompeting,
 author = {Hu, Haibo},
 title = {Competing opinion diffusion on social networks},
 journal = {Royal Society open science 4. 11},
 volume = {11},
 year = {2017}
}


@article{souzadynamical,
 author = {Souza, S. R. and Sebastian Goncalves},
 title = {Dynamical model for competing opinions},
 journal = {Physical Review E 85. 5},
 year = {2012},
 volume = {5}
}

@inproceedings{prakash2012winner,
  title={Winner takes all: competing viruses or ideas on fair-play networks},
  author={Prakash, B Aditya and Beutel, Alex and Rosenfeld, Roni and Faloutsos, Christos},
  booktitle={Proceedings of the 21st international conference on World Wide Web},
  pages={1037--1046},
  year={2012}
}


@article{chen2011projection,
  title={Projection onto a simplex},
  author={Chen, Yunmei and Ye, Xiaojing},
  journal={arXiv preprint arXiv:1101.6081},
  year={2011}
}


@book{boyd2004convex,
  title={Convex optimization},
  author={Boyd, Stephen and Vandenberghe, Lieven},
  year={2004},
  publisher={Cambridge university press}
}

@article{li2018influence,
  title={Influence maximization on social graphs: A survey},
  author={Li, Yuchen and Fan, Ju and Wang, Yanhao and Tan, Kian-Lee},
  journal={IEEE Transactions on Knowledge and Data Engineering},
  volume={30},
  number={10},
  pages={1852--1872},
  year={2018},
  publisher={IEEE}
}

@article{peng2018influence,
  title={Influence analysis in social networks: A survey},
  author={Peng, Sancheng and Zhou, Yongmei and Cao, Lihong and Yu, Shui and Niu, Jianwei and Jia, Weijia},
  journal={Journal of Network and Computer Applications},
  volume={106},
  pages={17--32},
  year={2018},
  publisher={Elsevier}
}

@article{noorazar2020recent,
  title={Recent advances in opinion propagation dynamics: a 2020 survey},
  author={Noorazar, Hossein},
  journal={The European Physical Journal Plus},
  volume={135},
  number={6},
  pages={1--20},
  year={2020},
  publisher={Springer}
}

@article{cheng2020outbreak,
  title={Outbreak minimization vs influence maximization: an optimization framework},
  author={Cheng, Chun-Hung and Kuo, Yong-Hong and Zhou, Ziye},
  journal={BMC Medical Informatics and Decision Making},
  volume={20},
  number={1},
  pages={1--13},
  year={2020},
  publisher={BioMed Central}
}

@inproceedings{tripathy2010study,
  title={A study of rumor control strategies on social networks},
  author={Tripathy, Rudra M and Bagchi, Amitabha and Mehta, Sameep},
  booktitle={Proceedings of the 19th ACM international conference on Information and knowledge management},
  pages={1817--1820},
  year={2010}
}

@book{rogers2010diffusion,
  title={Diffusion of innovations},
  author={Rogers, Everett M},
  year={2010},
  publisher={Simon and Schuster}
}

@inproceedings{wilder2018end,
  title={End-to-End Influence Maximization in the Field.},
  author={Wilder, Bryan and Onasch-Vera, Laura and Hudson, Juliana and Luna, Jose and Wilson, Nicole and Petering, Robin and Woo, Darlene and Tambe, Milind and Rice, Eric},
  booktitle={AAMAS},
  volume={18},
  pages={1414--1422},
  year={2018}
}

@misc{myers1996social,
  title={Social psychology},
  author={Myers, David G and others}
}

@inproceedings{ranganath2016understanding,
  title={Understanding and identifying advocates for political campaigns on social media},
  author={Ranganath, Suhas and Hu, Xia and Tang, Jiliang and Liu, Huan},
  booktitle={Proceedings of the Ninth ACM International Conference on Web Search and Data Mining},
  pages={43--52},
  year={2016}
}

@book{watts2007viral,
  title={Viral marketing for the real world},
  author={Watts, Duncan J and Peretti, Jonah and Frumin, Michael},
  year={2007},
  publisher={Harvard Business School Pub. Boston}
}

@article{bennett2018disinformation,
  title={The disinformation order: Disruptive communication and the decline of democratic institutions},
  author={Bennett, W Lance and Livingston, Steven},
  journal={European journal of communication},
  volume={33},
  number={2},
  pages={122--139},
  year={2018},
  publisher={SAGE Publications Sage UK: London, England}
}

@article{vosoughi2018spread,
  title={The spread of true and false news online},
  author={Vosoughi, Soroush and Roy, Deb and Aral, Sinan},
  journal={Science},
  volume={359},
  number={6380},
  pages={1146--1151},
  year={2018},
  publisher={American Association for the Advancement of Science}
}

@article{nelson2020danger,
  title={The Danger of Misinformation in the COVID-19 Crisis},
  author={Nelson, Taylor and Kagan, Nicole and Critchlow, Claire and Hillard, Alan and Hsu, Albert},
  journal={Missouri Medicine},
  volume={117},
  number={6},
  pages={510},
  year={2020},
  publisher={Missouri State Medical Association}
}

@article{perrin2015social,
  title={Social media usage},
  author={Perrin, Andrew},
  journal={Pew research center},
  volume={125},
  pages={52--68},
  year={2015}
}

@article{watts2007influentials,
  title={Influentials, networks, and public opinion formation},
  author={Watts, Duncan J and Dodds, Peter Sheridan},
  journal={Journal of consumer research},
  volume={34},
  number={4},
  pages={441--458},
  year={2007},
  publisher={The University of Chicago Press}
}

@article{harrigan2017avoidance,
  title={Avoidance in negative ties: Inhibiting closure, reciprocity, and homophily},
  author={Harrigan, Nicholas and Yap, Janice},
  journal={Social Networks},
  volume={48},
  pages={126--141},
  year={2017},
  publisher={Elsevier}
}

@article{offer2021negative,
  title={Negative Social Ties: Prevalence and Consequences},
  author={Offer, Shira},
  journal={Annual Review of Sociology},
  volume={47},
  year={2021},
  publisher={Annual Reviews}
}

@article{bae2012sentiment,
  title={Sentiment analysis of twitter audiences: Measuring the positive or negative influence of popular twitterers},
  author={Bae, Younggue and Lee, Hongchul},
  journal={Journal of the American Society for Information Science and technology},
  volume={63},
  number={12},
  pages={2521--2535},
  year={2012},
  publisher={Wiley Online Library}
}

@article{pfeffer2014understanding,
  title={Understanding online firestorms: Negative word-of-mouth dynamics in social media networks},
  author={Pfeffer, J{\"u}rgen and Zorbach, Thomas and Carley, Kathleen M},
  journal={Journal of Marketing Communications},
  volume={20},
  number={1-2},
  pages={117--128},
  year={2014},
  publisher={Taylor \& Francis}
}

@inproceedings{leskovec2010predicting,
  title={Predicting positive and negative links in online social networks},
  author={Leskovec, Jure and Huttenlocher, Daniel and Kleinberg, Jon},
  booktitle={Proceedings of the 19th international conference on World wide web},
  pages={641--650},
  year={2010}
}

@article{newman2003structure,
  title={The structure and function of complex networks},
  author={Newman, Mark EJ},
  journal={SIAM review},
  volume={45},
  number={2},
  pages={167--256},
  year={2003},
  publisher={SIAM}
}

@article{romero2021shadowing,
  title={Shadowing and shielding: Effective heuristics for continuous influence maximisation in the voting dynamics},
  author={Romero Moreno, Guillermo and Chakraborty, Sukankana and Brede, Markus},
  journal={Plos one},
  volume={16},
  number={6},
  pages={e0252515},
  year={2021},
  publisher={Public Library of Science San Francisco, CA USA}
}

@article{redner2019reality,
  title={Reality-inspired voter models: A mini-review},
  author={Redner, Sidney},
  journal={Comptes Rendus Physique},
  volume={20},
  number={4},
  pages={275--292},
  year={2019},
  publisher={Elsevier}
}

@inproceedings{chen2018negative,
  title={Negative-aware influence maximization on social networks},
  author={Chen, Yipeng and Li, Hongyan and Qu, Qiang},
  booktitle={Proceedings of the AAAI Conference on Artificial Intelligence},
  volume={32},
  number={1},
  year={2018}
}

@article{banerjee2020survey,
  title={A survey on influence maximization in a social network},
  author={Banerjee, Suman and Jenamani, Mamata and Pratihar, Dilip Kumar},
  journal={Knowledge and Information Systems},
  volume={62},
  number={9},
  pages={3417--3455},
  year={2020},
  publisher={Springer}
}


@article{lynn2016maximizing,
  title={Maximizing influence in an ising network: A mean-field optimal solution},
  author={Lynn, Christopher and Lee, Daniel D},
  journal={Advances in neural information processing systems},
  volume={29},
  year={2016}
}
