% Use this file for citations not found in the ACL Anthology (contained in "anthology.bib").
@inproceedings{zhu2023promptrobust,
  title={Promptrobust: Towards evaluating the robustness of large language models on adversarial prompts},
  author={Zhu, Kaijie and Wang, Jindong and Zhou, Jiaheng and Wang, Zichen and Chen, Hao and Wang, Yidong and Yang, Linyi and Ye, Wei and Zhang, Yue and Gong, Neil and others},
  booktitle={Proceedings of the 1st ACM Workshop on Large AI Systems and Models with Privacy and Safety Analysis},
  pages={57--68},
  year={2023}
}


@article{yin2022interpreting,
  title={Interpreting language models with contrastive explanations},
  author={Yin, Kayo and Neubig, Graham},
  journal={arXiv preprint arXiv:2202.10419},
  year={2022}
}


@book{Aho:72,
    author  = {Alfred V. Aho and Jeffrey D. Ullman},
    title   = {The Theory of Parsing, Translation and Compiling},
    year    = "1972",
    volume  = "1",
    publisher = {Prentice-Hall},
    address = {Englewood Cliffs, NJ}
}

@book{APA:83,
    author  = {{American Psychological Association}},
    title   = {Publications Manual},
    year    = "1983",
    publisher = {American Psychological Association},
    address = {Washington, DC}
}

@article{Chandra:81,
	author = {Ashok K. Chandra and Dexter C. Kozen and Larry J. Stockmeyer},
	year = "1981",
	title = {Alternation},
	journal = {Journal of the Association for Computing Machinery},
	volume = "28",
	number = "1",
	pages = "114--133",
	doi = "10.1145/322234.322243",
}

@inproceedings{andrew2007scalable,
  title={Scalable training of {L1}-regularized log-linear models},
  author={Andrew, Galen and Gao, Jianfeng},
  booktitle={Proceedings of the 24th International Conference on Machine Learning},
  pages={33--40},
  year={2007},
}

@book{Gusfield:97,
    author  = {Dan Gusfield},
    title   = {Algorithms on Strings, Trees and Sequences},
    year    = "1997",
    publisher = {Cambridge University Press},
    address = {Cambridge, UK}
}

@article{rasooli-tetrault-2015,
    author    = {Mohammad Sadegh Rasooli and Joel R. Tetreault},
    title     = {Yara Parser: {A} Fast and Accurate Dependency Parser},
    journal   = {Computing Research Repository},
    volume    = {arXiv:1503.06733},
    year      = {2015},
    url       = {http://arxiv.org/abs/1503.06733},
    note    = {version 2}
}

@article{Ando2005,
	Acmid = {1194905},
	Author = {Ando, Rie Kubota and Zhang, Tong},
	Issn = {1532-4435},
	Issue_Date = {12/1/2005},
	Journal = {Journal of Machine Learning Research},
	Month = dec,
	Numpages = {37},
	Pages = {1817--1853},
	Publisher = {JMLR.org},
	Title = {A Framework for Learning Predictive Structures from Multiple Tasks and Unlabeled Data},
	Volume = {6},
	Year = {2005}
}

@article{llamaseries,
  author       = {Hugo Touvron and
                  Thibaut Lavril and
                  Gautier Izacard and
                  Xavier Martinet and
                  Marie{-}Anne Lachaux and
                  Timoth{\'{e}}e Lacroix and
                  Baptiste Rozi{\`{e}}re and
                  Naman Goyal and
                  Eric Hambro and
                  Faisal Azhar and
                  Aur{\'{e}}lien Rodriguez and
                  Armand Joulin and
                  Edouard Grave and
                  Guillaume Lample},
  title        = {LLaMA: Open and Efficient Foundation Language Models},
  journal      = {CoRR},
  volume       = {abs/2302.13971},
  year         = {2023},
  url          = {https://doi.org/10.48550/arXiv.2302.13971},
  doi          = {10.48550/ARXIV.2302.13971},
  eprinttype    = {arXiv},
  eprint       = {2302.13971},
  timestamp    = {Mon, 28 Aug 2023 21:26:20 +0200},
  biburl       = {https://dblp.org/rec/journals/corr/abs-2302-13971.bib},
  bibsource    = {dblp computer science bibliography, https://dblp.org}
}


@article{gptseries,
  author       = {OpenAI},
  title        = {{GPT-4} Technical Report},
  journal      = {CoRR},
  volume       = {abs/2303.08774},
  year         = {2024},
  url          = {https://doi.org/10.48550/arXiv.2303.08774},
  doi          = {10.48550/ARXIV.2303.08774},
  eprinttype    = {arXiv},
  eprint       = {2303.08774},
  timestamp    = {Mon, 28 Aug 2023 21:26:19 +0200},
  biburl       = {https://dblp.org/rec/journals/corr/abs-2303-08774.bib},
  bibsource    = {dblp computer science bibliography, https://dblp.org}
}


@article{DBLP:journals/corr/abs-2304-05332,
  author       = {Daniil A. Boiko and
                  Robert MacKnight and
                  Gabe Gomes},
  title        = {Emergent autonomous scientific research capabilities of large language
                  models},
  journal      = {CoRR},
  volume       = {abs/2304.05332},
  year         = {2023},
  url          = {https://doi.org/10.48550/arXiv.2304.05332},
  doi          = {10.48550/ARXIV.2304.05332},
  eprinttype    = {arXiv},
  eprint       = {2304.05332},
  timestamp    = {Thu, 20 Apr 2023 14:44:53 +0200},
  biburl       = {https://dblp.org/rec/journals/corr/abs-2304-05332.bib},
  bibsource    = {dblp computer science bibliography, https://dblp.org}
}

@inproceedings{DBLP:conf/naacl/HeLGJZLJYDC24,
  author       = {Xingwei He and
                  Zhenghao Lin and
                  Yeyun Gong and
                  A{-}Long Jin and
                  Hang Zhang and
                  Chen Lin and
                  Jian Jiao and
                  Siu Ming Yiu and
                  Nan Duan and
                  Weizhu Chen},
  editor       = {Yi Yang and
                  Aida Davani and
                  Avi Sil and
                  Anoop Kumar},
  title        = {AnnoLLM: Making Large Language Models to Be Better Crowdsourced Annotators},
  booktitle    = {Proceedings of the 2024 Conference of the North American Chapter of
                  the Association for Computational Linguistics: Human Language Technologies:
                  Industry Track, {NAACL} 2024, Mexico City, Mexico, June 16-21, 2024},
  pages        = {165--190},
  publisher    = {Association for Computational Linguistics},
  year         = {2024},
  url          = {https://doi.org/10.18653/v1/2024.naacl-industry.15},
  doi          = {10.18653/V1/2024.NAACL-INDUSTRY.15},
  timestamp    = {Thu, 12 Sep 2024 13:29:32 +0200},
  biburl       = {https://dblp.org/rec/conf/naacl/HeLGJZLJYDC24.bib},
  bibsource    = {dblp computer science bibliography, https://dblp.org}
}

@article{DBLP:journals/corr/abs-2411-03292,
  author       = {Jingyu Xiao and
                  Yuxuan Wan and
                  Yintong Huo and
                  Zhiyao Xu and
                  Michael R. Lyu},
  title        = {Interaction2Code: How Far Are We From Automatic Interactive Webpage
                  Generation?},
  journal      = {CoRR},
  volume       = {abs/2411.03292},
  year         = {2024},
  url          = {https://doi.org/10.48550/arXiv.2411.03292},
  doi          = {10.48550/ARXIV.2411.03292},
  eprinttype    = {arXiv},
  eprint       = {2411.03292},
  timestamp    = {Wed, 01 Jan 2025 10:39:15 +0100},
  biburl       = {https://dblp.org/rec/journals/corr/abs-2411-03292.bib},
  bibsource    = {dblp computer science bibliography, https://dblp.org}
}


@inproceedings{DBLP:conf/emnlp/LiGFXHMS23,
  author       = {Haoran Li and
                  Dadi Guo and
                  Wei Fan and
                  Mingshi Xu and
                  Jie Huang and
                  Fanpu Meng and
                  Yangqiu Song},
  editor       = {Houda Bouamor and
                  Juan Pino and
                  Kalika Bali},
  title        = {Multi-step Jailbreaking Privacy Attacks on ChatGPT},
  booktitle    = {Findings of the Association for Computational Linguistics: {EMNLP}
                  2023, Singapore, December 6-10, 2023},
  pages        = {4138--4153},
  publisher    = {Association for Computational Linguistics},
  year         = {2023},
  url          = {https://doi.org/10.18653/v1/2023.findings-emnlp.272},
  doi          = {10.18653/V1/2023.FINDINGS-EMNLP.272},
  timestamp    = {Sun, 06 Oct 2024 21:00:51 +0200},
  biburl       = {https://dblp.org/rec/conf/emnlp/LiGFXHMS23.bib},
  bibsource    = {dblp computer science bibliography, https://dblp.org}
}

@inproceedings{artprompt,
  author       = {Fengqing Jiang and
                  Zhangchen Xu and
                  Luyao Niu and
                  Zhen Xiang and
                  Bhaskar Ramasubramanian and
                  Bo Li and
                  Radha Poovendran},
  editor       = {Lun{-}Wei Ku and
                  Andre Martins and
                  Vivek Srikumar},
  title        = {ArtPrompt: {ASCII} Art-based Jailbreak Attacks against Aligned LLMs},
  booktitle    = {Proceedings of the 62nd Annual Meeting of the Association for Computational
                  Linguistics (Volume 1: Long Papers), {ACL} 2024, Bangkok, Thailand,
                  August 11-16, 2024},
  pages        = {15157--15173},
  publisher    = {Association for Computational Linguistics},
  year         = {2024},
  url          = {https://doi.org/10.18653/v1/2024.acl-long.809},
  doi          = {10.18653/V1/2024.ACL-LONG.809},
  timestamp    = {Tue, 24 Sep 2024 10:55:35 +0200},
  biburl       = {https://dblp.org/rec/conf/acl/JiangXNXR0P24.bib},
  bibsource    = {dblp computer science bibliography, https://dblp.org}
}


@inproceedings{cipherchat,
  author       = {Youliang Yuan and
                  Wenxiang Jiao and
                  Wenxuan Wang and
                  Jen{-}tse Huang and
                  Pinjia He and
                  Shuming Shi and
                  Zhaopeng Tu},
  title        = {{GPT-4} Is Too Smart To Be Safe: Stealthy Chat with LLMs via Cipher},
  booktitle    = {The Twelfth International Conference on Learning Representations,
                  {ICLR} 2024, Vienna, Austria, May 7-11, 2024},
  publisher    = {OpenReview.net},
  year         = {2024},
  url          = {https://openreview.net/forum?id=MbfAK4s61A},
  timestamp    = {Thu, 08 Aug 2024 12:56:51 +0200},
  biburl       = {https://dblp.org/rec/conf/iclr/YuanJW0H0T24.bib},
  bibsource    = {dblp computer science bibliography, https://dblp.org}
}


@inproceedings{codeattack,
  author       = {Qibing Ren and
                  Chang Gao and
                  Jing Shao and
                  Junchi Yan and
                  Xin Tan and
                  Wai Lam and
                  Lizhuang Ma},
  editor       = {Lun{-}Wei Ku and
                  Andre Martins and
                  Vivek Srikumar},
  title        = {CodeAttack: Revealing Safety Generalization Challenges of Large Language
                  Models via Code Completion},
  booktitle    = {Findings of the Association for Computational Linguistics, {ACL} 2024,
                  Bangkok, Thailand and virtual meeting, August 11-16, 2024},
  pages        = {11437--11452},
  publisher    = {Association for Computational Linguistics},
  year         = {2024},
  url          = {https://doi.org/10.18653/v1/2024.findings-acl.679},
  doi          = {10.18653/V1/2024.FINDINGS-ACL.679},
  timestamp    = {Wed, 13 Nov 2024 17:13:08 +0100},
  biburl       = {https://dblp.org/rec/conf/acl/RenGSYTLM24.bib},
  bibsource    = {dblp computer science bibliography, https://dblp.org}
}

@article{codechameleon,
  author       = {Huijie Lv and
                  Xiao Wang and
                  Yuansen Zhang and
                  Caishuang Huang and
                  Shihan Dou and
                  Junjie Ye and
                  Tao Gui and
                  Qi Zhang and
                  Xuanjing Huang},
  title        = {CodeChameleon: Personalized Encryption Framework for Jailbreaking
                  Large Language Models},
  journal      = {CoRR},
  volume       = {abs/2402.16717},
  year         = {2024},
  url          = {https://doi.org/10.48550/arXiv.2402.16717},
  doi          = {10.48550/ARXIV.2402.16717},
  eprinttype    = {arXiv},
  eprint       = {2402.16717},
  timestamp    = {Thu, 25 Jul 2024 09:08:59 +0200},
  biburl       = {https://dblp.org/rec/journals/corr/abs-2402-16717.bib},
  bibsource    = {dblp computer science bibliography, https://dblp.org}
}


@article{DBLP:journals/corr/abs-2411-12762,
  author       = {Yu Peng and
                  Zewen Long and
                  Fangming Dong and
                  Congyi Li and
                  Shu Wu and
                  Kai Chen},
  title        = {Playing Language Game with LLMs Leads to Jailbreaking},
  journal      = {CoRR},
  volume       = {abs/2411.12762},
  year         = {2024},
  url          = {https://doi.org/10.48550/arXiv.2411.12762},
  doi          = {10.48550/ARXIV.2411.12762},
  eprinttype    = {arXiv},
  eprint       = {2411.12762},
  timestamp    = {Wed, 01 Jan 2025 13:20:17 +0100},
  biburl       = {https://dblp.org/rec/journals/corr/abs-2411-12762.bib},
  bibsource    = {dblp computer science bibliography, https://dblp.org}
}


@misc{
    morse,
    author = "Boaz Barak",
    title = "Another jailbreak for gpt4: Talk to it in morse code",
    year = {2023},
    note = {https://twitter.com/boazbaraktcs/
            status/1637657623100096513.}
}


@misc{
    gpt-4o,
    author = "OpenAI",
    title = "Hello gpt-4o",
    year = {2024},
    note = {https://openai.com/index/hello-gpt-4o/.}
}

@misc{
    OpenAI23,
    author = "OpenAI",
    title = "Chatgpt",
    year = {2023},
    note = {https://openai.com/chatgpt.}
}


@misc{
    Anthropic23,
    author = "Anthropic",
    title = "Model card and evaluations for claude models",
    year = {2023},
    note = {https://www-files.anthropic.com/production/images/Model-Card-Claude-2.pdf.}
}


@inproceedings{Jailbroken,
  author       = {Alexander Wei and
                  Nika Haghtalab and
                  Jacob Steinhardt},
  editor       = {Alice Oh and
                  Tristan Naumann and
                  Amir Globerson and
                  Kate Saenko and
                  Moritz Hardt and
                  Sergey Levine},
  title        = {Jailbroken: How Does {LLM} Safety Training Fail?},
  booktitle    = {Advances in Neural Information Processing Systems 36: Annual Conference
                  on Neural Information Processing Systems 2023, NeurIPS 2023, New Orleans,
                  LA, USA, December 10 - 16, 2023},
  year         = {2023},
  url          = {http://papers.nips.cc/paper\_files/paper/2023/hash/fd6613131889a4b656206c50a8bd7790-Abstract-Conference.html},
  timestamp    = {Fri, 01 Mar 2024 16:26:21 +0100},
  biburl       = {https://dblp.org/rec/conf/nips/0001HS23.bib},
  bibsource    = {dblp computer science bibliography, https://dblp.org}
}


@article{GCG,
  author       = {Andy Zou and
                  Zifan Wang and
                  J. Zico Kolter and
                  Matt Fredrikson},
  title        = {Universal and Transferable Adversarial Attacks on Aligned Language
                  Models},
  journal      = {CoRR},
  volume       = {abs/2307.15043},
  year         = {2023},
  url          = {https://doi.org/10.48550/arXiv.2307.15043},
  doi          = {10.48550/ARXIV.2307.15043},
  eprinttype    = {arXiv},
  eprint       = {2307.15043},
  timestamp    = {Sun, 06 Oct 2024 21:23:57 +0200},
  biburl       = {https://dblp.org/rec/journals/corr/abs-2307-15043.bib},
  bibsource    = {dblp computer science bibliography, https://dblp.org}
}


@article{paraphrase,
  author       = {Neel Jain and
                  Avi Schwarzschild and
                  Yuxin Wen and
                  Gowthami Somepalli and
                  John Kirchenbauer and
                  Ping{-}yeh Chiang and
                  Micah Goldblum and
                  Aniruddha Saha and
                  Jonas Geiping and
                  Tom Goldstein},
  title        = {Baseline Defenses for Adversarial Attacks Against Aligned Language
                  Models},
  journal      = {CoRR},
  volume       = {abs/2309.00614},
  year         = {2023},
  url          = {https://doi.org/10.48550/arXiv.2309.00614},
  doi          = {10.48550/ARXIV.2309.00614},
  eprinttype    = {arXiv},
  eprint       = {2309.00614},
  timestamp    = {Mon, 11 Sep 2023 16:01:35 +0200},
  biburl       = {https://dblp.org/rec/journals/corr/abs-2309-00614.bib},
  bibsource    = {dblp computer science bibliography, https://dblp.org}
}


@article{SmoothLLM,
  author       = {Alexander Robey and
                  Eric Wong and
                  Hamed Hassani and
                  George J. Pappas},
  title        = {SmoothLLM: Defending Large Language Models Against Jailbreaking Attacks},
  journal      = {CoRR},
  volume       = {abs/2310.03684},
  year         = {2023},
  url          = {https://doi.org/10.48550/arXiv.2310.03684},
  doi          = {10.48550/ARXIV.2310.03684},
  eprinttype    = {arXiv},
  eprint       = {2310.03684},
  timestamp    = {Sun, 06 Oct 2024 21:24:12 +0200},
  biburl       = {https://dblp.org/rec/journals/corr/abs-2310-03684.bib},
  bibsource    = {dblp computer science bibliography, https://dblp.org}
}


@inproceedings{ARCA,
  author       = {Erik Jones and
                  Anca D. Dragan and
                  Aditi Raghunathan and
                  Jacob Steinhardt},
  editor       = {Andreas Krause and
                  Emma Brunskill and
                  Kyunghyun Cho and
                  Barbara Engelhardt and
                  Sivan Sabato and
                  Jonathan Scarlett},
  title        = {Automatically Auditing Large Language Models via Discrete Optimization},
  booktitle    = {International Conference on Machine Learning, {ICML} 2023, 23-29 July
                  2023, Honolulu, Hawaii, {USA}},
  series       = {Proceedings of Machine Learning Research},
  volume       = {202},
  pages        = {15307--15329},
  publisher    = {{PMLR}},
  year         = {2023},
  url          = {https://proceedings.mlr.press/v202/jones23a.html},
  timestamp    = {Mon, 28 Aug 2023 17:23:08 +0200},
  biburl       = {https://dblp.org/rec/conf/icml/JonesDRS23.bib},
  bibsource    = {dblp computer science bibliography, https://dblp.org}
}


@inproceedings{AutoDAN,
  author       = {Xiaogeng Liu and
                  Nan Xu and
                  Muhao Chen and
                  Chaowei Xiao},
  title        = {AutoDAN: Generating Stealthy Jailbreak Prompts on Aligned Large Language
                  Models},
  booktitle    = {The Twelfth International Conference on Learning Representations,
                  {ICLR} 2024, Vienna, Austria, May 7-11, 2024},
  publisher    = {OpenReview.net},
  year         = {2024},
  url          = {https://openreview.net/forum?id=7Jwpw4qKkb},
  timestamp    = {Wed, 07 Aug 2024 17:11:53 +0200},
  biburl       = {https://dblp.org/rec/conf/iclr/LiuXCX24.bib},
  bibsource    = {dblp computer science bibliography, https://dblp.org}
}


@article{PAIR,
  author       = {Patrick Chao and
                  Alexander Robey and
                  Edgar Dobriban and
                  Hamed Hassani and
                  George J. Pappas and
                  Eric Wong},
  title        = {Jailbreaking Black Box Large Language Models in Twenty Queries},
  journal      = {CoRR},
  volume       = {abs/2310.08419},
  year         = {2023},
  url          = {https://doi.org/10.48550/arXiv.2310.08419},
  doi          = {10.48550/ARXIV.2310.08419},
  eprinttype    = {arXiv},
  eprint       = {2310.08419},
  timestamp    = {Sun, 06 Oct 2024 21:24:14 +0200},
  biburl       = {https://dblp.org/rec/journals/corr/abs-2310-08419.bib},
  bibsource    = {dblp computer science bibliography, https://dblp.org}
}


@book{nltk,
  author       = {Steven Bird and
                  Ewan Klein and
                  Edward Loper},
  title        = {Natural Language Processing with Python},
  publisher    = {O'Reilly},
  year         = {2009},
  url          = {http://www.oreilly.de/catalog/9780596516499/index.html},
  isbn         = {978-0-596-51649-9},
  timestamp    = {Wed, 25 Jan 2023 16:59:38 +0100},
  biburl       = {https://dblp.org/rec/books/daglib/0022921.bib},
  bibsource    = {dblp computer science bibliography, https://dblp.org}
}


@inproceedings{DBLP:conf/icml/JonesDRS23,
  author       = {Erik Jones and
                  Anca D. Dragan and
                  Aditi Raghunathan and
                  Jacob Steinhardt},
  editor       = {Andreas Krause and
                  Emma Brunskill and
                  Kyunghyun Cho and
                  Barbara Engelhardt and
                  Sivan Sabato and
                  Jonathan Scarlett},
  title        = {Automatically Auditing Large Language Models via Discrete Optimization},
  booktitle    = {International Conference on Machine Learning, {ICML} 2023, 23-29 July
                  2023, Honolulu, Hawaii, {USA}},
  series       = {Proceedings of Machine Learning Research},
  volume       = {202},
  pages        = {15307--15329},
  publisher    = {{PMLR}},
  year         = {2023},
  url          = {https://proceedings.mlr.press/v202/jones23a.html},
  timestamp    = {Mon, 28 Aug 2023 17:23:08 +0200},
  biburl       = {https://dblp.org/rec/conf/icml/JonesDRS23.bib},
  bibsource    = {dblp computer science bibliography, https://dblp.org}
}


@inproceedings{DBLP:conf/iclr/LiuXCX24,
  author       = {Xiaogeng Liu and
                  Nan Xu and
                  Muhao Chen and
                  Chaowei Xiao},
  title        = {AutoDAN: Generating Stealthy Jailbreak Prompts on Aligned Large Language
                  Models},
  booktitle    = {The Twelfth International Conference on Learning Representations,
                  {ICLR} 2024, Vienna, Austria, May 7-11, 2024},
  publisher    = {OpenReview.net},
  year         = {2024},
  url          = {https://openreview.net/forum?id=7Jwpw4qKkb},
  timestamp    = {Wed, 07 Aug 2024 17:11:53 +0200},
  biburl       = {https://dblp.org/rec/conf/iclr/LiuXCX24.bib},
  bibsource    = {dblp computer science bibliography, https://dblp.org}
}

@article{DBLP:journals/corr/abs-2311-03348,
  author       = {Rusheb Shah and
                  Quentin Feuillade{-}Montixi and
                  Soroush Pour and
                  Arush Tagade and
                  Stephen Casper and
                  Javier Rando},
  title        = {Scalable and Transferable Black-Box Jailbreaks for Language Models
                  via Persona Modulation},
  journal      = {CoRR},
  volume       = {abs/2311.03348},
  year         = {2023},
  url          = {https://doi.org/10.48550/arXiv.2311.03348},
  doi          = {10.48550/ARXIV.2311.03348},
  eprinttype    = {arXiv},
  eprint       = {2311.03348},
  timestamp    = {Wed, 08 Nov 2023 15:46:55 +0100},
  biburl       = {https://dblp.org/rec/journals/corr/abs-2311-03348.bib},
  bibsource    = {dblp computer science bibliography, https://dblp.org}
}


@inproceedings{PsySafe,
  author       = {Zaibin Zhang and
                  Yongting Zhang and
                  Lijun Li and
                  Jing Shao and
                  Hongzhi Gao and
                  Yu Qiao and
                  Lijun Wang and
                  Huchuan Lu and
                  Feng Zhao},
  editor       = {Lun{-}Wei Ku and
                  Andre Martins and
                  Vivek Srikumar},
  title        = {PsySafe: {A} Comprehensive Framework for Psychological-based Attack,
                  Defense, and Evaluation of Multi-agent System Safety},
  booktitle    = {Proceedings of the 62nd Annual Meeting of the Association for Computational
                  Linguistics (Volume 1: Long Papers), {ACL} 2024, Bangkok, Thailand,
                  August 11-16, 2024},
  pages        = {15202--15231},
  publisher    = {Association for Computational Linguistics},
  year         = {2024},
  url          = {https://doi.org/10.18653/v1/2024.acl-long.812},
  doi          = {10.18653/V1/2024.ACL-LONG.812},
  timestamp    = {Wed, 09 Oct 2024 07:38:20 +0200},
  biburl       = {https://dblp.org/rec/conf/acl/ZhangZLSG0WLZ24.bib},
  bibsource    = {dblp computer science bibliography, https://dblp.org}
}


@article{DBLP:journals/corr/abs-2310-08419,
  author       = {Patrick Chao and
                  Alexander Robey and
                  Edgar Dobriban and
                  Hamed Hassani and
                  George J. Pappas and
                  Eric Wong},
  title        = {Jailbreaking Black Box Large Language Models in Twenty Queries},
  journal      = {CoRR},
  volume       = {abs/2310.08419},
  year         = {2023},
  url          = {https://doi.org/10.48550/arXiv.2310.08419},
  doi          = {10.48550/ARXIV.2310.08419},
  eprinttype    = {arXiv},
  eprint       = {2310.08419},
  timestamp    = {Sun, 06 Oct 2024 21:24:14 +0200},
  biburl       = {https://dblp.org/rec/journals/corr/abs-2310-08419.bib},
  bibsource    = {dblp computer science bibliography, https://dblp.org}
}



@inproceedings{gpt4-judge,
  author       = {Xiangyu Qi and
                  Yi Zeng and
                  Tinghao Xie and
                  Pin{-}Yu Chen and
                  Ruoxi Jia and
                  Prateek Mittal and
                  Peter Henderson},
  title        = {Fine-tuning Aligned Language Models Compromises Safety, Even When
                  Users Do Not Intend To!},
  booktitle    = {The Twelfth International Conference on Learning Representations,
                  {ICLR} 2024, Vienna, Austria, May 7-11, 2024},
  publisher    = {OpenReview.net},
  year         = {2024},
  url          = {https://openreview.net/forum?id=hTEGyKf0dZ},
  timestamp    = {Mon, 29 Jul 2024 17:17:48 +0200},
  biburl       = {https://dblp.org/rec/conf/iclr/Qi0XC0M024.bib},
  bibsource    = {dblp computer science bibliography, https://dblp.org}
}


@inproceedings{DBLP:conf/acl/0005LZY0S24,
  author       = {Yi Zeng and
                  Hongpeng Lin and
                  Jingwen Zhang and
                  Diyi Yang and
                  Ruoxi Jia and
                  Weiyan Shi},
  editor       = {Lun{-}Wei Ku and
                  Andre Martins and
                  Vivek Srikumar},
  title        = {How Johnny Can Persuade LLMs to Jailbreak Them: Rethinking Persuasion
                  to Challenge {AI} Safety by Humanizing LLMs},
  booktitle    = {Proceedings of the 62nd Annual Meeting of the Association for Computational
                  Linguistics (Volume 1: Long Papers), {ACL} 2024, Bangkok, Thailand,
                  August 11-16, 2024},
  pages        = {14322--14350},
  publisher    = {Association for Computational Linguistics},
  year         = {2024},
  url          = {https://doi.org/10.18653/v1/2024.acl-long.773},
  doi          = {10.18653/V1/2024.ACL-LONG.773},
  timestamp    = {Tue, 24 Sep 2024 10:55:41 +0200},
  biburl       = {https://dblp.org/rec/conf/acl/0005LZY0S24.bib},
  bibsource    = {dblp computer science bibliography, https://dblp.org}
}


@article{DBLP:journals/corr/abs-2410-10700,
  author       = {Qibing Ren and
                  Hao Li and
                  Dongrui Liu and
                  Zhanxu Xie and
                  Xiaoya Lu and
                  Yu Qiao and
                  Lei Sha and
                  Junchi Yan and
                  Lizhuang Ma and
                  Jing Shao},
  title        = {Derail Yourself: Multi-turn {LLM} Jailbreak Attack through Self-discovered
                  Clues},
  journal      = {CoRR},
  volume       = {abs/2410.10700},
  year         = {2024},
  url          = {https://doi.org/10.48550/arXiv.2410.10700},
  doi          = {10.48550/ARXIV.2410.10700},
  eprinttype    = {arXiv},
  eprint       = {2410.10700},
  timestamp    = {Fri, 22 Nov 2024 16:27:53 +0100},
  biburl       = {https://dblp.org/rec/journals/corr/abs-2410-10700.bib},
  bibsource    = {dblp computer science bibliography, https://dblp.org}
}


@article{Constitutional,
  author       = {Yuntao Bai and
                  Saurav Kadavath and
                  Sandipan Kundu and
                  Amanda Askell and
                  Jackson Kernion and
                  Andy Jones and
                  Anna Chen and
                  Anna Goldie and
                  Azalia Mirhoseini and
                  Cameron McKinnon and
                  Carol Chen and
                  Catherine Olsson and
                  Christopher Olah and
                  Danny Hernandez and
                  Dawn Drain and
                  Deep Ganguli and
                  Dustin Li and
                  Eli Tran{-}Johnson and
                  Ethan Perez and
                  Jamie Kerr and
                  Jared Mueller and
                  Jeffrey Ladish and
                  Joshua Landau and
                  Kamal Ndousse and
                  Kamile Lukosiute and
                  Liane Lovitt and
                  Michael Sellitto and
                  Nelson Elhage and
                  Nicholas Schiefer and
                  Noem{\'{\i}} Mercado and
                  Nova DasSarma and
                  Robert Lasenby and
                  Robin Larson and
                  Sam Ringer and
                  Scott Johnston and
                  Shauna Kravec and
                  Sheer El Showk and
                  Stanislav Fort and
                  Tamera Lanham and
                  Timothy Telleen{-}Lawton and
                  Tom Conerly and
                  Tom Henighan and
                  Tristan Hume and
                  Samuel R. Bowman and
                  Zac Hatfield{-}Dodds and
                  Ben Mann and
                  Dario Amodei and
                  Nicholas Joseph and
                  Sam McCandlish and
                  Tom Brown and
                  Jared Kaplan},
  title        = {Constitutional {AI:} Harmlessness from {AI} Feedback},
  journal      = {CoRR},
  volume       = {abs/2212.08073},
  year         = {2022},
  url          = {https://doi.org/10.48550/arXiv.2212.08073},
  doi          = {10.48550/ARXIV.2212.08073},
  eprinttype    = {arXiv},
  eprint       = {2212.08073},
  timestamp    = {Mon, 02 Jan 2023 15:09:55 +0100},
  biburl       = {https://dblp.org/rec/journals/corr/abs-2212-08073.bib},
  bibsource    = {dblp computer science bibliography, https://dblp.org}
}


@inproceedings{Self-Alignment,
  author       = {Zhiqing Sun and
                  Yikang Shen and
                  Qinhong Zhou and
                  Hongxin Zhang and
                  Zhenfang Chen and
                  David D. Cox and
                  Yiming Yang and
                  Chuang Gan},
  editor       = {Alice Oh and
                  Tristan Naumann and
                  Amir Globerson and
                  Kate Saenko and
                  Moritz Hardt and
                  Sergey Levine},
  title        = {Principle-Driven Self-Alignment of Language Models from Scratch with
                  Minimal Human Supervision},
  booktitle    = {Advances in Neural Information Processing Systems 36: Annual Conference
                  on Neural Information Processing Systems 2023, NeurIPS 2023, New Orleans,
                  LA, USA, December 10 - 16, 2023},
  year         = {2023},
  url          = {http://papers.nips.cc/paper\_files/paper/2023/hash/0764db1151b936aca59249e2c1386101-Abstract-Conference.html},
  timestamp    = {Fri, 01 Mar 2024 16:26:19 +0100},
  biburl       = {https://dblp.org/rec/conf/nips/SunSZZCCYG23.bib},
  bibsource    = {dblp computer science bibliography, https://dblp.org}
}


@article{redteam,
  author       = {Yuntao Bai and
                  Andy Jones and
                  Kamal Ndousse and
                  Amanda Askell and
                  Anna Chen and
                  Nova DasSarma and
                  Dawn Drain and
                  Stanislav Fort and
                  Deep Ganguli and
                  Tom Henighan and
                  Nicholas Joseph and
                  Saurav Kadavath and
                  Jackson Kernion and
                  Tom Conerly and
                  Sheer El Showk and
                  Nelson Elhage and
                  Zac Hatfield{-}Dodds and
                  Danny Hernandez and
                  Tristan Hume and
                  Scott Johnston and
                  Shauna Kravec and
                  Liane Lovitt and
                  Neel Nanda and
                  Catherine Olsson and
                  Dario Amodei and
                  Tom B. Brown and
                  Jack Clark and
                  Sam McCandlish and
                  Chris Olah and
                  Benjamin Mann and
                  Jared Kaplan},
  title        = {Training a Helpful and Harmless Assistant with Reinforcement Learning
                  from Human Feedback},
  journal      = {CoRR},
  volume       = {abs/2204.05862},
  year         = {2022},
  url          = {https://doi.org/10.48550/arXiv.2204.05862},
  doi          = {10.48550/ARXIV.2204.05862},
  eprinttype    = {arXiv},
  eprint       = {2204.05862},
  timestamp    = {Tue, 19 Apr 2022 17:11:58 +0200},
  biburl       = {https://dblp.org/rec/journals/corr/abs-2204-05862.bib},
  bibsource    = {dblp computer science bibliography, https://dblp.org}
}


@inproceedings{DBLP:conf/emnlp/MehrabiGDHGZCG024,
  author       = {Ninareh Mehrabi and
                  Palash Goyal and
                  Christophe Dupuy and
                  Qian Hu and
                  Shalini Ghosh and
                  Richard S. Zemel and
                  Kai{-}Wei Chang and
                  Aram Galstyan and
                  Rahul Gupta},
  editor       = {Yaser Al{-}Onaizan and
                  Mohit Bansal and
                  Yun{-}Nung Chen},
  title        = {{FLIRT:} Feedback Loop In-context Red Teaming},
  booktitle    = {Proceedings of the 2024 Conference on Empirical Methods in Natural
                  Language Processing, {EMNLP} 2024, Miami, FL, USA, November 12-16,
                  2024},
  pages        = {703--718},
  publisher    = {Association for Computational Linguistics},
  year         = {2024},
  url          = {https://aclanthology.org/2024.emnlp-main.41},
  timestamp    = {Thu, 14 Nov 2024 17:20:54 +0100},
  biburl       = {https://dblp.org/rec/conf/emnlp/MehrabiGDHGZCG024.bib},
  bibsource    = {dblp computer science bibliography, https://dblp.org}
}


@inproceedings{SelfDefense,
  author       = {Mansi Phute and
                  Alec Helbling and
                  Matthew Hull and
                  Shengyun Peng and
                  Sebastian Szyller and
                  Cory Cornelius and
                  Duen Horng Chau},
  title        = {{LLM} Self Defense: By Self Examination, LLMs Know They Are Being
                  Tricked},
  booktitle    = {The Second Tiny Papers Track at {ICLR} 2024, Tiny Papers @ {ICLR}
                  2024, Vienna, Austria, May 11, 2024},
  publisher    = {OpenReview.net},
  year         = {2024},
  url          = {https://openreview.net/forum?id=YoqgcIA19o},
  timestamp    = {Fri, 26 Jul 2024 13:58:33 +0200},
  biburl       = {https://dblp.org/rec/conf/iclr/PhuteHHPSCC24.bib},
  bibsource    = {dblp computer science bibliography, https://dblp.org}
}


@article{DBLP:journals/corr/abs-2309-00614,
  author       = {Neel Jain and
                  Avi Schwarzschild and
                  Yuxin Wen and
                  Gowthami Somepalli and
                  John Kirchenbauer and
                  Ping{-}yeh Chiang and
                  Micah Goldblum and
                  Aniruddha Saha and
                  Jonas Geiping and
                  Tom Goldstein},
  title        = {Baseline Defenses for Adversarial Attacks Against Aligned Language
                  Models},
  journal      = {CoRR},
  volume       = {abs/2309.00614},
  year         = {2023},
  url          = {https://doi.org/10.48550/arXiv.2309.00614},
  doi          = {10.48550/ARXIV.2309.00614},
  eprinttype    = {arXiv},
  eprint       = {2309.00614},
  timestamp    = {Mon, 11 Sep 2023 16:01:35 +0200},
  biburl       = {https://dblp.org/rec/journals/corr/abs-2309-00614.bib},
  bibsource    = {dblp computer science bibliography, https://dblp.org}
}



@inproceedings{SafeDecoding,
  author       = {Zhangchen Xu and
                  Fengqing Jiang and
                  Luyao Niu and
                  Jinyuan Jia and
                  Bill Yuchen Lin and
                  Radha Poovendran},
  editor       = {Lun{-}Wei Ku and
                  Andre Martins and
                  Vivek Srikumar},
  title        = {SafeDecoding: Defending against Jailbreak Attacks via Safety-Aware
                  Decoding},
  booktitle    = {Proceedings of the 62nd Annual Meeting of the Association for Computational
                  Linguistics (Volume 1: Long Papers), {ACL} 2024, Bangkok, Thailand,
                  August 11-16, 2024},
  pages        = {5587--5605},
  publisher    = {Association for Computational Linguistics},
  year         = {2024},
  url          = {https://doi.org/10.18653/v1/2024.acl-long.303},
  doi          = {10.18653/V1/2024.ACL-LONG.303},
  timestamp    = {Sun, 19 Jan 2025 13:21:40 +0100},
  biburl       = {https://dblp.org/rec/conf/acl/XuJN0LP24.bib},
  bibsource    = {dblp computer science bibliography, https://dblp.org}
}


@inproceedings{DBLP:conf/nips/Ouyang0JAWMZASR22,
  author       = {Long Ouyang and
                  Jeffrey Wu and
                  Xu Jiang and
                  Diogo Almeida and
                  Carroll L. Wainwright and
                  Pamela Mishkin and
                  Chong Zhang and
                  Sandhini Agarwal and
                  Katarina Slama and
                  Alex Ray and
                  John Schulman and
                  Jacob Hilton and
                  Fraser Kelton and
                  Luke Miller and
                  Maddie Simens and
                  Amanda Askell and
                  Peter Welinder and
                  Paul F. Christiano and
                  Jan Leike and
                  Ryan Lowe},
  editor       = {Sanmi Koyejo and
                  S. Mohamed and
                  A. Agarwal and
                  Danielle Belgrave and
                  K. Cho and
                  A. Oh},
  title        = {Training language models to follow instructions with human feedback},
  booktitle    = {Advances in Neural Information Processing Systems 35: Annual Conference
                  on Neural Information Processing Systems 2022, NeurIPS 2022, New Orleans,
                  LA, USA, November 28 - December 9, 2022},
  year         = {2022},
  url          = {http://papers.nips.cc/paper\_files/paper/2022/hash/b1efde53be364a73914f58805a001731-Abstract-Conference.html},
  timestamp    = {Mon, 08 Jan 2024 16:31:36 +0100},
  biburl       = {https://dblp.org/rec/conf/nips/Ouyang0JAWMZASR22.bib},
  bibsource    = {dblp computer science bibliography, https://dblp.org}
}


@inproceedings{DBLP:conf/iclr/WeiBZGYLDDL22,
  author       = {Jason Wei and
                  Maarten Bosma and
                  Vincent Y. Zhao and
                  Kelvin Guu and
                  Adams Wei Yu and
                  Brian Lester and
                  Nan Du and
                  Andrew M. Dai and
                  Quoc V. Le},
  title        = {Finetuned Language Models are Zero-Shot Learners},
  booktitle    = {The Tenth International Conference on Learning Representations, {ICLR}
                  2022, Virtual Event, April 25-29, 2022},
  publisher    = {OpenReview.net},
  year         = {2022},
  url          = {https://openreview.net/forum?id=gEZrGCozdqR},
  timestamp    = {Wed, 16 Aug 2023 16:10:28 +0200},
  biburl       = {https://dblp.org/rec/conf/iclr/WeiBZGYLDDL22.bib},
  bibsource    = {dblp computer science bibliography, https://dblp.org}
}


@inproceedings{DBLP:conf/ccs/ShenC0SZ24,
  author       = {Xinyue Shen and
                  Zeyuan Chen and
                  Michael Backes and
                  Yun Shen and
                  Yang Zhang},
  editor       = {Bo Luo and
                  Xiaojing Liao and
                  Jun Xu and
                  Engin Kirda and
                  David Lie},
  title        = {"Do Anything Now": Characterizing and Evaluating In-The-Wild Jailbreak
                  Prompts on Large Language Models},
  booktitle    = {Proceedings of the 2024 on {ACM} {SIGSAC} Conference on Computer and
                  Communications Security, {CCS} 2024, Salt Lake City, UT, USA, October
                  14-18, 2024},
  pages        = {1671--1685},
  publisher    = {{ACM}},
  year         = {2024},
  url          = {https://doi.org/10.1145/3658644.3670388},
  doi          = {10.1145/3658644.3670388},
  timestamp    = {Tue, 21 Jan 2025 12:48:53 +0100},
  biburl       = {https://dblp.org/rec/conf/ccs/ShenC0SZ24.bib},
  bibsource    = {dblp computer science bibliography, https://dblp.org}
}


@inproceedings{Multilingual,
  author       = {Yue Deng and
                  Wenxuan Zhang and
                  Sinno Jialin Pan and
                  Lidong Bing},
  title        = {Multilingual Jailbreak Challenges in Large Language Models},
  booktitle    = {The Twelfth International Conference on Learning Representations,
                  {ICLR} 2024, Vienna, Austria, May 7-11, 2024},
  publisher    = {OpenReview.net},
  year         = {2024},
  url          = {https://openreview.net/forum?id=vESNKdEMGp},
  timestamp    = {Wed, 07 Aug 2024 17:11:53 +0200},
  biburl       = {https://dblp.org/rec/conf/iclr/0010ZPB24.bib},
  bibsource    = {dblp computer science bibliography, https://dblp.org}
}


@article{DBLP:journals/corr/abs-2310-06387,
  author       = {Zeming Wei and
                  Yifei Wang and
                  Yisen Wang},
  title        = {Jailbreak and Guard Aligned Language Models with Only Few In-Context
                  Demonstrations},
  journal      = {CoRR},
  volume       = {abs/2310.06387},
  year         = {2023},
  url          = {https://doi.org/10.48550/arXiv.2310.06387},
  doi          = {10.48550/ARXIV.2310.06387},
  eprinttype    = {arXiv},
  eprint       = {2310.06387},
  timestamp    = {Wed, 25 Oct 2023 08:23:15 +0200},
  biburl       = {https://dblp.org/rec/journals/corr/abs-2310-06387.bib},
  bibsource    = {dblp computer science bibliography, https://dblp.org}
}


@inproceedings{DBLP:conf/acl/RenG0LZQL24,
  author       = {Jie Ren and
                  Qipeng Guo and
                  Hang Yan and
                  Dongrui Liu and
                  Quanshi Zhang and
                  Xipeng Qiu and
                  Dahua Lin},
  editor       = {Lun{-}Wei Ku and
                  Andre Martins and
                  Vivek Srikumar},
  title        = {Identifying Semantic Induction Heads to Understand In-Context Learning},
  booktitle    = {Findings of the Association for Computational Linguistics, {ACL} 2024,
                  Bangkok, Thailand and virtual meeting, August 11-16, 2024},
  pages        = {6916--6932},
  publisher    = {Association for Computational Linguistics},
  year         = {2024},
  url          = {https://doi.org/10.18653/v1/2024.findings-acl.412},
  doi          = {10.18653/V1/2024.FINDINGS-ACL.412},
  timestamp    = {Tue, 24 Sep 2024 10:55:47 +0200},
  biburl       = {https://dblp.org/rec/conf/acl/RenG0LZQL24.bib},
  bibsource    = {dblp computer science bibliography, https://dblp.org}
}


@inproceedings{RLHF,
  author       = {Paul F. Christiano and
                  Jan Leike and
                  Tom B. Brown and
                  Miljan Martic and
                  Shane Legg and
                  Dario Amodei},
  editor       = {Isabelle Guyon and
                  Ulrike von Luxburg and
                  Samy Bengio and
                  Hanna M. Wallach and
                  Rob Fergus and
                  S. V. N. Vishwanathan and
                  Roman Garnett},
  title        = {Deep Reinforcement Learning from Human Preferences},
  booktitle    = {Advances in Neural Information Processing Systems 30: Annual Conference
                  on Neural Information Processing Systems 2017, December 4-9, 2017,
                  Long Beach, CA, {USA}},
  pages        = {4299--4307},
  year         = {2017},
  url          = {https://proceedings.neurips.cc/paper/2017/hash/d5e2c0adad503c91f91df240d0cd4e49-Abstract.html},
  timestamp    = {Thu, 21 Jan 2021 15:15:21 +0100},
  biburl       = {https://dblp.org/rec/conf/nips/ChristianoLBMLA17.bib},
  bibsource    = {dblp computer science bibliography, https://dblp.org}
}



@inproceedings{retokenization,
  author       = {Ivan Provilkov and
                  Dmitrii Emelianenko and
                  Elena Voita},
  editor       = {Dan Jurafsky and
                  Joyce Chai and
                  Natalie Schluter and
                  Joel R. Tetreault},
  title        = {BPE-Dropout: Simple and Effective Subword Regularization},
  booktitle    = {Proceedings of the 58th Annual Meeting of the Association for Computational
                  Linguistics, {ACL} 2020, Online, July 5-10, 2020},
  pages        = {1882--1892},
  publisher    = {Association for Computational Linguistics},
  year         = {2020},
  url          = {https://doi.org/10.18653/v1/2020.acl-main.170},
  doi          = {10.18653/V1/2020.ACL-MAIN.170},
  timestamp    = {Fri, 06 Aug 2021 00:40:50 +0200},
  biburl       = {https://dblp.org/rec/conf/acl/ProvilkovEV20.bib},
  bibsource    = {dblp computer science bibliography, https://dblp.org}
}



@article{PPL,
  author       = {Gabriel Alon and
                  Michael Kamfonas},
  title        = {Detecting Language Model Attacks with Perplexity},
  journal      = {CoRR},
  volume       = {abs/2308.14132},
  year         = {2023},
  url          = {https://doi.org/10.48550/arXiv.2308.14132},
  doi          = {10.48550/ARXIV.2308.14132},
  eprinttype    = {arXiv},
  eprint       = {2308.14132},
  timestamp    = {Sat, 30 Sep 2023 10:10:53 +0200},
  biburl       = {https://dblp.org/rec/journals/corr/abs-2308-14132.bib},
  bibsource    = {dblp computer science bibliography, https://dblp.org}
}


@inproceedings{Cross-lingual,
  author       = {Libo Qin and
                  Qiguang Chen and
                  Fuxuan Wei and
                  Shijue Huang and
                  Wanxiang Che},
  editor       = {Houda Bouamor and
                  Juan Pino and
                  Kalika Bali},
  title        = {Cross-lingual Prompting: Improving Zero-shot Chain-of-Thought Reasoning
                  across Languages},
  booktitle    = {Proceedings of the 2023 Conference on Empirical Methods in Natural
                  Language Processing, {EMNLP} 2023, Singapore, December 6-10, 2023},
  pages        = {2695--2709},
  publisher    = {Association for Computational Linguistics},
  year         = {2023},
  url          = {https://doi.org/10.18653/v1/2023.emnlp-main.163},
  doi          = {10.18653/V1/2023.EMNLP-MAIN.163},
  timestamp    = {Fri, 12 Apr 2024 13:11:29 +0200},
  biburl       = {https://dblp.org/rec/conf/emnlp/0001CWHC23.bib},
  bibsource    = {dblp computer science bibliography, https://dblp.org}
}

@article{llama3.1,
  author       = {Hugo Touvron and
                  Thibaut Lavril and
                  Gautier Izacard and
                  Xavier Martinet and
                  Marie{-}Anne Lachaux and
                  Timoth{\'{e}}e Lacroix and
                  Baptiste Rozi{\`{e}}re and
                  Naman Goyal and
                  Eric Hambro and
                  Faisal Azhar and
                  Aur{\'{e}}lien Rodriguez and
                  Armand Joulin and
                  Edouard Grave and
                  Guillaume Lample},
  title        = {LLaMA: Open and Efficient Foundation Language Models},
  journal      = {CoRR},
  volume       = {abs/2302.13971},
  year         = {2023},
  url          = {https://doi.org/10.48550/arXiv.2302.13971},
  doi          = {10.48550/ARXIV.2302.13971},
  eprinttype    = {arXiv},
  eprint       = {2302.13971},
  timestamp    = {Mon, 28 Aug 2023 21:26:20 +0200},
  biburl       = {https://dblp.org/rec/journals/corr/abs-2302-13971.bib},
  bibsource    = {dblp computer science bibliography, https://dblp.org}
}


@article{gemini1.5,
  title={Gemini 1.5: Advancements in Multimodal Language Models},
  author={Google DeepMind},
  year={2024},
  note={Accessed: 2025-02-06},
  url={https://developers.googleblog.com/zh-hans/mastering-controlled-generation-with-gemini-15-schema-adherence/}
}


@article{llama3.2,
  title={The Llama 3.2 Collection of Multilingual Large Language Models},
  author={Meta},
  year={2024},
  note={Accessed: 2025-02-06},
  url={https://github.com/meta-llama/llama-models/blob/main/models/llama3_2/MODEL_CARD.md}
}


@article{o1,
  title={Learning to Reason with LLMs},
  author={OpenAI},
  year={2024},
  note={Accessed: 2025-02-06},
  url={https://openai.com/index/learning-to-reason-with-llms/}
}



@article{deepseek,
  title={DeepSeek LLM: Scaling Open-Source Language Models with Longtermism},
  author={DeepSeek-AI and Bi, Xiao and Chen, Deli and Chen, Guanting and Chen, Shanhuang and others},
  journal={arXiv preprint arXiv:2401.02954},
  year={2024}
}



@inproceedings{gao2024inducing,
  title={Inducing high energy-latency of large vision-language models with verbose images},
  author={Gao, Kuofeng and Bai, Yang and Gu, Jindong and Xia, Shu-Tao and Torr, Philip and Li, Zhifeng and Liu, Wei},
  booktitle={ICLR},
  year={2024}
}

@inproceedings{bai2024badclip,
  title={BadCLIP: Trigger-Aware Prompt Learning for Backdoor Attacks on CLIP},
  author={Bai, Jiawang and Gao, Kuofeng and Min, Shaobo and Xia, Shu-Tao and Li, Zhifeng and Liu, Wei},
  booktitle={CVPR},
  year={2024}
}

@article{gao2024embedding,
  title={Embedding self-correction as an inherent ability in large language models for enhanced mathematical reasoning},
  author={Gao, Kuofeng and Cai, Huanqia and Shuai, Qingyao and Gong, Dihong and Li, Zhifeng},
  journal={arXiv preprint arXiv:2410.10735},
  year={2024}
}

@article{gao2024denial,
  title={Denial-of-Service Poisoning Attacks against Large Language Models},
  author={Gao, Kuofeng and Pang, Tianyu and Du, Chao and Yang, Yong and Xia, Shu-Tao and Lin, Min},
  journal={arXiv preprint arXiv:2410.10760},
  year={2024}
}

@article{gao2024benchmarking,
  title={Benchmarking Open-ended Audio Dialogue Understanding for Large Audio-Language Models},
  author={Gao, Kuofeng and Xia, Shu-Tao and Xu, Ke and Torr, Philip and Gu, Jindong},
  journal={arXiv preprint arXiv:2412.05167},
  year={2024}
}


@article{HEA,
  title={Dagger Behind Smile: Fool LLMs with a Happy Ending Story},
  author={Song, Xurui and Xie, Zhixin and Huai, Shuo and Kong, Jiayi and Luo, Jun},
  journal={arXiv preprint arXiv:2501.13115},
  year={2025},
  url={https://doi.org/10.48550/arXiv.2501.13115}
}


@article{TAP,
  author       = {Anay Mehrotra and
                  Manolis Zampetakis and
                  Paul Kassianik and
                  Blaine Nelson and
                  Hyrum S. Anderson and
                  Yaron Singer and
                  Amin Karbasi},
  title        = {Tree of Attacks: Jailbreaking Black-Box LLMs Automatically},
  journal      = {CoRR},
  volume       = {abs/2312.02119},
  year         = {2023},
  url          = {https://doi.org/10.48550/arXiv.2312.02119},
  doi          = {10.48550/ARXIV.2312.02119},
  eprinttype    = {arXiv},
  eprint       = {2312.02119},
  timestamp    = {Fri, 07 Jun 2024 20:57:37 +0200},
  biburl       = {https://dblp.org/rec/journals/corr/abs-2312-02119.bib},
  bibsource    = {dblp computer science bibliography, https://dblp.org}
}