@inproceedings{ARCA,
  author       = {Erik Jones and
                  Anca D. Dragan and
                  Aditi Raghunathan and
                  Jacob Steinhardt},
  editor       = {Andreas Krause and
                  Emma Brunskill and
                  Kyunghyun Cho and
                  Barbara Engelhardt and
                  Sivan Sabato and
                  Jonathan Scarlett},
  title        = {Automatically Auditing Large Language Models via Discrete Optimization},
  booktitle    = {International Conference on Machine Learning, {ICML} 2023, 23-29 July
                  2023, Honolulu, Hawaii, {USA}},
  series       = {Proceedings of Machine Learning Research},
  volume       = {202},
  pages        = {15307--15329},
  publisher    = {{PMLR}},
  year         = {2023},
  url          = {https://proceedings.mlr.press/v202/jones23a.html},
  timestamp    = {Mon, 28 Aug 2023 17:23:08 +0200},
  biburl       = {https://dblp.org/rec/conf/icml/JonesDRS23.bib},
  bibsource    = {dblp computer science bibliography, https://dblp.org}
}

@inproceedings{DBLP:conf/acl/RenG0LZQL24,
  author       = {Jie Ren and
                  Qipeng Guo and
                  Hang Yan and
                  Dongrui Liu and
                  Quanshi Zhang and
                  Xipeng Qiu and
                  Dahua Lin},
  editor       = {Lun{-}Wei Ku and
                  Andre Martins and
                  Vivek Srikumar},
  title        = {Identifying Semantic Induction Heads to Understand In-Context Learning},
  booktitle    = {Findings of the Association for Computational Linguistics, {ACL} 2024,
                  Bangkok, Thailand and virtual meeting, August 11-16, 2024},
  pages        = {6916--6932},
  publisher    = {Association for Computational Linguistics},
  year         = {2024},
  url          = {https://doi.org/10.18653/v1/2024.findings-acl.412},
  doi          = {10.18653/V1/2024.FINDINGS-ACL.412},
  timestamp    = {Tue, 24 Sep 2024 10:55:47 +0200},
  biburl       = {https://dblp.org/rec/conf/acl/RenG0LZQL24.bib},
  bibsource    = {dblp computer science bibliography, https://dblp.org}
}

@inproceedings{DBLP:conf/ccs/ShenC0SZ24,
  author       = {Xinyue Shen and
                  Zeyuan Chen and
                  Michael Backes and
                  Yun Shen and
                  Yang Zhang},
  editor       = {Bo Luo and
                  Xiaojing Liao and
                  Jun Xu and
                  Engin Kirda and
                  David Lie},
  title        = {"Do Anything Now": Characterizing and Evaluating In-The-Wild Jailbreak
                  Prompts on Large Language Models},
  booktitle    = {Proceedings of the 2024 on {ACM} {SIGSAC} Conference on Computer and
                  Communications Security, {CCS} 2024, Salt Lake City, UT, USA, October
                  14-18, 2024},
  pages        = {1671--1685},
  publisher    = {{ACM}},
  year         = {2024},
  url          = {https://doi.org/10.1145/3658644.3670388},
  doi          = {10.1145/3658644.3670388},
  timestamp    = {Tue, 21 Jan 2025 12:48:53 +0100},
  biburl       = {https://dblp.org/rec/conf/ccs/ShenC0SZ24.bib},
  bibsource    = {dblp computer science bibliography, https://dblp.org}
}

@inproceedings{DBLP:conf/emnlp/LiGFXHMS23,
  author       = {Haoran Li and
                  Dadi Guo and
                  Wei Fan and
                  Mingshi Xu and
                  Jie Huang and
                  Fanpu Meng and
                  Yangqiu Song},
  editor       = {Houda Bouamor and
                  Juan Pino and
                  Kalika Bali},
  title        = {Multi-step Jailbreaking Privacy Attacks on ChatGPT},
  booktitle    = {Findings of the Association for Computational Linguistics: {EMNLP}
                  2023, Singapore, December 6-10, 2023},
  pages        = {4138--4153},
  publisher    = {Association for Computational Linguistics},
  year         = {2023},
  url          = {https://doi.org/10.18653/v1/2023.findings-emnlp.272},
  doi          = {10.18653/V1/2023.FINDINGS-EMNLP.272},
  timestamp    = {Sun, 06 Oct 2024 21:00:51 +0200},
  biburl       = {https://dblp.org/rec/conf/emnlp/LiGFXHMS23.bib},
  bibsource    = {dblp computer science bibliography, https://dblp.org}
}

@inproceedings{DBLP:conf/emnlp/MehrabiGDHGZCG024,
  author       = {Ninareh Mehrabi and
                  Palash Goyal and
                  Christophe Dupuy and
                  Qian Hu and
                  Shalini Ghosh and
                  Richard S. Zemel and
                  Kai{-}Wei Chang and
                  Aram Galstyan and
                  Rahul Gupta},
  editor       = {Yaser Al{-}Onaizan and
                  Mohit Bansal and
                  Yun{-}Nung Chen},
  title        = {{FLIRT:} Feedback Loop In-context Red Teaming},
  booktitle    = {Proceedings of the 2024 Conference on Empirical Methods in Natural
                  Language Processing, {EMNLP} 2024, Miami, FL, USA, November 12-16,
                  2024},
  pages        = {703--718},
  publisher    = {Association for Computational Linguistics},
  year         = {2024},
  url          = {https://aclanthology.org/2024.emnlp-main.41},
  timestamp    = {Thu, 14 Nov 2024 17:20:54 +0100},
  biburl       = {https://dblp.org/rec/conf/emnlp/MehrabiGDHGZCG024.bib},
  bibsource    = {dblp computer science bibliography, https://dblp.org}
}

@inproceedings{DBLP:conf/iclr/LiuXCX24,
  author       = {Xiaogeng Liu and
                  Nan Xu and
                  Muhao Chen and
                  Chaowei Xiao},
  title        = {AutoDAN: Generating Stealthy Jailbreak Prompts on Aligned Large Language
                  Models},
  booktitle    = {The Twelfth International Conference on Learning Representations,
                  {ICLR} 2024, Vienna, Austria, May 7-11, 2024},
  publisher    = {OpenReview.net},
  year         = {2024},
  url          = {https://openreview.net/forum?id=7Jwpw4qKkb},
  timestamp    = {Wed, 07 Aug 2024 17:11:53 +0200},
  biburl       = {https://dblp.org/rec/conf/iclr/LiuXCX24.bib},
  bibsource    = {dblp computer science bibliography, https://dblp.org}
}

@inproceedings{DBLP:conf/icml/JonesDRS23,
  author       = {Erik Jones and
                  Anca D. Dragan and
                  Aditi Raghunathan and
                  Jacob Steinhardt},
  editor       = {Andreas Krause and
                  Emma Brunskill and
                  Kyunghyun Cho and
                  Barbara Engelhardt and
                  Sivan Sabato and
                  Jonathan Scarlett},
  title        = {Automatically Auditing Large Language Models via Discrete Optimization},
  booktitle    = {International Conference on Machine Learning, {ICML} 2023, 23-29 July
                  2023, Honolulu, Hawaii, {USA}},
  series       = {Proceedings of Machine Learning Research},
  volume       = {202},
  pages        = {15307--15329},
  publisher    = {{PMLR}},
  year         = {2023},
  url          = {https://proceedings.mlr.press/v202/jones23a.html},
  timestamp    = {Mon, 28 Aug 2023 17:23:08 +0200},
  biburl       = {https://dblp.org/rec/conf/icml/JonesDRS23.bib},
  bibsource    = {dblp computer science bibliography, https://dblp.org}
}

@article{DBLP:journals/corr/abs-2309-00614,
  author       = {Neel Jain and
                  Avi Schwarzschild and
                  Yuxin Wen and
                  Gowthami Somepalli and
                  John Kirchenbauer and
                  Ping{-}yeh Chiang and
                  Micah Goldblum and
                  Aniruddha Saha and
                  Jonas Geiping and
                  Tom Goldstein},
  title        = {Baseline Defenses for Adversarial Attacks Against Aligned Language
                  Models},
  journal      = {CoRR},
  volume       = {abs/2309.00614},
  year         = {2023},
  url          = {https://doi.org/10.48550/arXiv.2309.00614},
  doi          = {10.48550/ARXIV.2309.00614},
  eprinttype    = {arXiv},
  eprint       = {2309.00614},
  timestamp    = {Mon, 11 Sep 2023 16:01:35 +0200},
  biburl       = {https://dblp.org/rec/journals/corr/abs-2309-00614.bib},
  bibsource    = {dblp computer science bibliography, https://dblp.org}
}

@article{DBLP:journals/corr/abs-2310-06387,
  author       = {Zeming Wei and
                  Yifei Wang and
                  Yisen Wang},
  title        = {Jailbreak and Guard Aligned Language Models with Only Few In-Context
                  Demonstrations},
  journal      = {CoRR},
  volume       = {abs/2310.06387},
  year         = {2023},
  url          = {https://doi.org/10.48550/arXiv.2310.06387},
  doi          = {10.48550/ARXIV.2310.06387},
  eprinttype    = {arXiv},
  eprint       = {2310.06387},
  timestamp    = {Wed, 25 Oct 2023 08:23:15 +0200},
  biburl       = {https://dblp.org/rec/journals/corr/abs-2310-06387.bib},
  bibsource    = {dblp computer science bibliography, https://dblp.org}
}

@article{DBLP:journals/corr/abs-2311-03348,
  author       = {Rusheb Shah and
                  Quentin Feuillade{-}Montixi and
                  Soroush Pour and
                  Arush Tagade and
                  Stephen Casper and
                  Javier Rando},
  title        = {Scalable and Transferable Black-Box Jailbreaks for Language Models
                  via Persona Modulation},
  journal      = {CoRR},
  volume       = {abs/2311.03348},
  year         = {2023},
  url          = {https://doi.org/10.48550/arXiv.2311.03348},
  doi          = {10.48550/ARXIV.2311.03348},
  eprinttype    = {arXiv},
  eprint       = {2311.03348},
  timestamp    = {Wed, 08 Nov 2023 15:46:55 +0100},
  biburl       = {https://dblp.org/rec/journals/corr/abs-2311-03348.bib},
  bibsource    = {dblp computer science bibliography, https://dblp.org}
}

@article{DBLP:journals/corr/abs-2410-10700,
  author       = {Qibing Ren and
                  Hao Li and
                  Dongrui Liu and
                  Zhanxu Xie and
                  Xiaoya Lu and
                  Yu Qiao and
                  Lei Sha and
                  Junchi Yan and
                  Lizhuang Ma and
                  Jing Shao},
  title        = {Derail Yourself: Multi-turn {LLM} Jailbreak Attack through Self-discovered
                  Clues},
  journal      = {CoRR},
  volume       = {abs/2410.10700},
  year         = {2024},
  url          = {https://doi.org/10.48550/arXiv.2410.10700},
  doi          = {10.48550/ARXIV.2410.10700},
  eprinttype    = {arXiv},
  eprint       = {2410.10700},
  timestamp    = {Fri, 22 Nov 2024 16:27:53 +0100},
  biburl       = {https://dblp.org/rec/journals/corr/abs-2410-10700.bib},
  bibsource    = {dblp computer science bibliography, https://dblp.org}
}

@inproceedings{Multilingual,
  author       = {Yue Deng and
                  Wenxuan Zhang and
                  Sinno Jialin Pan and
                  Lidong Bing},
  title        = {Multilingual Jailbreak Challenges in Large Language Models},
  booktitle    = {The Twelfth International Conference on Learning Representations,
                  {ICLR} 2024, Vienna, Austria, May 7-11, 2024},
  publisher    = {OpenReview.net},
  year         = {2024},
  url          = {https://openreview.net/forum?id=vESNKdEMGp},
  timestamp    = {Wed, 07 Aug 2024 17:11:53 +0200},
  biburl       = {https://dblp.org/rec/conf/iclr/0010ZPB24.bib},
  bibsource    = {dblp computer science bibliography, https://dblp.org}
}

@inproceedings{PsySafe,
  author       = {Zaibin Zhang and
                  Yongting Zhang and
                  Lijun Li and
                  Jing Shao and
                  Hongzhi Gao and
                  Yu Qiao and
                  Lijun Wang and
                  Huchuan Lu and
                  Feng Zhao},
  editor       = {Lun{-}Wei Ku and
                  Andre Martins and
                  Vivek Srikumar},
  title        = {PsySafe: {A} Comprehensive Framework for Psychological-based Attack,
                  Defense, and Evaluation of Multi-agent System Safety},
  booktitle    = {Proceedings of the 62nd Annual Meeting of the Association for Computational
                  Linguistics (Volume 1: Long Papers), {ACL} 2024, Bangkok, Thailand,
                  August 11-16, 2024},
  pages        = {15202--15231},
  publisher    = {Association for Computational Linguistics},
  year         = {2024},
  url          = {https://doi.org/10.18653/v1/2024.acl-long.812},
  doi          = {10.18653/V1/2024.ACL-LONG.812},
  timestamp    = {Wed, 09 Oct 2024 07:38:20 +0200},
  biburl       = {https://dblp.org/rec/conf/acl/ZhangZLSG0WLZ24.bib},
  bibsource    = {dblp computer science bibliography, https://dblp.org}
}

@inproceedings{RLHF,
  author       = {Paul F. Christiano and
                  Jan Leike and
                  Tom B. Brown and
                  Miljan Martic and
                  Shane Legg and
                  Dario Amodei},
  editor       = {Isabelle Guyon and
                  Ulrike von Luxburg and
                  Samy Bengio and
                  Hanna M. Wallach and
                  Rob Fergus and
                  S. V. N. Vishwanathan and
                  Roman Garnett},
  title        = {Deep Reinforcement Learning from Human Preferences},
  booktitle    = {Advances in Neural Information Processing Systems 30: Annual Conference
                  on Neural Information Processing Systems 2017, December 4-9, 2017,
                  Long Beach, CA, {USA}},
  pages        = {4299--4307},
  year         = {2017},
  url          = {https://proceedings.neurips.cc/paper/2017/hash/d5e2c0adad503c91f91df240d0cd4e49-Abstract.html},
  timestamp    = {Thu, 21 Jan 2021 15:15:21 +0100},
  biburl       = {https://dblp.org/rec/conf/nips/ChristianoLBMLA17.bib},
  bibsource    = {dblp computer science bibliography, https://dblp.org}
}

@inproceedings{SafeDecoding,
  author       = {Zhangchen Xu and
                  Fengqing Jiang and
                  Luyao Niu and
                  Jinyuan Jia and
                  Bill Yuchen Lin and
                  Radha Poovendran},
  editor       = {Lun{-}Wei Ku and
                  Andre Martins and
                  Vivek Srikumar},
  title        = {SafeDecoding: Defending against Jailbreak Attacks via Safety-Aware
                  Decoding},
  booktitle    = {Proceedings of the 62nd Annual Meeting of the Association for Computational
                  Linguistics (Volume 1: Long Papers), {ACL} 2024, Bangkok, Thailand,
                  August 11-16, 2024},
  pages        = {5587--5605},
  publisher    = {Association for Computational Linguistics},
  year         = {2024},
  url          = {https://doi.org/10.18653/v1/2024.acl-long.303},
  doi          = {10.18653/V1/2024.ACL-LONG.303},
  timestamp    = {Sun, 19 Jan 2025 13:21:40 +0100},
  biburl       = {https://dblp.org/rec/conf/acl/XuJN0LP24.bib},
  bibsource    = {dblp computer science bibliography, https://dblp.org}
}

@inproceedings{Self-Alignment,
  author       = {Zhiqing Sun and
                  Yikang Shen and
                  Qinhong Zhou and
                  Hongxin Zhang and
                  Zhenfang Chen and
                  David D. Cox and
                  Yiming Yang and
                  Chuang Gan},
  editor       = {Alice Oh and
                  Tristan Naumann and
                  Amir Globerson and
                  Kate Saenko and
                  Moritz Hardt and
                  Sergey Levine},
  title        = {Principle-Driven Self-Alignment of Language Models from Scratch with
                  Minimal Human Supervision},
  booktitle    = {Advances in Neural Information Processing Systems 36: Annual Conference
                  on Neural Information Processing Systems 2023, NeurIPS 2023, New Orleans,
                  LA, USA, December 10 - 16, 2023},
  year         = {2023},
  url          = {http://papers.nips.cc/paper\_files/paper/2023/hash/0764db1151b936aca59249e2c1386101-Abstract-Conference.html},
  timestamp    = {Fri, 01 Mar 2024 16:26:19 +0100},
  biburl       = {https://dblp.org/rec/conf/nips/SunSZZCCYG23.bib},
  bibsource    = {dblp computer science bibliography, https://dblp.org}
}

@inproceedings{SelfDefense,
  author       = {Mansi Phute and
                  Alec Helbling and
                  Matthew Hull and
                  Shengyun Peng and
                  Sebastian Szyller and
                  Cory Cornelius and
                  Duen Horng Chau},
  title        = {{LLM} Self Defense: By Self Examination, LLMs Know They Are Being
                  Tricked},
  booktitle    = {The Second Tiny Papers Track at {ICLR}

@article{SmoothLLM,
  author       = {Alexander Robey and
                  Eric Wong and
                  Hamed Hassani and
                  George J. Pappas},
  title        = {SmoothLLM: Defending Large Language Models Against Jailbreaking Attacks},
  journal      = {CoRR},
  volume       = {abs/2310.03684},
  year         = {2023},
  url          = {https://doi.org/10.48550/arXiv.2310.03684},
  doi          = {10.48550/ARXIV.2310.03684},
  eprinttype    = {arXiv},
  eprint       = {2310.03684},
  timestamp    = {Sun, 06 Oct 2024 21:24:12 +0200},
  biburl       = {https://dblp.org/rec/journals/corr/abs-2310-03684.bib},
  bibsource    = {dblp computer science bibliography, https://dblp.org}
}

@inproceedings{cipherchat,
  author       = {Youliang Yuan and
                  Wenxiang Jiao and
                  Wenxuan Wang and
                  Jen{-}tse Huang and
                  Pinjia He and
                  Shuming Shi and
                  Zhaopeng Tu},
  title        = {{GPT-4} Is Too Smart To Be Safe: Stealthy Chat with LLMs via Cipher},
  booktitle    = {The Twelfth International Conference on Learning Representations,
                  {ICLR} 2024, Vienna, Austria, May 7-11, 2024},
  publisher    = {OpenReview.net},
  year         = {2024},
  url          = {https://openreview.net/forum?id=MbfAK4s61A},
  timestamp    = {Thu, 08 Aug 2024 12:56:51 +0200},
  biburl       = {https://dblp.org/rec/conf/iclr/YuanJW0H0T24.bib},
  bibsource    = {dblp computer science bibliography, https://dblp.org}
}

@inproceedings{codeattack,
  author       = {Qibing Ren and
                  Chang Gao and
                  Jing Shao and
                  Junchi Yan and
                  Xin Tan and
                  Wai Lam and
                  Lizhuang Ma},
  editor       = {Lun{-}Wei Ku and
                  Andre Martins and
                  Vivek Srikumar},
  title        = {CodeAttack: Revealing Safety Generalization Challenges of Large Language
                  Models via Code Completion},
  booktitle    = {Findings of the Association for Computational Linguistics, {ACL} 2024,
                  Bangkok, Thailand and virtual meeting, August 11-16, 2024},
  pages        = {11437--11452},
  publisher    = {Association for Computational Linguistics},
  year         = {2024},
  url          = {https://doi.org/10.18653/v1/2024.findings-acl.679},
  doi          = {10.18653/V1/2024.FINDINGS-ACL.679},
  timestamp    = {Wed, 13 Nov 2024 17:13:08 +0100},
  biburl       = {https://dblp.org/rec/conf/acl/RenGSYTLM24.bib},
  bibsource    = {dblp computer science bibliography, https://dblp.org}
}

@article{codechameleon,
  author       = {Huijie Lv and
                  Xiao Wang and
                  Yuansen Zhang and
                  Caishuang Huang and
                  Shihan Dou and
                  Junjie Ye and
                  Tao Gui and
                  Qi Zhang and
                  Xuanjing Huang},
  title        = {CodeChameleon: Personalized Encryption Framework for Jailbreaking
                  Large Language Models},
  journal      = {CoRR},
  volume       = {abs/2402.16717},
  year         = {2024},
  url          = {https://doi.org/10.48550/arXiv.2402.16717},
  doi          = {10.48550/ARXIV.2402.16717},
  eprinttype    = {arXiv},
  eprint       = {2402.16717},
  timestamp    = {Thu, 25 Jul 2024 09:08:59 +0200},
  biburl       = {https://dblp.org/rec/journals/corr/abs-2402-16717.bib},
  bibsource    = {dblp computer science bibliography, https://dblp.org}
}

@article{gao2024denial,
  title={Denial-of-Service Poisoning Attacks against Large Language Models},
  author={Gao, Kuofeng and Pang, Tianyu and Du, Chao and Yang, Yong and Xia, Shu-Tao and Lin, Min},
  journal={arXiv preprint arXiv:2410.10760},
  year={2024}
}

@article{gao2024embedding,
  title={Embedding self-correction as an inherent ability in large language models for enhanced mathematical reasoning},
  author={Gao, Kuofeng and Cai, Huanqia and Shuai, Qingyao and Gong, Dihong and Li, Zhifeng},
  journal={arXiv preprint arXiv:2410.10735},
  year={2024}
}

@article{o1,
  title={Learning to Reason with LLMs},
  author={OpenAI},
  year={2024},
  note={Accessed: 2025-02-06},
  url={https://openai.com/index/learning-to-reason-with-llms/}
}

@article{paraphrase,
  author       = {Neel Jain and
                  Avi Schwarzschild and
                  Yuxin Wen and
                  Gowthami Somepalli and
                  John Kirchenbauer and
                  Ping{-}yeh Chiang and
                  Micah Goldblum and
                  Aniruddha Saha and
                  Jonas Geiping and
                  Tom Goldstein},
  title        = {Baseline Defenses for Adversarial Attacks Against Aligned Language
                  Models},
  journal      = {CoRR},
  volume       = {abs/2309.00614},
  year         = {2023},
  url          = {https://doi.org/10.48550/arXiv.2309.00614},
  doi          = {10.48550/ARXIV.2309.00614},
  eprinttype    = {arXiv},
  eprint       = {2309.00614},
  timestamp    = {Mon, 11 Sep 2023 16:01:35 +0200},
  biburl       = {https://dblp.org/rec/journals/corr/abs-2309-00614.bib},
  bibsource    = {dblp computer science bibliography, https://dblp.org}
}

