@INPROCEEDINGS{Xia2018DOTA,
author={Xia, Gui-Song and Bai, Xiang and Ding, Jian and Zhu, Zhen and Belongie, Serge and Luo, Jiebo and Datcu, Mihai and Pelillo, Marcello and Zhang, Liangpei},
booktitle={IEEE/CVF Conference on Computer Vision and Pattern Recognition}, 
title={DOTA: A Large-Scale Dataset for Object Detection in Aerial Images}, 
year={2018},
volume={},
number={},
pages={3974-3983},
doi={10.1109/CVPR.2018.00418}}

@INPROCEEDINGS{Pramerdorfer2015Dataset,
author={Pramerdorfer, Christopher and Kampel, Martin},
booktitle={IAPR International Conference on Machine Vision Applications (MVA)}, 
title={A Dataset for Computer-Vision-Based PCB Analysis}, 
year={2015},
volume={},
number={},
pages={378-381},
doi={10.1109/MVA.2015.7153209}}

@INPROCEEDINGS{Mahalingam2019PCBMETAL,
author={Mahalingam, Gayathri and Gay, Kevin Marshall and Ricanek, Karl},
booktitle={2019 16th International Conference on Machine Vision Applications (MVA)}, 
title={PCB-METAL: A PCB Image Dataset for Advanced Computer Vision Machine Learning Component Analysis}, 
year={2019},
volume={},
number={},
pages={1-5},
doi={10.23919/MVA.2019.8757928}}

@article{Lu2020FICSPCB,
title={FICS-PCB: A Multi-Modal Image Dataset for Automated Printed Circuit Board Visual Inspection},
author={Hangwei Lu and Dhwani Mehta and Olivia P. Paradis and Navid Asadizanjani and Mark Mohammad Tehranipoor and D. Woodard},
journal={IACR Cryptol. ePrint Arch.},
year={2020},
volume={2020},
pages={366}
}

@article{Huang2020HRIPCB,
author = {Huang, Weibo and Wei, Peng and Zhang, Manhua and Liu, Hong},
title = {HRIPCB: A Challenging Dataset for PCB Defects Detection and Classification},
journal = {The Journal of Engineering},
volume = {2020},
number = {13},
pages = {303-309},
year = {2020}
}

@inproceedings{Zhou2022MMRotate,
title   = {MMRotate: A Rotated Object Detection Benchmark using PyTorch},
author  = {Zhou, Yue and Yang, Xue and Zhang, Gefan and Wang, Jiabao and Liu, Yanyi and Hou, Liping and Jiang, Xue and Liu, Xingzhao and Yan, Junchi and Lyu, Chengqi and
Zhang, Wenwei and Chen, Kai},
booktitle={30th ACM International Conference on Multimedia},
year={2022}
}

@ARTICLE{Lin2017Focal,
author={Lin, Tsung-Yi and Goyal, Priya and Girshick, Ross and He, Kaiming and Doll√°r, Piotr},
journal={IEEE Transactions on Pattern Analysis and Machine Intelligence}, 
title={Focal Loss for Dense Object Detection}, 
year={2020},
volume={42},
number={2},
pages={318-327},
doi={10.1109/TPAMI.2018.2858826}}

@ARTICLE{Ren2017Faster,
author={Ren, Shaoqing and He, Kaiming and Girshick, Ross and Sun, Jian},
journal={IEEE Transactions on Pattern Analysis and Machine Intelligence}, 
title={Faster R-CNN: Towards Real-Time Object Detection with Region Proposal Networks}, 
year={2017},
volume={39},
number={6},
pages={1137-1149},
doi={10.1109/TPAMI.2016.2577031}}

@INPROCEEDINGS{Yang2019Reppoints,
author={Yang, Ze and Liu, Shaohui and Hu, Han and Wang, Liwei and Lin, Stephen},
booktitle={IEEE/CVF International Conference on Computer Vision}, 
title={RepPoints: Point Set Representation for Object Detection}, 
year={2019},
volume={},
number={},
pages={9656-9665},
doi={10.1109/ICCV.2019.00975}}

@InProceedings{Ding2018Learning,
author = {Ding, Jian and Xue, Nan and Long, Yang and Xia, Gui-Song and Lu, Qikai},
title = {Learning RoI Transformer for Oriented Object Detection in Aerial Images},
booktitle = {IEEE/CVF Conference on Computer Vision and Pattern Recognition},
pages={2849--2858},
year = {2019}
}

@inproceedings{Yang2020Arbitrary,
title={Arbitrary-Oriented Object Detection with Circular Smooth Label},
author={Yang, Xue and Yan, Junchi},
booktitle={European Conference on Computer Vision},
pages={677--694},
year={2020}
}

@inproceedings{Yang2021Learning,
author = {Yang, Xue and Yang, Xiaojiang and Yang, Jirui and Ming, Qi and Wang, Wentao and Tian, Qi and Yan, Junchi},
booktitle = {Advances in Neural Information Processing Systems},
//editor = {M. Ranzato and A. Beygelzimer and Y. Dauphin and P.S. Liang and J. Wortman Vaughan},
pages = {18381--18394},
//publisher = {Curran Associates, Inc.},
title = {Learning High-Precision Bounding Box for Rotated Object Detection via Kullback-Leibler Divergence},
//url = {https://proceedings.neurips.cc/paper/2021/file/98f13708210194c475687be6106a3b84-Paper.pdf},
volume = {34},
year = {2021}
}

@inproceedings{Yang2021R3Det,
title={R3Det: Refined Single-Stage Detector with Feature Refinement for Rotating Object},
author={Yang, Xue and Yan, Junchi and Feng, Ziming and He, Tao},
booktitle={AAAI Conference on Artificial Intelligence},
volume={35},
//number={4},
pages={3163--3171},
year={2021}
}

@ARTICLE{Han2022Align,
author={Han, Jiaming and Ding, Jian and Li, Jie and Xia, Gui-Song},
journal={IEEE Transactions on Geoscience and Remote Sensing}, 
title={Align Deep Features for Oriented Object Detection}, 
year={2022},
volume={60},
number={},
pages={1-11},
doi={10.1109/TGRS.2021.3062048}
}

@INPROCEEDINGS{Han2021Redet,
author={Han, Jiaming and Ding, Jian and Xue, Nan and Xia, Gui-Song},
booktitle={IEEE/CVF Conference on Computer Vision and Pattern Recognition}, 
title={ReDet: A Rotation-Equivariant Detector for Aerial Object Detection}, 
year={2021},
volume={},
number={},
pages={2785-2794},
doi={10.1109/CVPR46437.2021.00281}
}

@INPROCEEDINGS{Guo2021Beyond,
author={Guo, Zonghao and Liu, Chang and Zhang, Xiaosong and Jiao, Jianbin and Ji, Xiangyang and Ye, Qixiang},
booktitle={IEEE/CVF Conference on Computer Vision and Pattern Recognition}, 
title={Beyond Bounding-Box: Convex-Hull Feature Adaptation for Oriented and Densely Packed Object Detection}, 
year={2021},
volume={},
number={},
pages={8788-8797},
doi={10.1109/CVPR46437.2021.00868}}

@InProceedings{Xie2021Oriented,
author = {Xie, Xingxing and Cheng, Gong and Wang, Jiabao and Yao, Xiwen and Han, Junwei},
title = {Oriented R-CNN for Object Detection},
booktitle = {IEEE/CVF International Conference on Computer Vision},
//month = {October},
year = {2021},
pages = {3520-3529}
}

@inproceedings{Yang2021Rethinking,
title={Rethinking Rotated Object Detection with Gaussian Wasserstein Distance Loss},
author={Yang, Xue and Yan, Junchi and Qi, Ming and Wang, Wentao and Zhang, Xiaopeng and Qi, Tian},
booktitle={38th International Conference on Machine Learning},
year={2021},
volume={139},
number={},
pages={11830-11841},
}

@inproceedings{Hou2022Shape,
title={Shape-Adaptive Selection and Measurement for Oriented Object Detection},
author={Hou, Liping and Lu, Ke and Xue, Jian and Li, Yuqiu},
booktitle={AAAI Conference on Artificial Intelligence},
year={2022},
volume={36},
//number={1},
pages={923-932}
}

@inproceedings{yang2023kfiou,
title={The KFIoU Loss for Rotated Object Detection},
author={Xue Yang and Yue Zhou and Gefan Zhang and Jirui Yang and Wentao Wang and Junchi Yan and Xiaopeng Zhang and Qi Tian},
booktitle={International Conference on Learning Representations},
year={2023}
}

@InProceedings{Kim2020Probabilistic,
author={Kim, Kang and Lee, Hee Seok},
title={Probabilistic Anchor Assignment with IoU Prediction for Object Detection},
booktitle={European Conference on Computer Vision},
year={2020},
pages={355-371}
}

@INPROCEEDINGS{Liu2021Swin,
author={Liu, Ze and Lin, Yutong and Cao, Yue and Hu, Han and Wei, Yixuan and Zhang, Zheng and Lin, Stephen and Guo, Baining},
booktitle={IEEE/CVF International Conference on Computer Vision}, 
title={Swin Transformer: Hierarchical Vision Transformer using Shifted Windows}, 
year={2021},
volume={},
number={},
pages={9992-10002},
doi={10.1109/ICCV48922.2021.00986}}

@INPROCEEDINGS{He2016Deep,
author={He, Kaiming and Zhang, Xiangyu and Ren, Shaoqing and Sun, Jian},
booktitle={IEEE Conference on Computer Vision and Pattern Recognition}, 
title={Deep Residual Learning for Image Recognition}, 
year={2016},
volume={},
number={},
pages={770-778},
doi={10.1109/CVPR.2016.90}}

@inproceedings{Paszke2019PyTorch,
author = {Paszke, Adam and Gross, Sam and Massa, Francisco and Lerer, Adam and Bradbury, James and Chanan, Gregory and Killeen, Trevor and Lin, Zeming and Gimelshein, Natalia and Antiga, Luca and Desmaison, Alban and Kopf, Andreas and Yang, Edward and DeVito, Zachary and Raison, Martin and Tejani, Alykhan and Chilamkurthy, Sasank and Steiner, Benoit and Fang, Lu and Bai, Junjie and Chintala, Soumith},
booktitle = {Advances in Neural Information Processing Systems},
//editor = {H. Wallach and H. Larochelle and A. Beygelzimer and F. d\textquotesingle Alch\'{e}-Buc and E. Fox and R. Garnett},
pages = {8024--8035},
//publisher = {Curran Associates, Inc.},
title = {PyTorch: An Imperative Style, High-Performance Deep Learning Library},
//url = {https://proceedings.neurips.cc/paper/2019/file/bdbca288fee7f92f2bfa9f7012727740-Paper.pdf},
volume = {32},
year = {2019}
}

@INPROCEEDINGS{Nayef2017ICDAR,
author={Nayef, Nibal and Yin, Fei and Bizid, Imen and Choi, Hyunsoo and Feng, Yuan and Karatzas, Dimosthenis and Luo, Zhenbo and Pal, Umapada and Rigaud, Christophe and Chazalon, Joseph and Khlif, Wafa and Luqman, Muhammad Muzzamil and Burie, Jean-Christophe and Liu, Cheng-lin and Ogier, Jean-Marc},  
booktitle={IAPR International Conference on Document Analysis and Recognition},
title={ICDAR2017 Robust Reading Challenge on Multi-Lingual Scene Text Detection and Script Identification - RRC-MLT},
year={2017},
volume={01},
number={},
pages={1454-1459},
doi={10.1109/ICDAR.2017.237}}

@inproceedings{Liu2017HRSC,
title={A High Resolution Optical Satellite Image Dataset for Ship Recognition and Some New Baselines},
author={Zikun Liu and Liu Yuan and Lubin Weng and Yiping Yang},
booktitle={International Conference on Pattern Recognition Applications and Methods},
year={2017},
volume={2},
number={},
pages={324-331},
}

@INPROCEEDINGS{Tian2019FCOS,
author={Tian, Zhi and Shen, Chunhua and Chen, Hao and He, Tong},
booktitle={IEEE/CVF International Conference on Computer Vision}, 
title={FCOS: Fully Convolutional One-Stage Object Detection}, 
year={2019},
volume={},
number={},
pages={9626-9635},
doi={10.1109/ICCV.2019.00972}}

@INPROCEEDINGS{Yang2019SCRDet,
author={Yang, Xue and Yang, Jirui and Yan, Junchi and Zhang, Yue and Zhang, Tengfei and Guo, Zhi and Sun, Xian and Fu, Kun},
booktitle={IEEE/CVF International Conference on Computer Vision}, 
title={SCRDet: Towards More Robust Detection for Small, Cluttered and Rotated Objects}, 
year={2019},
volume={},
number={},
pages={8231-8240},
doi={10.1109/ICCV.2019.00832}}

@INPROCEEDINGS{Qian2021RSDet,
author={Wen Qian and Xue Yang and Silong Peng and Junchi Yan and Yue Guo},
booktitle={AAAI Conference on Artificial Intelligence}, 
title={Learning Modulated Loss for Rotated Object Detection}, 
year={2021},
volume={35},
//number={3},
pages={2458-2466}}

@INPROCEEDINGS{Lin2017Feature,
author={Lin, Tsung-Yi and Doll√°r, Piotr and Girshick, Ross and He, Kaiming and Hariharan, Bharath and Belongie, Serge},
booktitle={IEEE Conference on Computer Vision and Pattern Recognition}, 
title={Feature Pyramid Networks for Object Detection}, 
year={2017},
volume={},
number={},
pages={936-944},
doi={10.1109/CVPR.2017.106}}

@ARTICLE{Zhao2019Object,
author={Zhao, Zhong-Qiu and Zheng, Peng and Xu, Shou-Tao and Wu, Xindong},
journal={IEEE Transactions on Neural Networks and Learning Systems}, 
title={Object Detection With Deep Learning: A Review}, 
year={2019},
volume={30},
number={11},
pages={3212-3232},
doi={10.1109/TNNLS.2018.2876865}}

@article{Zuo2018Phase,
title = "Phase shifting algorithms for fringe projection profilometry: A review",
journal = "Optics and Lasers in Engineering",
volume = "109",
pages = "23-59",
year = "2018",
issn = "0143-8166",
doi = "https://doi.org/10.1016/j.optlaseng.2018.04.019",
url = "http://www.sciencedirect.com/science/article/pii/S0143816618302203",
author = "Chao Zuo and Shijie Feng and Lei Huang and Tianyang Tao and Wei Yin and Qian Chen",
}

@article{Zuo2016Temporal,
title = "Temporal phase unwrapping algorithms for fringe projection profilometry: A comparative review",
journal = "Optics and Lasers in Engineering",
volume = "85",
pages = "84--103",
year = "2016",
issn = "0143-8166",
doi = "https://doi.org/10.1016/j.optlaseng.2016.04.022",
url = "http://www.sciencedirect.com/science/article/pii/S0143816616300653",
author = "Chao Zuo and Lei Huang and Minliang Zhang and Qian Chen and Anand Asundi",
}

@software{Jocher2021YOLOv5,
author = {Glenn Jocher and Alex Stoken and Ayush Chaurasia and Jirka Borovec and NanoCode012 and TaoXie and Yonghye Kwon and Kalen Michael and Liu Changyu and Jiacong Fang and Abhiram V and Laughing and tkianai and yxNONG and Piotr Skalski and Adam Hogan and Jebastin Nadar and imyhxy and Lorenzo Mammana and AlexWang1900 and Cristi Fati and Diego Montes and Jan Hajek and Laurentiu Diaconu and Mai Thanh Minh and Marc and albinxavi and fatih and oleg and wanghaoyang0106},
title        = {ultralytics/yolov5: v6.0 - YOLOv5n 'Nano' models, 
Roboflow integration, TensorFlow export, OpenCV
DNN support},
//month        = oct,
year         = 2021,
publisher    = {Zenodo},
version      = {v6.0},
doi          = {10.5281/zenodo.5563715},
url          = {https://doi.org/10.5281/zenodo.5563715}
}

@INPROCEEDINGS{Yang2021Dense,
author={Yang, Xue and Hou, Liping and Zhou, Yue and Wang, Wentao and Yan, Junchi},
booktitle={IEEE/CVF Conference on Computer Vision and Pattern Recognition}, 
title={Dense Label Encoding for Boundary Discontinuity Free Rotation Detection}, 
year={2021},
volume={},
number={},
pages={15814-15824},
doi={10.1109/CVPR46437.2021.01556}
}

@INPROCEEDINGS{Liao2018Rotation,
author={Liao, Minghui and Zhu, Zhen and Shi, Baoguang and Xia, Gui-Song and Bai, Xiang},
booktitle={IEEE/CVF Conference on Computer Vision and Pattern Recognition}, 
title={Rotation-Sensitive Regression for Oriented Scene Text Detection}, 
year={2018},
volume={},
number={},
pages={5909-5918},
doi={10.1109/CVPR.2018.00619}
}

@INPROCEEDINGS{Zhou2017EAST,
author={Zhou, Xinyu and Yao, Cong and Wen, He and Wang, Yuzhi and Zhou, Shuchang and He, Weiran and Liang, Jiajun},
booktitle={IEEE Conference on Computer Vision and Pattern Recognition}, 
title={EAST: An Efficient and Accurate Scene Text Detector}, 
year={2017},
volume={},
number={},
pages={2642-2651},
doi={10.1109/CVPR.2017.283}
}

@INPROCEEDINGS{Liu2018FOTS,
author={Liu, Xuebo and Liang, Ding and Yan, Shi and Chen, Dagui and Qiao, Yu and Yan, Junjie},
booktitle={IEEE/CVF Conference on Computer Vision and Pattern Recognition}, 
title={FOTS: Fast Oriented Text Spotting with a Unified Network}, 
year={2018},
volume={},
number={},
pages={5676-5685},
doi={10.1109/CVPR.2018.00595}
}

@ARTICLE{Ma2018Arbitrary,
author={Ma, Jianqi and Shao, Weiyuan and Ye, Hao and Wang, Li and Wang, Hong and Zheng, Yingbin and Xue, Xiangyang},
journal={IEEE Transactions on Multimedia}, 
title={Arbitrary-Oriented Scene Text Detection via Rotation Proposals}, 
year={2018},
volume={20},
number={11},
pages={3111-3122},
doi={10.1109/TMM.2018.2818020}
}

@ARTICLE{Yang2022Arbitrary,
author={Yang, Xue and Yan, Junchi},
journal={International Journal of Computer Vision}, 
title={On the Arbitrary-Oriented Object Detection: Classification Based Approaches Revisited}, 
year={2022},
volume={130},
pages={1340-1365},
doi={10.1007/s11263-022-01593-w}
}

@article{Fu2020Rotation,
title = {Rotation-aware and multi-scale convolutional neural network for object detection in remote sensing images},
journal = {ISPRS Journal of Photogrammetry and Remote Sensing},
volume = {161},
pages = {294-308},
year = {2020},
issn = {0924-2716},
doi = {https://doi.org/10.1016/j.isprsjprs.2020.01.025},
author = {Kun Fu and Zhonghan Chang and Yue Zhang and Guangluan Xu and Keshu Zhang and Xian Sun},
}

@ARTICLE{Wu2022PCBNet,
author={Wu, Hongjin and Lei, Ruoshan and Peng, Yibing},
journal={IEEE Transactions on Instrumentation and Measurement}, 
title={PCBNet: A Lightweight Convolutional Neural Network for Defect Inspection in Surface Mount Technology}, 
year={2022},
volume={71},
number={},
pages={1-14},
doi={10.1109/TIM.2022.3193183}}

@ARTICLE{Liu2020Data,
author={Liu, Yuekai and Gao, Hongli and Guo, Liang and Qin, Aoping and Cai, Canyu and You, Zhichao},
journal={IEEE Transactions on Instrumentation and Measurement}, 
title={A Data-Flow Oriented Deep Ensemble Learning Method for Real-Time Surface Defect Inspection}, 
year={2020},
volume={69},
number={7},
pages={4681-4691},
doi={10.1109/TIM.2019.2957849}
}

@Article{Yang2018Automatic,
AUTHOR = {Yang, Xue and Sun, Hao and Fu, Kun and Yang, Jirui and Sun, Xian and Yan, Menglong and Guo, Zhi},
TITLE = {Automatic Ship Detection in Remote Sensing Images from Google Earth of Complex Scenes Based on Multiscale Rotation Dense Feature Pyramid Networks},
JOURNAL = {Remote Sensing},
VOLUME = {10},
YEAR = {2018},
NUMBER = {1},
ARTICLE-NUMBER = {132},
//URL = {https://www.mdpi.com/2072-4292/10/1/132},
ISSN = {2072-4292},
DOI = {10.3390/rs10010132}
}

@inproceedings{pan2020dynamic,
title={Dynamic Refinement Network for Oriented and Densely Packed Object Detection},
author={Pan, Xingjia and Ren, Yuqiang and Sheng, Kekai and Dong, Weiming and Yuan, Haolei and Guo, Xiaowei and Ma, Chongyang and Xu, Changsheng},
booktitle={IEEE/CVF Conference on Computer Vision and Pattern Recognition},
pages={11207--11216},
year={2020}
}

@article{cheng2022anchor,
title={Anchor-free oriented proposal generator for object detection},
author={Cheng, Gong and Wang, Jiabao and Li, Ke and Xie, Xingxing and Lang, Chunbo and Yao, Yanqing and Han, Junwei},
journal={IEEE Transactions on Geoscience and Remote Sensing},
year={2022},
publisher={IEEE}
}

@article{li2020object,
title={Object detection in optical remote sensing images: A survey and a new benchmark},
author={Li, Ke and Wan, Gang and Cheng, Gong and Meng, Liqiu and Han, Junwei},
journal={ISPRS Journal of Photogrammetry and Remote Sensing},
volume={159},
pages={296--307},
year={2020}
}

@inproceedings{goldman2019precise,
title={Precise detection in densely packed scenes},
author={Goldman, Eran and Herzig, Roei and Eisenschtat, Aviv and Goldberger, Jacob and Hassner, Tal},
booktitle={IEEE/CVF Conference on Computer Vision and Pattern Recognition},
pages={5227--5236},
year={2019}
}

@inproceedings{tian2021boxinst,
title={Boxinst: High-performance instance segmentation with box annotations},
author={Tian, Zhi and Shen, Chunhua and Wang, Xinlong and Chen, Hao},
booktitle={IEEE/CVF Conference on Computer Vision and Pattern Recognition},
pages={5443--5452},
year={2021}
}

@inproceedings{li2022box,
title={Box-supervised Instance Segmentation with Level Set Evolution},
author={Li, Wentong and Liu, Wenyu and Zhu, Jianke and Cui, Miaomiao and Hua, Xiansheng and Zhang, Lei},
booktitle={European Conference on Computer Vision},
year={2022}
}

@article{yang2023h2rbox,
title={H2RBox: Horizontal Box Annotation is All You Need for Oriented Object Detection},
author={Yang, Xue and Zhang, Gefan and Li, Wentong and Wang, Xuehui and Zhou, Yue and Yan, Junchi},
journal={International Conference on Learning Representations},
year={2023}
}

@inproceedings{yu2023psc,
author = {Yu, Yi and Da, Feipeng},
title = {Phase-Shifting Coder: Predicting Accurate Orientation in Oriented Object Detection},
booktitle = {IEEE/CVF Conference on Computer Vision and Pattern Recognition},
year = {2023},
}

@article{Sun2022FAIR1M,
title = {FAIR1M: A benchmark dataset for fine-grained object recognition in high-resolution remote sensing imagery},
journal = {ISPRS Journal of Photogrammetry and Remote Sensing},
volume = {184},
pages = {116-130},
year = {2022},
issn = {0924-2716},
author = {Xian Sun and Peijin Wang and Zhiyuan Yan and Feng Xu and Ruiping Wang and Wenhui Diao and Jin Chen and Jihao Li and Yingchao Feng and Tao Xu and Martin Weinmann and Stefan Hinz and Cheng Wang and Kun Fu},
}

@inproceedings{li2022oriented,
title={Oriented reppoints for aerial object detection},
author={Li, Wentong and Chen, Yijie and Hu, Kaixuan and Zhu, Jianke},
booktitle={IEEE/CVF Conference on Computer Vision and Pattern Recognition},
pages={1829--1838},
year={2022}
}

@article{hou2022grep,
AUTHOR = {Hou, Liping and Lu, Ke and Yang, Xue and Li, Yuqiu and Xue, Jian},
TITLE = {G-Rep: Gaussian Representation for Arbitrary-Oriented Object Detection},
JOURNAL = {Remote Sensing},
VOLUME = {15},
YEAR = {2023},
NUMBER = {3},
ARTICLE-NUMBER = {757},
//URL = {https://www.mdpi.com/2072-4292/15/3/757},
ISSN = {2072-4292},
DOI = {10.3390/rs15030757}
}

@inproceedings{khoreva2017simple,
title={Simple does it: Weakly supervised instance and semantic segmentation},
author={Khoreva, Anna and Benenson, Rodrigo and Hosang, Jan and Hein, Matthias and Schiele, Bernt},
booktitle={IEEE Conference on Computer Vision and Pattern Recognition},
pages={876--885},
year={2017}
}

@article{hsu2019weakly,
title={Weakly supervised instance segmentation using the bounding box tightness prior},
author={Hsu, Cheng-Chun and Hsu, Kuang-Jui and Tsai, Chung-Chi and Lin, Yen-Yu and Chuang, Yung-Yu},
journal={Advances in Neural Information Processing Systems},
volume={32},
year={2019}
}

@inproceedings{he2017mask,
title={Mask r-cnn},
author={He, Kaiming and Gkioxari, Georgia and Doll{\'a}r, Piotr and Girshick, Ross},
booktitle={IEEE International Conference on Computer Vision},
pages={2961--2969},
year={2017}
}

@inproceedings{tian2020conditional,
title={Conditional convolutions for instance segmentation},
author={Tian, Zhi and Shen, Chunhua and Chen, Hao},
booktitle={European Conference on Computer Vision},
pages={282--298},
year={2020},
}

@ARTICLE{Tan2023WSODet,
author={Tan, Zhiwen and Jiang, Zhiguo and Guo, Chen and Zhang, Haopeng},
journal={IEEE Transactions on Geoscience and Remote Sensing}, 
title={WSODet: A Weakly Supervised Oriented Detector for Aerial Object Detection}, 
year={2023},
volume={61},
number={},
pages={1-12},
doi={10.1109/TGRS.2023.3247578}
}

@inproceedings{loshchilov2018decoupled,
title={Decoupled Weight Decay Regularization},
author={Loshchilov, Ilya and Hutter, Frank},
booktitle={International Conference on Learning Representations},
year={2018}
}

@inproceedings{yu2016unitbox,
author = {Yu, Jiahui and Jiang, Yuning and Wang, Zhangyang and Cao, Zhimin and Huang, Thomas},
title = {UnitBox: An Advanced Object Detection Network},
year = {2016},
isbn = {9781450336031},
//publisher = {Association for Computing Machinery},
//url = {https://doi.org/10.1145/2964284.2967274},
doi = {10.1145/2964284.2967274},
booktitle = {24th ACM International Conference on Multimedia},
pages = {516-520},
numpages = {5},
keywords = {object detection, IoU loss, bounding box prediction},
location = {Amsterdam, The Netherlands},
}

@Inproceedings{zhu2023knowledge,
author = {Tianyu Zhu and Bryce Ferenczi and Pulak Purkait and Tom Drummond and Hamid Rezatofighi and Anton van den Hengel},
title = {Knowledge combination to learn rotated detection without rotated annotation},
//url = {https://www.amazon.science/publications/knowledge-combination-to-learn-rotated-detection-without-rotated-annotation},
booktitle = {IEEE/CVF Conference on Computer Vision and Pattern Recognition},
year = {2023},
}

@article{iqbal2021leveraging,
title = {Leveraging orientation for weakly supervised object detection with application to firearm localization},
journal = {Neurocomputing},
volume = {440},
pages = {310-320},
year = {2021},
issn = {0925-2312},
doi = {https://doi.org/10.1016/j.neucom.2021.01.075},
//url = {https://www.sciencedirect.com/science/article/pii/S092523122100151X},
author = {Javed Iqbal and Muhammad Akhtar Munir and Arif Mahmood and Afsheen Rafaqat Ali and Mohsen Ali},
}

@InProceedings{kirillov2023segany,
author    = {Kirillov, Alexander and Mintun, Eric and Ravi, Nikhila and Mao, Hanzi and Rolland, Chloe and Gustafson, Laura and Xiao, Tete and Whitehead, Spencer and Berg, Alexander C. and Lo, Wan-Yen and Dollar, Piotr and Girshick, Ross},
title     = {Segment Anything},
booktitle = {IEEE/CVF International Conference on Computer Vision},
//month     = {October},
year      = {2023},
pages     = {4015-4026}
}

@article{yang2023detecting,
  title={Detecting Rotated Objects as Gaussian Distributions and Its 3-D Generalization},
  author={Yang, Xue and Zhang, Gefan and Yang, Xiaojiang and Zhou, Yue and Wang, Wentao and Tang, Jin and He, Tao and Yan, Junchi},
  journal={IEEE Transactions on Pattern Analysis and Machine Intelligence},
  year={2023},
  volume={45},
  number={4},
  pages={4335-4354},
  publisher={IEEE}
}

@article{liu2020deep,
  title={Deep learning for generic object detection: A survey},
  author={Liu, Li and Ouyang, Wanli and Wang, Xiaogang and Fieguth, Paul and Chen, Jie and Liu, Xinwang and Pietik{\"a}inen, Matti},
  journal={International Journal of Computer Vision},
  volume={128},
  number={2},
  pages={261--318},
  year={2020},
  publisher={Springer}
}

@article{wen2023comprehensive,
  title={A comprehensive survey of oriented object detection in remote sensing images},
  author={Wen, Long and Cheng, Yu and Fang, Yi and Li, Xinyu},
  journal={Expert Systems with Applications},
  pages={119960},
  year={2023},
  publisher={Elsevier}
}

@inproceedings{dosovitskiy2021image,
  title={An image is worth 16x16 words: Transformers for image recognition at scale},
  author={Dosovitskiy, Alexey and Beyer, Lucas and Kolesnikov, Alexander and Weissenborn, Dirk and Zhai, Xiaohua and Unterthiner, Thomas and Dehghani, Mostafa and Minderer, Matthias and Heigold, Georg and Gelly, Sylvain and others},
  booktitle={International Conference on Learning Representations},
  year={2021}
}

@article{Jittor20,
  title={Jittor: a novel deep learning framework with meta-operators and unified graph execution},
  author={Shi-Min Hu and Dun Liang and Guo-Ye Yang and Guo-Wei Yang and Wen-Yang Zhou },
  journal={Science China Information Sciences},
  volume={63},
  pages={1--21},
  year={2020}
}

@INPROCEEDINGS{lee2009curved,
author={Lee, Seungkyu and Liu, Yanxi},
booktitle={IEEE Conference on Computer Vision and Pattern Recognition}, 
title={Curved glide-reflection symmetry detection}, 
year={2009},
volume={},
number={},
pages={1046-1053},
doi={10.1109/CVPR.2009.5206814}
}

@INPROCEEDINGS{seo2022reflection,
author={Seo, Ahyun and Kim, Byungjin and Kwak, Suha and Cho, Minsu},
booktitle={IEEE/CVF Conference on Computer Vision and Pattern Recognition}, 
title={Reflection and Rotation Symmetry Detection via Equivariant Learning}, 
year={2022},
volume={},
number={},
pages={9529-9538},
doi={10.1109/CVPR52688.2022.00932}
}

@INPROCEEDINGS{yu2018cvpr,
author={YU, Tianshu and Yan, Junchi and Zhao, Jieyi and Li, Baochun},
booktitle={IEEE/CVF Conference on Computer Vision and Pattern Recognition}, 
title={Joint Cuts and Matching of Partitions in One Graph}, 
year={2018},
volume={},
number={},}
. 

@INPROCEEDINGS{kondra2013multi,
author={Kondra, Shripad and Petrosino, Alfredo and Iodice, Sara},
booktitle={IEEE Conference on Computer Vision and Pattern Recognition Workshops}, 
title={Multi-scale Kernel Operators for Reflection and Rotation Symmetry: Further Achievements}, 
year={2013},
volume={},
number={},
pages={217-222},
doi={10.1109/CVPRW.2013.39}
}

@ARTICLE{shi2023learning,
author={Shi, Yifei and Xu, Xin and Xi, Junhua and Hu, Xiaochang and Hu, Dewen and Xu, Kai},
journal={IEEE Transactions on Pattern Analysis and Machine Intelligence}, 
title={Learning to Detect 3D Symmetry From Single-View RGB-D Images With Weak Supervision}, 
year={2023},
volume={45},
number={4},
pages={4882-4896},
doi={10.1109/TPAMI.2022.3186876}
}

@INPROCEEDINGS{nagar2017symmmap,
author={Nagar, Rajendra and Raman, Shanmuganathan},
booktitle={IEEE International Conference on Computer Vision Workshops}, 
title={SymmMap: Estimation of the 2-D Reflection Symmetry Map and Its Applications}, 
year={2017},
volume={},
number={},
pages={1715-1724},
doi={10.1109/ICCVW.2017.201}
}

@ARTICLE{nagar2019detecting,
author={Nagar, Rajendra and Raman, Shanmuganathan},
journal={IEEE Transactions on Signal Processing}, 
title={Detecting Approximate Reflection Symmetry in a Point Set Using Optimization on Manifold}, 
year={2019},
volume={67},
number={6},
pages={1582-1595},
doi={10.1109/TSP.2019.2893835}
}

@article{nagar20203dsymm,
title = {3DSymm: Robust and Accurate 3D Reflection Symmetry Detection},
journal = {Pattern Recognition},
volume = {107},
pages = {107483},
year = {2020},
issn = {0031-3203},
doi = {https://doi.org/10.1016/j.patcog.2020.107483},
url = {https://www.sciencedirect.com/science/article/pii/S0031320320302867},
author = {Rajendra Nagar and Shanmuganathan Raman},
keywords = {Reflection symmetry, Point cloud, Optimization},
}

@INPROCEEDINGS{funk2017detecting,
author={Funk, Christopher and Lee, Seungkyu and Oswald, Martin R. and Tsogkas, Stavros and Shen, Wei and Cohen, Andrea and Dickinson, Sven and Liu, Yanxi},
booktitle={IEEE International Conference on Computer Vision Workshops}, 
title={2017 ICCV Challenge: Detecting Symmetry in the Wild}, 
year={2017},
volume={},
number={},
pages={1692-1701},
doi={10.1109/ICCVW.2017.198}
}

@INPROCEEDINGS{liu2020computational,
author="Liu, Yanxi",
title="Computational Symmetry",
booktitle="Computer Vision: A Reference Guide",
year="2020",
//publisher="Springer International Publishing",
//address="Cham",
//pages="1--11",
isbn="978-3-030-03243-2",
doi="10.1007/978-3-030-03243-2_640-2",
url="https://doi.org/10.1007/978-3-030-03243-2_640-2"
}

@inproceedings{sun2021oriented,
title={Oriented Object Detection For Remote Sensing Images Based On Weakly Supervised Learning},
author={Sun, Yongqing and Ran, Jie and Yang, Feng and Gao, Chenqiang and Kurozumi, Takayuki and Kimata, Hideaki and Ye, Ziqi},
booktitle={IEEE International Conference on Multimedia \& Expo Workshops},
pages={1--6},
year={2021},
//organization={IEEE}
}

@inproceedings{bearman2016point,
author="Bearman, Amy
and Russakovsky, Olga
and Ferrari, Vittorio
and Fei-Fei, Li",
//editor="Leibe, Bastian
//and Matas, Jiri
//and Sebe, Nicu
//and Welling, Max",
title="What's the Point: Semantic Segmentation with Point Supervision",
booktitle="European Conference on Computer Vision",
year="2016",
//publisher="Springer International Publishing",
//address="Cham",
pages="549--565",
isbn="978-3-319-46478-7"
}

@inproceedings{fang2019instaboost,
title={Instaboost: Boosting instance segmentation via probability map guided copy-pasting},
author={Fang, Hao-Shu and Sun, Jianhua and Wang, Runzhong and Gou, Minghao and Li, Yong-Lu and Lu, Cewu},
booktitle={IEEE International Conference on Computer Vision},
pages={682--691},
year={2019}
}

@INPROCEEDINGS{cheng2021mask2former,
author={Cheng, Bowen and Misra, Ishan and Schwing, Alexander G. and Kirillov, Alexander and Girdhar, Rohit},
booktitle={2022 IEEE/CVF Conference on Computer Vision and Pattern Recognition (CVPR)}, 
title={Masked-attention Mask Transformer for Universal Image Segmentation}, 
year={2022},
volume={},
number={},
pages={1280-1289},
doi={10.1109/CVPR52688.2022.00135}
}

@InProceedings{fang2021instances,
author    = {Fang, Yuxin and Yang, Shusheng and Wang, Xinggang and Li, Yu and Fang, Chen and Shan, Ying and Feng, Bin and Liu, Wenyu},
title     = {Instances As Queries},
booktitle = {IEEE/CVF International Conference on Computer Vision},
//month     = {October},
year      = {2021},
pages     = {6910-6919}
}

@article{ge2021yolox,
title={{YOLOX}: Exceeding YOLO Series in 2021},
author={Ge, Zheng and Liu, Songtao and Wang, Feng and Li, Zeming and Sun, Jian},
journal={arXiv preprint arXiv:2107.08430},
year={2021}
}

@article{wang2022yolov7,
title={{YOLOv7}: Trainable bag-of-freebies sets new state-of-the-art for real-time object detectors},
author={Wang, Chien-Yao and Bochkovskiy, Alexey and Liao, Hong-Yuan Mark},
journal={arXiv preprint arXiv:2207.02696},
year={2022}
}

@inproceedings{carion2020detr,
title={End-to-End Object Detection with Transformers}, 
author={Nicolas Carion and Francisco Massa and Gabriel Synnaeve and Nicolas Usunier and Alexander Kirillov and Sergey Zagoruyko},
year={2020},
booktitle="European Conference on Computer Vision",
}

@inproceedings{li2023point2mask,
title={Point2Mask: Point-supervised Panoptic Segmentation via Optimal Transport},
author={Wentong Li and Yuqian Yuan and Song Wang and Jianke Zhu and Jianshu Li and Jian Liu and Lei Zhang},
booktitle={IEEE International Conference on Computer Vision},
year={2023}
}

@inproceedings{yu2023h2rboxv2,
author={Yi Yu and Xue Yang and Qingyun Li and Yue Zhou and Feipeng Da and Junchi Yan},
title={H2RBox-v2: Incorporating Symmetry for Boosting Horizontal Box Supervised Oriented Object Detection}, 
booktitle = {Advances in Neural Information Processing Systems},
year = {2023},
}

@INPROCEEDINGS{xie2020polarmask,
author={Xie, Enze and Sun, Peize and Song, Xiaoge and Wang, Wenhai and Liu, Xuebo and Liang, Ding and Shen, Chunhua and Luo, Ping},
booktitle={2020 IEEE/CVF Conference on Computer Vision and Pattern Recognition}, 
title={PolarMask: Single Shot Instance Segmentation With Polar Representation}, 
year={2020},
volume={},
number={},
pages={12190-12199},
doi={10.1109/CVPR42600.2020.01221}
}

@inproceedings{yu2024point2rbox,
  title={Point2RBox: Combine Knowledge from Synthetic Visual Patterns for End-to-end Oriented Object Detection with Single Point Supervision},
  author={Yu, Yi and Yang, Xue and Li, Qingyun and Da, Feipeng and Dai, Jifeng and Qiao, Yu and Yan, Junchi},
  booktitle={Proceedings of the IEEE/CVF Conference on Computer Vision and Pattern Recognition},
  pages={16783--16793},
  year={2024}
}

@inproceedings{luo2024pointobb,
  title={PointOBB: Learning Oriented Object Detection via Single Point Supervision},
  author={Luo, Junwei and Yang, Xue and Yu, Yi and Li, Qingyun and Yan, Junchi and Li, Yansheng},
  booktitle={Proceedings of the IEEE/CVF Conference on Computer Vision and Pattern Recognition},
  pages={16730--16740},
  year={2024}
}

@inproceedings{li2024sardet100k,
title={SARDet-100K: Towards Open-Source Benchmark and ToolKit for Large-Scale SAR Object Detection}, 
author={Yuxuan Li and Xiang Li and Weijie Li and Qibin Hou and Li Liu and Ming-Ming Cheng and Jian Yang},
year={2024},
booktitle={Advances in Neural Information Processing Systems},
}

@INPROCEEDINGS{chen2022pointtobox,
title={Point-to-Box Network for Accurate Object Detection via Single Point Supervision}, 
author={Pengfei Chen and Xuehui Yu and Xumeng Han and Najmul Hassan and Kai Wang and Jiachen Li and Jian Zhao and Humphrey Shi and Zhenjun Han and Qixiang Ye},
year={2022},
booktitle={European Conference on Computer Vision},
}

@article{cao2023p2rbox,
title={P2RBox: Point Prompt Oriented Object Detection with {SAM}}, 
author={Guangming Cao and Xuehui Yu and Wenwen Yu and Xumeng Han and Xue Yang and Guorong Li and Jianbin Jiao and Zhenjun Han},
year={2024},
eprint={2311.13128},
archivePrefix={arXiv},
primaryClass={cs.CV},
journal={arXiv preprint arXiv:2311.13128},
}

@article{gunduz2022diatom,
title={Diatom Dataset},
//url={https://www.kaggle.com/ds/1187591},
DOI={10.34740/KAGGLE/DS/1187591},
publisher={Kaggle},
journal={Kaggle (Dataset)},
url={https://doi.org/10.34740/kaggle/ds/1187591},
author={H√ºseyin G√ºnd√ºz},
year={2022}
}

@article{yu2024pcb,
title={PCB Oriented Detection},
//url={https://www.kaggle.com/ds/5060183},
DOI={10.34740/KAGGLE/DS/5060183},
publisher={Kaggle},
journal={Kaggle (Dataset)},
url={https://doi.org/10.34740/kaggle/ds/5060183},
author={Yi Yu},
year={2024}
}

@INPROCEEDINGS{chen2021yolof,
author={Chen, Qiang and Wang, Yingming and Yang, Tong and Zhang, Xiangyu and Cheng, Jian and Sun, Jian},
booktitle={IEEE/CVF Conference on Computer Vision and Pattern Recognition}, 
title={You Only Look One-level Feature}, 
year={2021},
volume={},
number={},
pages={13034-13043},
doi={10.1109/CVPR46437.2021.01284}
}

@ARTICLE{feng2021deep,
author={Feng, Di and Haase-Sch√ºtz, Christian and Rosenbaum, Lars and Hertlein, Heinz and Gl√§ser, Claudius and Timm, Fabian and Wiesbeck, Werner and Dietmayer, Klaus},
journal={IEEE Transactions on Intelligent Transportation Systems}, 
title={Deep Multi-Modal Object Detection and Semantic Segmentation for Autonomous Driving: Datasets, Methods, and Challenges}, 
year={2021},
volume={22},
number={3},
pages={1341-1360},
doi={10.1109/TITS.2020.2972974}
}

@ARTICLE{zhang2023remote,
author={Zhang, Xiangrong and Zhang, Tianyang and Wang, Guanchun and Zhu, Peng and Tang, Xu and Jia, Xiuping and Jiao, Licheng},
journal={IEEE Geoscience and Remote Sensing Magazine}, 
title={Remote Sensing Object Detection Meets Deep Learning: A metareview of challenges and advances}, 
year={2023},
volume={11},
number={4},
pages={8-44},
keywords={Object detection;Feature extraction;Remote sensing;Data augmentation;Detectors;Sensors;Task analysis},
doi={10.1109/MGRS.2023.3312347}
}

@ARTICLE{Zhang2023Efficient,
author={Zhang, Cong and Su, Jingran and Ju, Yakun and Lam, Kin-Man and Wang, Qi},
journal={IEEE Transactions on Geoscience and Remote Sensing}, 
title={Efficient Inductive Vision Transformer for Oriented Object Detection in Remote Sensing Imagery}, 
year={2023},
volume={61},
number={},
pages={1-20},
keywords={Remote sensing;Transformers;Object detection;Detectors;Sensors;Feature extraction;Task analysis;Adaptive tokens;inductive biases;object detection;remote sensing imagery;vision Transformers},
doi={10.1109/TGRS.2023.3292418}
}

@ARTICLE{wadalabelme,
author = {Wada, Kentaro},
doi = {10.5281/zenodo.5711226},
license = {GPL-3},
title = {{Labelme: Image Polygonal Annotation with Python}},
url = {https://github.com/wkentaro/labelme},
journal = {Software}
}

@ARTICLE{cvhubxanylabeling,
author = {CVHub},
license = {GPL-3},
title = {{X-AnyLabeling: Advanced Auto Labeling Solution with Added Features}},
url = {https://github.com/CVHub520/X-AnyLabeling},
journal = {Software}
}

@ARTICLE{cgvictrolabelimg,
author = {Cgvict},
title = {{roLabelImg: Label Rotated Rect on Images for Training}},
url = {https://github.com/cgvict/roLabelImg},
journal = {Software}
}


@Article{gui2024remote,
AUTHOR = {Gui, Shengxi and Song, Shuang and Qin, Rongjun and Tang, Yang},
TITLE = {Remote Sensing Object Detection in the Deep Learning Era---A Review},
JOURNAL = {Remote Sensing},
VOLUME = {16},
YEAR = {2024},
NUMBER = {2},
ARTICLE-NUMBER = {327},
//URL = {https://www.mdpi.com/2072-4292/16/2/327},
ISSN = {2072-4292},
DOI = {10.3390/rs16020327}
}

@Article{bilodeau2022microscopy,
AUTHOR = {Bilodeau, Anthony and Delmas, Constantin V. L. and Parent, Martin and De Koninck, Paul and Durand, Audrey and Lavoie-Cardinal, Flavie},
TITLE = {Microscopy analysis neural network to solve detection, enumeration and segmentation from image-level annotations},
JOURNAL = {Nature Machine Intelligence},
VOLUME = {4},
YEAR = {2022},
NUMBER = {5},
PAGES = {455-466},
ISSN = {2522-5839},
DOI = {10.1038/s42256-022-00472-w}
}

@article{fan2023deep,
  title={Deep Learning-Based Binocular Image Analysis for In Situ Measurement of Particle Length Distribution During Crystallization Process},
  author={Fan, Ji and Liu, Tao and Shuang, Yongcan and Song, Bo and Chen, Junghui and Tan, Yonghong},
  journal={IEEE Transactions on Instrumentation and Measurement},
  year={2023},
  publisher={IEEE}
}

@Article{orr2021high,
AUTHOR = {Orr, Itai and Cohen, Moshik and Zalevsky, Zeev},
TITLE = {High-resolution radar road segmentation using weakly supervised learning},
JOURNAL = {Nature Machine Intelligence},
VOLUME = {3},
YEAR = {2021},
NUMBER = {3},
PAGES = {239-246},
ISSN = {2522-5839},
DOI = {10.1038/s42256-020-00288-6}
}

@INPROCEEDINGS{zhou2019iou,
author={Zhou, Dingfu and Fang, Jin and Song, Xibin and Guan, Chenye and Yin, Junbo and Dai, Yuchao and Yang, Ruigang},
booktitle={International Conference on 3D Vision (3DV)}, 
title={IoU Loss for 2D/3D Object Detection}, 
year={2019},
volume={},
number={},
pages={85-94},
doi={10.1109/3DV.2019.00019}
}

@InProceedings{zheng2020rotation,
author="Zheng, Yu
and Zhang, Danyang
and Xie, Sinan
and Lu, Jiwen
and Zhou, Jie",
title="Rotation-Robust Intersection over Union for 3D Object Detection",
booktitle="European Conference on Computer Vision",
year="2020",
pages="464--480",
isbn="978-3-030-58565-5"
}

@article{wang2024explicit,
  title={Explicit and Implicit Box Equivariance Learning for Weakly-Supervised Rotated Object Detection},
  author={Wang, Linfei and Zhan, Yibing and Lin, Xu and Yu, Baosheng and Ding, Liang and Zhu, Jianqing and Tao, Dapeng},
  journal={IEEE Transactions on Emerging Topics in Computational Intelligence},
  year={2024},
  publisher={IEEE}
}

@InProceedings{holomjova2022exploring,
  title={Exploring rotated object detection models for antipodal robotic grasping},
  author={Holomjova, Valerija and Mei{\ss}ner, Pascal},
  booktitle={UK Robotics and Autonomous Systems Conference},
  year={2022}
}

@article{liu2022wsrd,
  title={WSRD-Net: A convolutional neural network-based arbitrary-oriented wheat stripe rust detection method},
  author={Liu, Haiyun and Jiao, Lin and Wang, Rujing and Xie, Chengjun and Du, Jianming and Chen, Hongbo and Li, Rui},
  journal={Frontiers in Plant Science},
  volume={13},
  pages={876069},
  year={2022},
  publisher={Frontiers Media SA}
}

@article{zhao2022deep,
  title={A deep learning method for oriented and small wheat spike detection (OSWSDet) in UAV images},
  author={Zhao, Jianqing and Yan, Jiawei and Xue, Tianjie and Wang, Suwan and Qiu, Xiaolei and Yao, Xia and Tian, Yongchao and Zhu, Yan and Cao, Weixing and Zhang, Xiaohu},
  journal={Computers and Electronics in Agriculture},
  volume={198},
  pages={107087},
  year={2022},
  publisher={Elsevier}
}

@article{song2022precise,
  title={Precise maize detasseling base on oriented object detection for tassels},
  author={Song, Chaoyu and Zhang, Fan and Li, Jiansheng and Zhang, Junxiong},
  journal={Computers and Electronics in Agriculture},
  volume={202},
  pages={107382},
  year={2022},
  publisher={Elsevier}
}

@inproceedings{li2019detecting,
  title={Detecting lesion bounding ellipses with gaussian proposal networks},
  author={Li, Yi},
  booktitle={Machine Learning in Medical Imaging: 10th International Workshop},
  pages={337--344},
  year={2019},
  //organization={Springer}
}

@inproceedings{memariani2016detec,
  title={DeTEC: detection of touching elongated cells in sem images},
  author={Memariani, Ali and Nikou, Christophoros and Endres, Bradley T and Bass{\`e}res, Eug{\'e}nie and Garey, Kevin W and Kakadiaris, Ioannis A},
  booktitle={Advances in Visual Computing: 12th International Symposium},
  pages={288--297},
  year={2016},
  //organization={Springer}
}

@inproceedings{shi2018real,
  title={Real-time rotation-invariant face detection with progressive calibration networks},
  author={Shi, Xuepeng and Shan, Shiguang and Kan, Meina and Wu, Shuzhe and Chen, Xilin},
  booktitle={IEEE Conference on Computer Vision and Pattern Recognition},
  pages={2295--2303},
  year={2018}
}

@article{cao2024aitars,
  title={AiTARs-Net: A novel network for detecting arbitrary-oriented transverse aeolian ridges from Tianwen-1 HiRIC images},
  author={Cao, Zhen and Kang, Zhizhong and Hu, Teng and Yang, Ze and Chen, Dong and Ren, Xiaolan and Meng, Qingyu and Wang, Dong},
  journal={ISPRS Journal of Photogrammetry and Remote Sensing},
  volume={211},
  pages={135--155},
  year={2024},
  publisher={Elsevier}
}

@article{yang2024rotatedstomatanet,
  title={RotatedStomataNet: a deep rotated object detection network for directional stomata phenotype analysis},
  author={Yang, Xiaohui and Wang, Jiahui and Li, Fan and Zhou, Chenglong and Wu, Minghui and Zheng, Chen and Yang, Lijun and Li, Zhi and Li, Yong and Guo, Siyi and others},
  journal={Plant Cell Reports},
  volume={43},
  number={5},
  pages={1--18},
  year={2024},
  publisher={Springer}
}

@inproceedings{gong2023oriented,
  title={An Oriented Object Detector towards Diatoms},
  author={Gong, Song and Wu, Kaijie and Xia, Zhiying and Ran, Lihua and Gu, Chaochen and Lu, Changsheng and Guan, Tongkun and Zhao, Yudi},
  booktitle={International Joint Conference on Neural Networks},
  pages={1--8},
  year={2023},
  organization={IEEE}
}

@article{nedeljkovic2023yudo,
  title={YUDO: YOLO for Uniform Directed Object Detection},
  author={Nedeljkovic, Dorde},
  journal={arXiv preprint arXiv:2308.04542},
  year={2023}
}

@article{wei2022detecting,
  title={Detecting insulator strings as linked chain structure in smart grid inspection},
  author={Wei, Ning and Li, Xiangyang and Jin, Jiaqi and Chen, Peng and Sun, Shuifa},
  journal={IEEE Transactions on Industrial Informatics},
  year={2022},
  publisher={IEEE}
}

@article{lin2023automatic,
  title={Automatic Overheating Defect Diagnosis Based on Rotated Detector for Insulator in Infrared Image},
  author={Lin, Yu and Tian, Lianfang and Du, Qiliang},
  journal={IEEE Sensors Journal},
  year={2023},
  publisher={IEEE}
}

@INPROCEEDINGS{gao2022weakly,
title={Weakly-Supervised Salient Object Detection Using Point Supervision}, 
author={Shuyong Gao and Wei Zhang and Yan Wang and Qianyu Guo and Chenglong Zhang and Yangji He and Wenqiang Zhang},
year={2022},
booktitle={AAAI Conference on Artificial Intelligence},
volume={36},
pages={670-678}
}

@INPROCEEDINGS{chen2021points,
author={Chen, Liangyu and Yang, Tong and Zhang, Xiangyu and Zhang, Wei and Sun, Jian},
booktitle={IEEE/CVF Conference on Computer Vision and Pattern Recognition}, 
title={Points as Queries: Weakly Semi-supervised Object Detection by Points}, 
year={2021},
volume={},
number={},
pages={8819-8828},
doi={10.1109/CVPR46437.2021.00871}
}

@INPROCEEDINGS{zhang2022grouprcnn,
author={Zhang, Shilong and Yu, Zhuoran and Liu, Liyang and Wang, Xinjiang and Zhou, Aojun and Chen, Kai},
booktitle={IEEE/CVF Conference on Computer Vision and Pattern Recognition}, 
title={Group R-CNN for Weakly Semi-supervised Object Detection with Points}, 
year={2022},
volume={},
number={},
pages={9407-9416},
doi={10.1109/CVPR52688.2022.00920}
}

@InProceedings{yu2022object,
author    = {Yu, Xuehui and Chen, Pengfei and Wu, Di and Hassan, Najmul and Li, Guorong and Yan, Junchi and Shi, Humphrey and Ye, Qixiang and Han, Zhenjun},
title     = {Object Localization Under Single Coarse Point Supervision},
booktitle = {IEEE/CVF Conference on Computer Vision and Pattern Recognition},
//month     = {June},
year      = {2022},
pages     = {4868-4877}
}

@ARTICLE{yu2024boundary,
author={Yu, Yi and Da, Feipeng},
journal={IEEE Transactions on Pattern Analysis and Machine Intelligence}, 
title={On Boundary Discontinuity in Angle Regression Based Arbitrary Oriented Object Detection}, 
year={2024},
volume={},
number={},
pages={1-14},
keywords={Feature extraction;Detectors;Proposals;Artificial neural networks;YOLO;Visualization;Codes;Angle regression;boundary discontinuity;oriented object detection;phase-shifting coder},
doi={10.1109/TPAMI.2024.3378777}
}

@ARTICLE{li2024star,
author={Li, Yansheng and Wang, Linlin and Wang, Tingzhu and Yang, Xue and Luo, Junwei and Wang, Qi and Deng, Youming and Wang, Wenbin and Sun, Xian and Li, Haifeng and Dang, Bo and Zhang, Yongjun and Yu, Yi and Yan, Junchi},
journal={IEEE Transactions on Pattern Analysis and Machine Intelligence}, 
title={STAR: A First-Ever Dataset and A Large-Scale Benchmark for Scene Graph Generation in Large-Size Satellite Imagery}, 
year={2024},
volume={},
number={},
pages={1-18},
keywords={Stars;Annotations;Marine vehicles;Satellite images;Visualization;Object detection;Cognition;Benchmark testing;Complexity theory;Bridges;Scene graph generation benchmark;large-size satellite imagery;object detection;relationship prediction},
doi={10.1109/TPAMI.2024.3508072}
}

@inproceedings{cheng2021grasp,
  title={Grasp pose detection from a single RGB image},
  author={Cheng, Hu and Wang, Yingying and Meng, Max Q-H},
  booktitle={2021 IEEE/RSJ International Conference on Intelligent Robots and Systems},
  pages={4686--4691},
  year={2021},
  //organization={IEEE}
}

@article{li2024pcbssd,
title = {PCBSSD: Self-supervised symmetry-aware detector for PCB displacement and orientation inspection},
journal = {Measurement},
volume = {243},
pages = {116342},
year = {2025},
issn = {0263-2241},
doi = {https://doi.org/10.1016/j.measurement.2024.116342},
//url = {https://www.sciencedirect.com/science/article/pii/S0263224124022279},
author = {Jingxuan Li and Feipeng Da and Yi Yu},
keywords = {Oriented object detection, Defect detection, Self-supervised learning, Printed circuit boards, Automated optical inspection},
}
@inproceedings{xiao2024theoretically,
  title={Theoretically Achieving Continuous Representation of Oriented Bounding Boxes},
  author={Xiao, Zikai and Yang, Guoye and Yang, Xue and Mu, Taijiang and Yan, Junchi and Hu, Shimin},
  booktitle={IEEE/CVF Conference on Computer Vision and Pattern Recognition},
  pages={16912--16922},
  year={2024}
}

@ARTICLE{zheng2024zone,
author={Zheng, Zhaohui and Chen, Yuming and Hou, Qibin and Li, Xiang and Wang, Ping and Cheng, Ming-Ming},
journal={IEEE Transactions on Pattern Analysis and Machine Intelligence}, 
title={Zone Evaluation: Revealing Spatial Bias in Object Detection}, 
year={2024},
volume={},
number={},
pages={1-16},
doi={10.1109/TPAMI.2024.3409416}
}

@article{hu2020jittor,
title={Jittor: a novel deep learning framework with meta-operators and unified graph execution},
author={Hu, Shi-Min and Liang, Dun and Yang, Guo-Ye and Yang, Guo-Wei and Zhou, Wen-Yang},
journal={Science China Information Sciences},
volume={63},
number={222103},
pages={1--21},
year={2020}
}


@inproceedings{ying2023mapping,
  title={Mapping degeneration meets label evolution: Learning infrared small target detection with single point supervision},
  author={Ying, Xinyi and Liu, Li and Wang, Yingqian and Li, Ruojing and Chen, Nuo and Lin, Zaiping and Sheng, Weidong and Zhou, Shilin},
  booktitle={Proceedings of the IEEE/CVF Conference on Computer Vision and Pattern Recognition},
  pages={15528--15538},
  year={2023}
}

@article{zhou2024diffdet4sar,
  title={DiffDet4SAR: Diffusion-based aircraft target detection network for SAR images},
  author={Zhou, Jie and Xiao, Chao and Peng, Bo and Liu, Zhen and Liu, Li and Liu, Yongxiang and Li, Xiang},
  journal={IEEE Geoscience and Remote Sensing Letters},
  year={2024},
  publisher={IEEE}
}

@article{lu2024afws,
  title={AFWS: Angle-Free Weakly-Supervised Rotating Object Detection for Remote Sensing Images},
  author={Lu, Junyan and Hu, Qinglei and Zhu, Ruifei and Wei, Yali and Li, Tie},
  journal={IEEE Transactions on Geoscience and Remote Sensing},
  year={2024},
  publisher={IEEE}
}

@inproceedings{ren2025pointobbv2,
title={PointOBB-v2: Towards Simpler, Faster, and Stronger Single Point Supervised Oriented Object Detection}, 
author={Botao Ren and Xue Yang and Yi Yu and Junwei Luo and Zhidong Deng},
year={2025},
booktitle={International Conference on Learning Representations},
}

@article{zhang2025pointobbv3,
  title={PointOBB-v3: Expanding Performance Boundaries of Single Point-Supervised Oriented Object Detection},
  author={Zhang, Peiyuan and Luo, Junwei and Yang, Xue and Yu, Yi and Li, Qingyun and Zhou, Yue and Jia, Xiaosong and Lu, Xudong and Chen, Jingdong and Li, Xiang and others},
  journal={arXiv preprint arXiv:2501.13898},
  year={2025}
}

@article{yu2025point2rboxv2,
  title={Point2RBox-v2: Rethinking Point-supervised Oriented Object Detection with Spatial Layout Among Instances}, 
  author={Yi Yu and Botao Ren and Peiyuan Zhang and Mingxin Liu and Junwei Luo and Shaofeng Zhang and Feipeng Da and Junchi Yan and Xue Yang},
  year={2025},
  journal={arXiv preprint arXiv:2502.04268},
}

@article{pointobbv2,
title={PointOBB-v2: Towards Simpler, Faster, and Stronger Single Point Supervised Oriented Object Detection},
author={Ren, Botao and Yang, Xue and Yu, Yi and Luo, Junwei and Deng, Zhidong},
journal={arXiv preprint arXiv:2410.08210},
year={2024}
}

@article{li2025simple,
  title={A simple aerial detection baseline of multimodal language models},
  author={Li, Qingyun and Chen, Yushi and Shu, Xinya and Chen, Dong and He, Xin and Yu, Yi and Yang, Xue},
  journal={arXiv preprint arXiv:2501.09720},
  year={2025}
}
