@InProceedings{Ding2018Learning,
author = {Ding, Jian and Xue, Nan and Long, Yang and Xia, Gui-Song and Lu, Qikai},
title = {Learning RoI Transformer for Oriented Object Detection in Aerial Images},
booktitle = {IEEE/CVF Conference on Computer Vision and Pattern Recognition},
pages={2849--2858},
year = {2019}
}

@INPROCEEDINGS{Han2021Redet,
author={Han, Jiaming and Ding, Jian and Xue, Nan and Xia, Gui-Song},
booktitle={IEEE/CVF Conference on Computer Vision and Pattern Recognition}, 
title={ReDet: A Rotation-Equivariant Detector for Aerial Object Detection}, 
year={2021},
volume={},
number={},
pages={2785-2794},
doi={10.1109/CVPR46437.2021.00281}
}

@ARTICLE{Han2022Align,
author={Han, Jiaming and Ding, Jian and Li, Jie and Xia, Gui-Song},
journal={IEEE Transactions on Geoscience and Remote Sensing}, 
title={Align Deep Features for Oriented Object Detection}, 
year={2022},
volume={60},
number={},
pages={1-11},
doi={10.1109/TGRS.2021.3062048}
}

@ARTICLE{Lin2017Focal,
author={Lin, Tsung-Yi and Goyal, Priya and Girshick, Ross and He, Kaiming and Doll√°r, Piotr},
journal={IEEE Transactions on Pattern Analysis and Machine Intelligence}, 
title={Focal Loss for Dense Object Detection}, 
year={2020},
volume={42},
number={2},
pages={318-327},
doi={10.1109/TPAMI.2018.2858826}}

@INPROCEEDINGS{Qian2021RSDet,
author={Wen Qian and Xue Yang and Silong Peng and Junchi Yan and Yue Guo},
booktitle={AAAI Conference on Artificial Intelligence}, 
title={Learning Modulated Loss for Rotated Object Detection}, 
year={2021},
volume={35},
//number={3},
pages={2458-2466}}

@INPROCEEDINGS{Tian2019FCOS,
author={Tian, Zhi and Shen, Chunhua and Chen, Hao and He, Tong},
booktitle={IEEE/CVF International Conference on Computer Vision}, 
title={FCOS: Fully Convolutional One-Stage Object Detection}, 
year={2019},
volume={},
number={},
pages={9626-9635},
doi={10.1109/ICCV.2019.00972}}

@InProceedings{Xie2021Oriented,
author = {Xie, Xingxing and Cheng, Gong and Wang, Jiabao and Yao, Xiwen and Han, Junwei},
title = {Oriented R-CNN for Object Detection},
booktitle = {IEEE/CVF International Conference on Computer Vision},
//month = {October},
year = {2021},
pages = {3520-3529}
}

@INPROCEEDINGS{Yang2019Reppoints,
author={Yang, Ze and Liu, Shaohui and Hu, Han and Wang, Liwei and Lin, Stephen},
booktitle={IEEE/CVF International Conference on Computer Vision}, 
title={RepPoints: Point Set Representation for Object Detection}, 
year={2019},
volume={},
number={},
pages={9656-9665},
doi={10.1109/ICCV.2019.00975}}

@INPROCEEDINGS{Yang2019SCRDet,
author={Yang, Xue and Yang, Jirui and Yan, Junchi and Zhang, Yue and Zhang, Tengfei and Guo, Zhi and Sun, Xian and Fu, Kun},
booktitle={IEEE/CVF International Conference on Computer Vision}, 
title={SCRDet: Towards More Robust Detection for Small, Cluttered and Rotated Objects}, 
year={2019},
volume={},
number={},
pages={8231-8240},
doi={10.1109/ICCV.2019.00832}}

@inproceedings{Yang2020Arbitrary,
title={Arbitrary-Oriented Object Detection with Circular Smooth Label},
author={Yang, Xue and Yan, Junchi},
booktitle={European Conference on Computer Vision},
pages={677--694},
year={2020}
}

@INPROCEEDINGS{Yang2021Dense,
author={Yang, Xue and Hou, Liping and Zhou, Yue and Wang, Wentao and Yan, Junchi},
booktitle={IEEE/CVF Conference on Computer Vision and Pattern Recognition}, 
title={Dense Label Encoding for Boundary Discontinuity Free Rotation Detection}, 
year={2021},
volume={},
number={},
pages={15814-15824},
doi={10.1109/CVPR46437.2021.01556}
}

@inproceedings{Yang2021Learning,
author = {Yang, Xue and Yang, Xiaojiang and Yang, Jirui and Ming, Qi and Wang, Wentao and Tian, Qi and Yan, Junchi},
booktitle = {Advances in Neural Information Processing Systems},
//editor = {M. Ranzato and A. Beygelzimer and Y. Dauphin and P.S. Liang and J. Wortman Vaughan},
pages = {18381--18394},
//publisher = {Curran Associates, Inc.},
title = {Learning High-Precision Bounding Box for Rotated Object Detection via Kullback-Leibler Divergence},
//url = {https://proceedings.neurips.cc/paper/2021/file/98f13708210194c475687be6106a3b84-Paper.pdf},
volume = {34},
year = {2021}
}

@inproceedings{Yang2021R3Det,
title={R3Det: Refined Single-Stage Detector with Feature Refinement for Rotating Object},
author={Yang, Xue and Yan, Junchi and Feng, Ziming and He, Tao},
booktitle={AAAI Conference on Artificial Intelligence},
volume={35},
//number={4},
pages={3163--3171},
year={2021}
}

@inproceedings{Yang2021Rethinking,
title={Rethinking Rotated Object Detection with Gaussian Wasserstein Distance Loss},
author={Yang, Xue and Yan, Junchi and Qi, Ming and Wang, Wentao and Zhang, Xiaopeng and Qi, Tian},
booktitle={38th International Conference on Machine Learning},
year={2021},
volume={139},
number={},
pages={11830-11841},
}

@ARTICLE{Zhao2019Object,
author={Zhao, Zhong-Qiu and Zheng, Peng and Xu, Shou-Tao and Wu, Xindong},
journal={IEEE Transactions on Neural Networks and Learning Systems}, 
title={Object Detection With Deep Learning: A Review}, 
year={2019},
volume={30},
number={11},
pages={3212-3232},
doi={10.1109/TNNLS.2018.2876865}}

@article{cao2023p2rbox,
title={P2RBox: Point Prompt Oriented Object Detection with {SAM}}, 
author={Guangming Cao and Xuehui Yu and Wenwen Yu and Xumeng Han and Xue Yang and Guorong Li and Jianbin Jiao and Zhenjun Han},
year={2024},
eprint={2311.13128},
archivePrefix={arXiv},
primaryClass={cs.CV},
journal={arXiv preprint arXiv:2311.13128},
}

@inproceedings{carion2020detr,
title={End-to-End Object Detection with Transformers}, 
author={Nicolas Carion and Francisco Massa and Gabriel Synnaeve and Nicolas Usunier and Alexander Kirillov and Sergey Zagoruyko},
year={2020},
booktitle="European Conference on Computer Vision",
}

@INPROCEEDINGS{chen2021points,
author={Chen, Liangyu and Yang, Tong and Zhang, Xiangyu and Zhang, Wei and Sun, Jian},
booktitle={IEEE/CVF Conference on Computer Vision and Pattern Recognition}, 
title={Points as Queries: Weakly Semi-supervised Object Detection by Points}, 
year={2021},
volume={},
number={},
pages={8819-8828},
doi={10.1109/CVPR46437.2021.00871}
}

@INPROCEEDINGS{chen2022pointtobox,
title={Point-to-Box Network for Accurate Object Detection via Single Point Supervision}, 
author={Pengfei Chen and Xuehui Yu and Xumeng Han and Najmul Hassan and Kai Wang and Jiachen Li and Jian Zhao and Humphrey Shi and Zhenjun Han and Qixiang Ye},
year={2022},
booktitle={European Conference on Computer Vision},
}

@INPROCEEDINGS{gao2022weakly,
title={Weakly-Supervised Salient Object Detection Using Point Supervision}, 
author={Shuyong Gao and Wei Zhang and Yan Wang and Qianyu Guo and Chenglong Zhang and Yangji He and Wenqiang Zhang},
year={2022},
booktitle={AAAI Conference on Artificial Intelligence},
volume={36},
pages={670-678}
}

@inproceedings{he2017mask,
title={Mask r-cnn},
author={He, Kaiming and Gkioxari, Georgia and Doll{\'a}r, Piotr and Girshick, Ross},
booktitle={IEEE International Conference on Computer Vision},
pages={2961--2969},
year={2017}
}

@article{hou2022grep,
AUTHOR = {Hou, Liping and Lu, Ke and Yang, Xue and Li, Yuqiu and Xue, Jian},
TITLE = {G-Rep: Gaussian Representation for Arbitrary-Oriented Object Detection},
JOURNAL = {Remote Sensing},
VOLUME = {15},
YEAR = {2023},
NUMBER = {3},
ARTICLE-NUMBER = {757},
//URL = {https://www.mdpi.com/2072-4292/15/3/757},
ISSN = {2072-4292},
DOI = {10.3390/rs15030757}
}

@article{hsu2019weakly,
title={Weakly supervised instance segmentation using the bounding box tightness prior},
author={Hsu, Cheng-Chun and Hsu, Kuang-Jui and Tsai, Chung-Chi and Lin, Yen-Yu and Chuang, Yung-Yu},
journal={Advances in Neural Information Processing Systems},
volume={32},
year={2019}
}

@article{iqbal2021leveraging,
title = {Leveraging orientation for weakly supervised object detection with application to firearm localization},
journal = {Neurocomputing},
volume = {440},
pages = {310-320},
year = {2021},
issn = {0925-2312},
doi = {https://doi.org/10.1016/j.neucom.2021.01.075},
//url = {https://www.sciencedirect.com/science/article/pii/S092523122100151X},
author = {Javed Iqbal and Muhammad Akhtar Munir and Arif Mahmood and Afsheen Rafaqat Ali and Mohsen Ali},
}

@inproceedings{khoreva2017simple,
title={Simple does it: Weakly supervised instance and semantic segmentation},
author={Khoreva, Anna and Benenson, Rodrigo and Hosang, Jan and Hein, Matthias and Schiele, Bernt},
booktitle={IEEE Conference on Computer Vision and Pattern Recognition},
pages={876--885},
year={2017}
}

@InProceedings{kirillov2023segany,
author    = {Kirillov, Alexander and Mintun, Eric and Ravi, Nikhila and Mao, Hanzi and Rolland, Chloe and Gustafson, Laura and Xiao, Tete and Whitehead, Spencer and Berg, Alexander C. and Lo, Wan-Yen and Dollar, Piotr and Girshick, Ross},
title     = {Segment Anything},
booktitle = {IEEE/CVF International Conference on Computer Vision},
//month     = {October},
year      = {2023},
pages     = {4015-4026}
}

@inproceedings{li2022box,
title={Box-supervised Instance Segmentation with Level Set Evolution},
author={Li, Wentong and Liu, Wenyu and Zhu, Jianke and Cui, Miaomiao and Hua, Xiansheng and Zhang, Lei},
booktitle={European Conference on Computer Vision},
year={2022}
}

@inproceedings{li2022oriented,
title={Oriented reppoints for aerial object detection},
author={Li, Wentong and Chen, Yijie and Hu, Kaixuan and Zhu, Jianke},
booktitle={IEEE/CVF Conference on Computer Vision and Pattern Recognition},
pages={1829--1838},
year={2022}
}

@inproceedings{li2023point2mask,
title={Point2Mask: Point-supervised Panoptic Segmentation via Optimal Transport},
author={Wentong Li and Yuqian Yuan and Song Wang and Jianke Zhu and Jianshu Li and Jian Liu and Lei Zhang},
booktitle={IEEE International Conference on Computer Vision},
year={2023}
}

@article{li2025simple,
  title={A simple aerial detection baseline of multimodal language models},
  author={Li, Qingyun and Chen, Yushi and Shu, Xinya and Chen, Dong and He, Xin and Yu, Yi and Yang, Xue},
  journal={arXiv preprint arXiv:2501.09720},
  year={2025}
}

@article{liu2020deep,
  title={Deep learning for generic object detection: A survey},
  author={Liu, Li and Ouyang, Wanli and Wang, Xiaogang and Fieguth, Paul and Chen, Jie and Liu, Xinwang and Pietik{\"a}inen, Matti},
  journal={International Journal of Computer Vision},
  volume={128},
  number={2},
  pages={261--318},
  year={2020},
  publisher={Springer}
}

@article{lu2024afws,
  title={AFWS: Angle-Free Weakly-Supervised Rotating Object Detection for Remote Sensing Images},
  author={Lu, Junyan and Hu, Qinglei and Zhu, Ruifei and Wei, Yali and Li, Tie},
  journal={IEEE Transactions on Geoscience and Remote Sensing},
  year={2024},
  publisher={IEEE}
}

@inproceedings{luo2024pointobb,
  title={PointOBB: Learning Oriented Object Detection via Single Point Supervision},
  author={Luo, Junwei and Yang, Xue and Yu, Yi and Li, Qingyun and Yan, Junchi and Li, Yansheng},
  booktitle={Proceedings of the IEEE/CVF Conference on Computer Vision and Pattern Recognition},
  pages={16730--16740},
  year={2024}
}

@inproceedings{ren2025pointobbv2,
title={PointOBB-v2: Towards Simpler, Faster, and Stronger Single Point Supervised Oriented Object Detection}, 
author={Botao Ren and Xue Yang and Yi Yu and Junwei Luo and Zhidong Deng},
year={2025},
booktitle={International Conference on Learning Representations},
}

@inproceedings{sun2021oriented,
title={Oriented Object Detection For Remote Sensing Images Based On Weakly Supervised Learning},
author={Sun, Yongqing and Ran, Jie and Yang, Feng and Gao, Chenqiang and Kurozumi, Takayuki and Kimata, Hideaki and Ye, Ziqi},
booktitle={IEEE International Conference on Multimedia \& Expo Workshops},
pages={1--6},
year={2021},
//organization={IEEE}
}

@inproceedings{tian2020conditional,
title={Conditional convolutions for instance segmentation},
author={Tian, Zhi and Shen, Chunhua and Chen, Hao},
booktitle={European Conference on Computer Vision},
pages={282--298},
year={2020},
}

@inproceedings{tian2021boxinst,
title={Boxinst: High-performance instance segmentation with box annotations},
author={Tian, Zhi and Shen, Chunhua and Wang, Xinlong and Chen, Hao},
booktitle={IEEE/CVF Conference on Computer Vision and Pattern Recognition},
pages={5443--5452},
year={2021}
}

@article{wang2024explicit,
  title={Explicit and Implicit Box Equivariance Learning for Weakly-Supervised Rotated Object Detection},
  author={Wang, Linfei and Zhan, Yibing and Lin, Xu and Yu, Baosheng and Ding, Liang and Zhu, Jianqing and Tao, Dapeng},
  journal={IEEE Transactions on Emerging Topics in Computational Intelligence},
  year={2024},
  publisher={IEEE}
}

@article{wen2023comprehensive,
  title={A comprehensive survey of oriented object detection in remote sensing images},
  author={Wen, Long and Cheng, Yu and Fang, Yi and Li, Xinyu},
  journal={Expert Systems with Applications},
  pages={119960},
  year={2023},
  publisher={Elsevier}
}

@article{yang2023detecting,
  title={Detecting Rotated Objects as Gaussian Distributions and Its 3-D Generalization},
  author={Yang, Xue and Zhang, Gefan and Yang, Xiaojiang and Zhou, Yue and Wang, Wentao and Tang, Jin and He, Tao and Yan, Junchi},
  journal={IEEE Transactions on Pattern Analysis and Machine Intelligence},
  year={2023},
  volume={45},
  number={4},
  pages={4335-4354},
  publisher={IEEE}
}

@article{yang2023h2rbox,
title={H2RBox: Horizontal Box Annotation is All You Need for Oriented Object Detection},
author={Yang, Xue and Zhang, Gefan and Li, Wentong and Wang, Xuehui and Zhou, Yue and Yan, Junchi},
journal={International Conference on Learning Representations},
year={2023}
}

@inproceedings{yang2023kfiou,
title={The KFIoU Loss for Rotated Object Detection},
author={Xue Yang and Yue Zhou and Gefan Zhang and Jirui Yang and Wentao Wang and Junchi Yan and Xiaopeng Zhang and Qi Tian},
booktitle={International Conference on Learning Representations},
year={2023}
}

@inproceedings{ying2023mapping,
  title={Mapping degeneration meets label evolution: Learning infrared small target detection with single point supervision},
  author={Ying, Xinyi and Liu, Li and Wang, Yingqian and Li, Ruojing and Chen, Nuo and Lin, Zaiping and Sheng, Weidong and Zhou, Shilin},
  booktitle={Proceedings of the IEEE/CVF Conference on Computer Vision and Pattern Recognition},
  pages={15528--15538},
  year={2023}
}

@InProceedings{yu2022object,
author    = {Yu, Xuehui and Chen, Pengfei and Wu, Di and Hassan, Najmul and Li, Guorong and Yan, Junchi and Shi, Humphrey and Ye, Qixiang and Han, Zhenjun},
title     = {Object Localization Under Single Coarse Point Supervision},
booktitle = {IEEE/CVF Conference on Computer Vision and Pattern Recognition},
//month     = {June},
year      = {2022},
pages     = {4868-4877}
}

@inproceedings{yu2023h2rboxv2,
author={Yi Yu and Xue Yang and Qingyun Li and Yue Zhou and Feipeng Da and Junchi Yan},
title={H2RBox-v2: Incorporating Symmetry for Boosting Horizontal Box Supervised Oriented Object Detection}, 
booktitle = {Advances in Neural Information Processing Systems},
year = {2023},
}

@ARTICLE{yu2024boundary,
author={Yu, Yi and Da, Feipeng},
journal={IEEE Transactions on Pattern Analysis and Machine Intelligence}, 
title={On Boundary Discontinuity in Angle Regression Based Arbitrary Oriented Object Detection}, 
year={2024},
volume={},
number={},
pages={1-14},
keywords={Feature extraction;Detectors;Proposals;Artificial neural networks;YOLO;Visualization;Codes;Angle regression;boundary discontinuity;oriented object detection;phase-shifting coder},
doi={10.1109/TPAMI.2024.3378777}
}

@inproceedings{yu2024point2rbox,
  title={Point2RBox: Combine Knowledge from Synthetic Visual Patterns for End-to-end Oriented Object Detection with Single Point Supervision},
  author={Yu, Yi and Yang, Xue and Li, Qingyun and Da, Feipeng and Dai, Jifeng and Qiao, Yu and Yan, Junchi},
  booktitle={Proceedings of the IEEE/CVF Conference on Computer Vision and Pattern Recognition},
  pages={16783--16793},
  year={2024}
}

@INPROCEEDINGS{zhang2022grouprcnn,
author={Zhang, Shilong and Yu, Zhuoran and Liu, Liyang and Wang, Xinjiang and Zhou, Aojun and Chen, Kai},
booktitle={IEEE/CVF Conference on Computer Vision and Pattern Recognition}, 
title={Group R-CNN for Weakly Semi-supervised Object Detection with Points}, 
year={2022},
volume={},
number={},
pages={9407-9416},
doi={10.1109/CVPR52688.2022.00920}
}

@ARTICLE{zheng2024zone,
author={Zheng, Zhaohui and Chen, Yuming and Hou, Qibin and Li, Xiang and Wang, Ping and Cheng, Ming-Ming},
journal={IEEE Transactions on Pattern Analysis and Machine Intelligence}, 
title={Zone Evaluation: Revealing Spatial Bias in Object Detection}, 
year={2024},
volume={},
number={},
pages={1-16},
doi={10.1109/TPAMI.2024.3409416}
}

@Inproceedings{zhu2023knowledge,
author = {Tianyu Zhu and Bryce Ferenczi and Pulak Purkait and Tom Drummond and Hamid Rezatofighi and Anton van den Hengel},
title = {Knowledge combination to learn rotated detection without rotated annotation},
//url = {https://www.amazon.science/publications/knowledge-combination-to-learn-rotated-detection-without-rotated-annotation},
booktitle = {IEEE/CVF Conference on Computer Vision and Pattern Recognition},
year = {2023},
}

