%% Saved with string encoding Unicode (UTF-8) 
@book{dembo2009large,
  title={Large deviations techniques and applications},
  author={Dembo, Amir and Zeitouni, Ofer},
  year={2009},
  publisher={Springer}
}


@book{lee2012smooth,
  title={Smooth manifolds},
  author={Lee, John M and Lee, John M},
  year={2012},
  publisher={Springer}
}



@book{hubbard2015vector,
  title={Vector calculus, linear algebra, and differential forms: a unified approach},
  author={Hubbard, John H and Hubbard, Barbara Burke},
  year={2015},
  publisher={Matrix Editions}
}

@article{xiao2017fashion,
  title={Fashion-mnist: a novel image dataset for benchmarking machine learning algorithms},
  author={Xiao, Han and Rasul, Kashif and Vollgraf, Roland},
  journal={arXiv:1708.07747},
  year={2017}
}

@article{candes2020phase,
  title={The phase transition for the existence of the maximum likelihood estimate in high-dimensional logistic regression},
  author={Cand{\`e}s, Emmanuel J and Sur, Pragya},
  journal={The Annals of Statistics},
  volume={48},
  number={1},
  pages={27--42},
  year={2020},
  publisher={JSTOR}
}

@article{zhao2022asymptotic,
  title={The asymptotic distribution of the MLE in high-dimensional logistic models: Arbitrary covariance},
  author={Zhao, Qian and Sur, Pragya and Candes, Emmanuel J},
  journal={Bernoulli},
  volume={28},
  number={3},
  pages={1835--1861},
  year={2022},
  publisher={Bernoulli Society for Mathematical Statistics and Probability}
}

@book{azais2009level,
  title={Level sets and extrema of random processes and fields},
  author={Aza{\"\i}s, Jean-Marc and Wschebor, Mario},
  year={2009},
  publisher={John Wiley \& Sons}
}

@book{special-functions,
  title={Formulas and theorems for the special functions of mathematical physics},
  author={Magnus, Wilhelm and Oberhettinger, Fritz and Soni, Raj Pal},
  volume={52},
  year={2013},
  publisher={Springer Science \& Business Media}
}

@book{orthog-poly,
  title={Orthogonal polynomials},
  author={Szeg\"{o}, Gabor},
  volume={23},
  year={1939},
  publisher={American Mathematical Soc.}
}

@book{talagrand2011mean1,
	author = {Talagrand, Michel},
	date-added = {2022-07-06 15:35:40 -0400},
	date-modified = {2022-07-06 15:35:40 -0400},
	publisher = {Springer Science \& Business Media},
	title = {Mean Field Models for Spin Glasses. Volume I: Basic Examples},
	volume = {54},
	year = {2011}}

@book{talagrand2011mean2,
	author = {Talagrand, Michel},
	date-added = {2022-07-06 15:35:31 -0400},
	date-modified = {2022-07-06 15:35:31 -0400},
	publisher = {Springer Science \& Business Media},
	title = {Mean Field Models for Spin Glasses. Volume II: Advanced Replica-Symmetry and Low Temperature},
	volume = {55},
	year = {2011}}

@article{montanari2021tractability,
	author = {Montanari, Andrea and Zhong, Yiqiao and Zhou, Kangjie},
	date-added = {2022-07-06 15:35:05 -0400},
	date-modified = {2022-07-06 15:35:05 -0400},
	journal = {arXiv preprint arXiv:2110.15824},
	title = {Tractability from overparametrization: The example of the negative perceptron},
	year = {2021}}

@article{aubin2019storage,
	author = {Aubin, Benjamin and Perkins, Will and Zdeborova, Lenka},
	date-added = {2022-07-06 15:35:03 -0400},
	date-modified = {2022-07-06 15:35:03 -0400},
	journal = {Journal of Physics A: Mathematical and Theoretical},
	number = {29},
	pages = {294003},
	publisher = {IOP Publishing},
	title = {Storage capacity in symmetric binary perceptrons},
	volume = {52},
	year = {2019}}

@article{ding2022proof,
  title={Proof of the satisfiability conjecture for large $ k$},
  author={Ding, Jian and Sly, Allan and Sun, Nike},
  journal={Annals of Mathematics},
  volume={196},
  number={1},
  pages={1--388},
  year={2022},
  publisher={Princeton University and the Institute for Advanced Study}
}

@inproceedings{abbe2022proof,
	author = {Abbe, Emmanuel and Li, Shuangning and Sly, Allan},
	booktitle = {2021 IEEE 62nd Annual Symposium on Foundations of Computer Science (FOCS)},
	date-added = {2022-07-06 15:34:54 -0400},
	date-modified = {2022-07-06 15:34:54 -0400},
	organization = {IEEE},
	pages = {327--338},
	title = {Proof of the contiguity conjecture and lognormal limit for the symmetric perceptron},
	year = {2022}}

@inproceedings{perkins2021frozen,
	author = {Perkins, Will and Xu, Changji},
	booktitle = {Proceedings of the 53rd Annual ACM SIGACT Symposium on Theory of Computing},
	date-added = {2022-07-06 15:34:50 -0400},
	date-modified = {2022-07-06 15:34:50 -0400},
	pages = {1579--1588},
	title = {Frozen 1-RSB structure of the symmetric Ising perceptron},
	year = {2021}}

@inproceedings{abbe2022binary,
	author = {Abbe, Emmanuel and Li, Shuangping and Sly, Allan},
	booktitle = {Proceedings of the 54th Annual ACM SIGACT Symposium on Theory of Computing},
	date-added = {2022-07-06 15:34:39 -0400},
	date-modified = {2022-07-06 15:34:39 -0400},
	pages = {860--873},
	title = {Binary perceptron: efficient algorithms can find solutions in a rare well-connected cluster},
	year = {2022}}

@article{gamarnik2022algorithms,
	author = {Gamarnik, David and K{\i}z{\i}lda{\u{g}}, Eren C and Perkins, Will and Xu, Changji},
	date-added = {2022-07-06 15:34:36 -0400},
	date-modified = {2022-07-06 15:34:36 -0400},
	journal = {arXiv preprint arXiv:2203.15667},
	title = {Algorithms and Barriers in the Symmetric Binary Perceptron Model},
	year = {2022}}

@article{shcherbina2003rigorous,
	author = {Shcherbina, Mariya and Tirozzi, Brunello},
	date-added = {2022-07-06 15:34:00 -0400},
	date-modified = {2022-07-06 15:34:00 -0400},
	journal = {Communications in mathematical physics},
	number = {3},
	pages = {383--422},
	publisher = {Springer},
	title = {Rigorous solution of the Gardner problem},
	volume = {234},
	year = {2003}}

@article{gardner1988space,
	author = {Gardner, Elizabeth},
	date-added = {2022-07-06 15:33:58 -0400},
	date-modified = {2022-07-06 15:33:58 -0400},
	journal = {Journal of physics A: Mathematical and general},
	number = {1},
	pages = {257},
	publisher = {IOP Publishing},
	title = {The space of interactions in neural network models},
	volume = {21},
	year = {1988}}

@article{mezard1989space,
	author = {M{\'e}zard, Marc},
	date-added = {2022-07-06 15:33:55 -0400},
	date-modified = {2022-07-06 15:33:55 -0400},
	journal = {Journal of Physics A: Mathematical and General},
	number = {12},
	pages = {2181},
	publisher = {IOP Publishing},
	title = {The space of interactions in neural networks: Gardner's computation with the cavity method},
	volume = {22},
	year = {1989}}

@article{gardner1988optimal,
	author = {Gardner, Elizabeth and Derrida, Bernard},
	date-added = {2022-07-06 15:33:48 -0400},
	date-modified = {2022-07-06 15:33:48 -0400},
	journal = {Journal of Physics A: Mathematical and general},
	number = {1},
	pages = {271},
	publisher = {IOP Publishing},
	title = {Optimal storage properties of neural network models},
	volume = {21},
	year = {1988}}

@article{stojnic2013another,
	author = {Stojnic, Mihailo},
	date-added = {2022-07-06 15:33:24 -0400},
	date-modified = {2022-07-06 15:33:24 -0400},
	journal = {arXiv preprint arXiv:1306.3979},
	title = {Another look at the Gardner problem},
	year = {2013}}

@article{stojnic2013negative,
	author = {Stojnic, Mihailo},
	date-added = {2022-07-06 15:33:19 -0400},
	date-modified = {2022-07-06 15:33:19 -0400},
	journal = {arXiv preprint arXiv:1306.3980},
	title = {Negative spherical perceptron},
	year = {2013}}

@article{kurchan2013exact,
	author = {Kurchan, Jorge and Parisi, Giorgio and Urbani, Pierfrancesco and Zamponi, Francesco},
	date-added = {2022-07-06 15:31:49 -0400},
	date-modified = {2022-07-06 15:31:49 -0400},
	journal = {The Journal of Physical Chemistry B},
	number = {42},
	pages = {12979--12994},
	publisher = {ACS Publications},
	title = {Exact theory of dense amorphous hard spheres in high dimension. II. The high density regime and the Gardner transition},
	volume = {117},
	year = {2013}}

@article{alaoui2020algorithmic,
	author = {{El Alaoui}, Ahmed and Montanari, Andrea},
	date-added = {2022-07-06 15:31:05 -0400},
	date-modified = {2022-07-06 15:31:05 -0400},
	journal = {arXiv preprint arXiv:2009.11481},
	title = {Algorithmic Thresholds in Mean Field Spin Glasses},
	year = {2020}}

@article{franz2016simplest,
	author = {Franz, Silvio and Parisi, Giorgio},
	date-added = {2022-07-06 15:30:45 -0400},
	date-modified = {2022-07-06 15:30:45 -0400},
	journal = {Journal of Physics A: Mathematical and Theoretical},
	number = {14},
	pages = {145001},
	publisher = {IOP Publishing},
	title = {The simplest model of jamming},
	volume = {49},
	year = {2016}}

@article{folena2019memories,
	author = {Folena, Giampaolo and Franz, Silvio and Ricci-Tersenghi, Federico},
	date-added = {2022-07-06 15:30:39 -0400},
	date-modified = {2022-07-06 15:30:39 -0400},
	journal = {arXiv:1903.01421},
	title = {Memories from the ergodic phase: the awkward dynamics of spherical mixed p-spin models},
	year = {2019}}

@article{franz2017universality,
	author = {Franz, Silvio and Parisi, Giorgio and Sevelev, Maxime and Urbani, Pierfrancesco and Zamponi, Francesco},
	date-added = {2022-07-06 15:30:33 -0400},
	date-modified = {2022-07-06 15:30:33 -0400},
	journal = {SciPost Phys},
	number = {3},
	pages = {019},
	title = {Universality of the SAT-UNSAT (jamming) threshold in non-convex continuous constraint satisfaction problems},
	volume = {2},
	year = {2017}}

@article{charbonneau2014exact,
	author = {Charbonneau, Patrick and Kurchan, Jorge and Parisi, Giorgio and Urbani, Pierfrancesco and Zamponi, Francesco},
	date-added = {2022-07-06 15:30:31 -0400},
	date-modified = {2022-07-06 15:30:31 -0400},
	journal = {Journal of Statistical Mechanics: Theory and Experiment},
	number = {10},
	pages = {P10009},
	publisher = {IOP Publishing},
	title = {Exact theory of dense amorphous hard spheres in high dimension. III. The full replica symmetry breaking solution},
	volume = {2014},
	year = {2014}}

@article{franz2019critical,
	author = {Franz, Silvio and Sclocchi, Antonio and Urbani, Pierfrancesco},
	date-added = {2022-07-06 15:30:28 -0400},
	date-modified = {2022-07-06 15:30:28 -0400},
	journal = {Physical Review Letters},
	number = {11},
	pages = {115702},
	publisher = {APS},
	title = {Critical jammed phase of the linear perceptron},
	volume = {123},
	year = {2019}}

@article{franz2020critical,
	author = {Franz, Silvio and Sclocchi, Antonio and Urbani, Pierfrancesco},
	date-added = {2022-07-06 15:30:27 -0400},
	date-modified = {2022-07-06 15:30:27 -0400},
	journal = {arXiv preprint arXiv:2002.04987},
	title = {Critical energy landscape of linear soft spheres},
	year = {2020}}

@article{auffinger2013random,
	author = {{Auffinger, Antonio and {Ben Arous}, G{\'e}rard and {C}ern{\`y}, Ji{r}{\'\i}}},
	date-added = {2022-07-06 15:27:58 -0400},
	date-modified = {2022-07-06 15:27:58 -0400},
	journal = {Communications on Pure and Applied Mathematics},
	number = {2},
	pages = {165--201},
	publisher = {Wiley Online Library},
	title = {Random matrices and complexity of spin glasses},
	volume = {66},
	year = {2013}}

@inproceedings{ding2019capacity,
	author = {Ding, Jian and Sun, Nike},
	booktitle = {Proceedings of the 51st Annual ACM SIGACT Symposium on Theory of Computing},
	date-added = {2022-07-06 15:27:23 -0400},
	date-modified = {2022-07-06 15:27:23 -0400},
	pages = {816--827},
	title = {Capacity lower bound for the Ising perceptron},
	year = {2019}}

@article{bolthausen2021gardner,
	author = {Bolthausen, Erwin and Nakajima, Shuta and Sun, Nike and Xu, Changji},
	date-added = {2022-07-06 15:27:09 -0400},
	date-modified = {2022-07-06 15:27:09 -0400},
	journal = {arXiv preprint arXiv:2111.02855},
	title = {Gardner formula for Ising perceptron models at small densities},
	year = {2021}}

@article{nakajima2022sharp,
	author = {Nakajima, Shuta and Sun, Nike},
	date-added = {2022-07-06 15:27:07 -0400},
	date-modified = {2022-07-06 15:27:07 -0400},
	journal = {arXiv preprint arXiv:2204.03469},
	title = {Sharp threshold sequence and universality for Ising perceptron models},
	year = {2022}}

@article{chen2022localization,
	author = {Chen, Yuansi and Eldan, Ronen},
	journal = {arXiv preprint arXiv:2203.04163},
	title = {{Localization schemes: A framework for proving mixing bounds for Markov chains}},
	year = {2022}}

@article{anari2021entropic,
	author = {Anari, Nima and Jain, Vishesh and Koehler, Frederic and Pham, Huy Tuan and Vuong, Thuy-Duong},
	journal = {arXiv preprint arXiv:2106.04105},
	title = {{Entropic Independence I: Modified Log-Sobolev Inequalities for Fractionally Log-Concave Distributions and High-Temperature Ising Models}},
	year = {2021}}

@article{ben2018spectral,
	author = {{Ben Arous}, G{\'e}rard and Jagannath, Aukosh},
	journal = {Communications in Mathematical Physics},
	number = {1},
	pages = {1--52},
	publisher = {Springer},
	title = {Spectral gap estimates in mean field spin glasses},
	volume = {361},
	year = {2018}}

@inproceedings{gheissari2019spectral,
	author = {Gheissari, Reza and Jagannath, Aukosh},
	booktitle = {Annales de l'Institut Henri Poincar{\'e}, Probabilit{\'e}s et Statistiques},
	number = {2},
	organization = {Institut Henri Poincar{\'e}},
	pages = {756--776},
	title = {On the spectral gap of spherical spin glass dynamics},
	volume = {55},
	year = {2019}}

@article{eldan2022log,
	author = {Eldan, Ronen and Shamir, Omer},
	journal = {Journal of Functional Analysis},
	pages = {109392},
	publisher = {Elsevier},
	title = {{Log concavity and concentration of Lipschitz functions on the Boolean hypercube}},
	year = {2022}}

@article{subag2021tap,
	author = {Subag, Eliran},
	journal = {arXiv preprint arXiv:2111.07134},
	title = {{TAP approach for multi-species spherical spin glasses II: the free energy of the pure models}},
	year = {2021}}

@article{lu2018relatively,
	author = {Lu, Haihao and Freund, Robert M and Nesterov, Yurii},
	journal = {SIAM Journal on Optimization},
	number = {1},
	pages = {333--354},
	publisher = {SIAM},
	title = {Relatively smooth convex optimization by first-order methods, and applications},
	volume = {28},
	year = {2018}}

@article{chen2005sequential,
	author = {Chen, Yuguo and Diaconis, Persi and Holmes, Susan P and Liu, Jun S},
	journal = {Journal of the American Statistical Association},
	number = {469},
	pages = {109--120},
	publisher = {Taylor \& Francis},
	title = {{Sequential Monte Carlo methods for statistical analysis of tables}},
	volume = {100},
	year = {2005}}

@article{jerrum1986random,
	author = {Jerrum, Mark R and Valiant, Leslie G and Vazirani, Vijay V},
	journal = {Theoretical computer science},
	pages = {169--188},
	publisher = {Elsevier},
	title = {Random generation of combinatorial structures from a uniform distribution},
	volume = {43},
	year = {1986}}

@article{gamarnik2021partitioning,
	author = {Gamarnik, David and K{\i}z{\i}lda\u{g}, Eren C.},
	journal = {arXiv preprint arXiv:2103.01369},
	title = {Algorithmic obstructions in the random number partitioning problem},
	year = {2021}}

@article{rahman2017independent,
	author = {Rahman, Mustazee and Vir\'ag, B\'alint},
	journal = {The Annals of Probability},
	number = {3},
	pages = {1543--1577},
	title = {Local algorithms for independent sets are half-optimal},
	volume = {45},
	year = {2017}}

@article{wein2020independent,
	author = {Wein, Alexander S},
	journal = {Mathematical Statistics and Learning},
	title = {Optimal low-degree hardness of maximum independent set},
	year = {2022}}

@inproceedings{bresler2021ksat,
	author = {Bresler, Guy and Huang, Brice},
	booktitle = {2021 IEEE 62nd Annual Symposium on Foundations of Computer Science (FOCS)},
	doi = {10.1109/FOCS52979.2021.00038},
	pages = {298-309},
	title = {{The Algorithmic Phase Transition of Random k-SAT for Low Degree Polynomials}},
	year = {2021},
	bdsk-url-1 = {https://doi.org/10.1109/FOCS52979.2021.00038}}

@article{gamarnik2021circuit,
	author = {Gamarnik, David and Jagannath, Aukosh and Wein, Alexander S.},
	journal = {arXiv preprint arXiv:2109.01342},
	title = {Circuit Lower Bounds for the $p$-Spin Optimization Problem},
	year = {2021}}

@article{gamarnik2021survey,
	author = {Gamarnik, David},
	journal = {Proceedings of the National Academy of Sciences},
	number = {41},
	publisher = {National Academy of Sciences},
	title = {The overlap gap property: A topological barrier to optimizing over random structures},
	volume = {118},
	year = {2021}}

@article{gamarnik2019overlap,
	author = {Gamarnik, David and Jagannath, Aukosh},
	journal = {The Annals of Probability},
	number = {1},
	pages = {180--205},
	publisher = {Institute of Mathematical Statistics},
	title = {The overlap gap property and approximate message passing algorithms for $ p $-spin models},
	volume = {49},
	year = {2021}}

@article{gamarnik2017performance,
	author = {Gamarnik, David and Sudan, Madhu},
	journal = {SIAM Journal on Computing},
	number = {2},
	pages = {590--619},
	publisher = {SIAM},
	title = {Performance of sequential local algorithms for the random {NAE}-{$K$}-SAT problem},
	volume = {46},
	year = {2017}}

@article{chen2019suboptimality,
	author = {Chen, Wei-Kuo and Gamarnik, David and Panchenko, Dmitry and Rahman, Mustazee},
	journal = {The Annals of Probability},
	number = {3},
	pages = {1587--1618},
	publisher = {Institute of Mathematical Statistics},
	title = {Suboptimality of local algorithms for a class of max-cut problems},
	volume = {47},
	year = {2019}}

@inproceedings{gamarnik2020optimization,
	author = {Gamarnik, David and Jagannath, Aukosh and Wein, Alexander S.},
	booktitle = {Proceedings of 61st FOCS},
	organization = {IEEE},
	pages = {131--140},
	title = {Low-degree hardness of random optimization problems},
	year = {2020}}

@article{huang2021tight,
	author = {Huang, Brice and Sellke, Mark},
	journal = {arXiv preprint arXiv:2110.07847},
	title = {{Tight Lipschitz Hardness for Optimizing Mean Field Spin Glasses}},
	year = {2021}}

@inproceedings{gamarnik2014limits,
	author = {Gamarnik, David and Sudan, Madhu},
	booktitle = {Proceedings of the 5th conference on Innovations in theoretical computer science},
	organization = {ACM},
	pages = {369--376},
	title = {Limits of local algorithms over sparse random graphs},
	year = {2014}}

@article{arous2019landscape,
  title={The landscape of the spiked tensor model},
  author={Arous, Gerard Ben and Mei, Song and Montanari, Andrea and Nica, Mihai},
  journal={Communications on Pure and Applied Mathematics},
  volume={72},
  number={11},
  pages={2282--2330},
  year={2019},
  publisher={Wiley Online Library}
}
@article{fan2021tap,
  title={TAP free energy, spin glasses and variational inference},
  author={Fan, Zhou and Mei, Song and Montanari, Andrea},
  journal={The Annals of Probability},
  volume={49},
  number={1},
  year={2021}
}

@article{celentano2023local,
  title={Local convexity of the tap free energy and amp convergence for ${\mathbb Z}_2$-synchronization},
  author={Celentano, Michael and Fan, Zhou and Mei, Song},
  journal={The Annals of Statistics},
  volume={51},
  number={2},
  pages={519--546},
  year={2023},
  publisher={Institute of Mathematical Statistics}
}


@inproceedings{montanari2018mean,
  title={Mean field asymptotics in high-dimensional statistics: From exact results to efficient algorithms},
  author={Montanari, Andrea},
  booktitle={Proceedings of the International Congress of Mathematicians: Rio de Janeiro 2018},
  pages={2973--2994},
  year={2018},
  organization={World Scientific}
}

@inproceedings{mignacco2020role,
  title={The role of regularization in classification of high-dimensional noisy gaussian mixture},
  author={Mignacco, Francesca and Krzakala, Florent and Lu, Yue and Urbani, Pierfrancesco and Zdeborova, Lenka},
  booktitle={International Conference on Machine Learning},
  pages={6874--6883},
  year={2020},
  organization={PMLR}
}

@incollection{ros2023high,
  title={The high-dimensional landscape paradigm: Spin-glasses, and beyond},
  author={Ros, Valentina and Fyodorov, Yan V},
  booktitle={Spin Glass Theory and Far Beyond: Replica Symmetry Breaking After 40 Years},
  pages={95--114},
  year={2023},
  publisher={World Scientific}
}

@inproceedings{pesce2023gaussian,
  title={Are Gaussian data all you need? The extents and limits of universality in high-dimensional generalized linear estimation},
  author={Pesce, Luca and Krzakala, Florent and Loureiro, Bruno and Stephan, Ludovic},
  booktitle={International Conference on Machine Learning},
  pages={27680--27708},
  year={2023},
  organization={PMLR}
}

@article{hu2022universality,
  title={Universality laws for high-dimensional learning with random features},
  author={Hu, Hong and Lu, Yue M},
  journal={IEEE Transactions on Information Theory},
  volume={69},
  number={3},
  pages={1932--1964},
  year={2022},
  publisher={IEEE}
}

@inproceedings{maillard2020landscape,
  title={Landscape complexity for the empirical risk of generalized linear models},
  author={Maillard, Antoine and Arous, G{\'e}rard Ben and Biroli, Giulio},
  booktitle={Mathematical and Scientific Machine Learning},
  pages={287--327},
  year={2020},
  organization={PMLR}
}

@inproceedings{montanari2022universality,
  title={Universality of empirical risk minimization},
  author={Montanari, Andrea and Saeed, Basil N},
  booktitle={Conference on Learning Theory},
  pages={4310--4312},
  year={2022},
  organization={PMLR}
}


@article{donoho2016high,
  title={High dimensional robust m-estimation: Asymptotic variance via approximate message passing},
  author={Donoho, David and Montanari, Andrea},
  journal={Probability Theory and Related Fields},
  volume={166},
  pages={935--969},
  year={2016},
  publisher={Springer}
}

@article{schramm2022computational,
  title={Computational barriers to estimation from low-degree polynomials},
  author={Schramm, Tselil and Wein, Alexander S},
  journal={The Annals of Statistics},
  volume={50},
  number={3},
  pages={1833--1858},
  year={2022},
  publisher={Institute of Mathematical Statistics}
}



@article{montanari2024friendly,
  title={A Friendly Tutorial on Mean-Field Spin Glass Techniques for Non-Physicists},
  author={Montanari, Andrea and Sen, Subhabrata},
  journal={Foundations and Trends{\textregistered} in Machine Learning},
  volume={17},
  number={1},
  pages={1--173},
  year={2024},
  publisher={Now Publishers, Inc.}
}

@article{celentano2023mean,
  title={Mean-field variational inference with the TAP free energy: Geometric and statistical properties in linear models},
  author={Celentano, Michael and Fan, Zhou and Lin, Licong and Mei, Song},
  journal={arXiv:2311.08442},
  year={2023}
}

@article{barbier2019optimal,
  title={Optimal errors and phase transitions in high-dimensional generalized linear models},
  author={Barbier, Jean and Krzakala, Florent and Macris, Nicolas and Miolane, L{\'e}o and Zdeborov{\'a}, Lenka},
  journal={Proceedings of the National Academy of Sciences},
  volume={116},
  number={12},
  pages={5451--5460},
  year={2019},
  publisher={National Acad Sciences}
}

@article{celentano2022fundamental,
  title={Fundamental barriers to high-dimensional regression with convex penalties},
  author={Celentano, Michael and Montanari, Andrea},
  journal={The Annals of Statistics},
  volume={50},
  number={1},
  pages={170--196},
  year={2022},
  publisher={Institute of Mathematical Statistics}
}

@article{gerbelot2021graph,
  title={Graph-based approximate message passing iterations},
  author={Gerbelot, C{\'e}dric and Berthier, Rapha{\"e}l},
  journal={arXiv:2109.11905},
  year={2021}
}

@article{fan2022approximate,
  title={Approximate message passing algorithms for rotationally invariant matrices},
  author={Fan, Zhou},
  journal={The Annals of Statistics},
  volume={50},
  number={1},
  pages={197--224},
  year={2022},
  publisher={Institute of Mathematical Statistics}
}

@article{gamarnik2022sparse,
  title={Sparse high-dimensional linear regression. {Estimating} squared error and a phase transition},
  author={Gamarnik, David and Zadik, Ilias},
  journal={The Annals of Statistics},
  volume={50},
  number={2},
  pages={880--903},
  year={2022},
  publisher={Institute of Mathematical Statistics}
}

@unpublished{panchenkoextra,
	author = {Panchenko, Dmitry},
	note = {https://drive.google.com/file/d/0B6JeBUquZ5BwRFpLVjdVd3IwV1E/view},
	title = {Properties of the {P}arisi formula}}

@article{chatterjee2009disorder,
	author = {Chatterjee, Sourav},
	journal = {arXiv preprint arXiv:0907.3381},
	title = {Disorder chaos and multiple valleys in spin glasses},
	year = {2009}}

@article{chen2013disorder,
	author = {Chen, Wei-Kuo},
	journal = {The Annals of Probability},
	number = {5},
	pages = {3345--3391},
	publisher = {Institute of Mathematical Statistics},
	title = {{Disorder chaos in the Sherrington--Kirkpatrick model with external field}},
	volume = {41},
	year = {2013}}

@article{chen2021convergence,
	author = {Chen, Wei-Kuo and Tang, Si},
	journal = {Communications in Mathematical Physics},
	number = {2},
	pages = {1209--1242},
	publisher = {Springer},
	title = {{On Convergence of the Cavity and Bolthausen's TAP Iterations to the Local Magnetization}},
	volume = {386},
	year = {2021}}

@book{chatterjee2014superconcentration,
	author = {Chatterjee, Sourav},
	publisher = {Springer},
	title = {Superconcentration and related topics},
	volume = {15},
	year = {2014}}

@article{chen2015disorder,
	author = {Chen, Wei-Kuo and Hsieh, Hsi-Wei and Hwang, Chii-Ruey and Sheu, Yuan-Chung},
	journal = {Journal of Statistical Physics},
	number = {2},
	pages = {417--429},
	publisher = {Springer},
	title = {Disorder chaos in the spherical mean-field model},
	volume = {160},
	year = {2015}}

@article{aizenman1987some,
	author = {Aizenman, Michael and Lebowitz, Joel L and Ruelle, David},
	journal = {Communications in Mathematical Physics},
	number = {1},
	pages = {3--20},
	publisher = {Springer},
	title = {Some rigorous results on the {S}herrington--{K}irkpatrick spin glass model},
	volume = {112},
	year = {1987}}

@article{chen2018disorder,
	author = {Chen, Wei-Kuo and Panchenko, Dmitry},
	journal = {The Annals of Applied Probability},
	number = {3},
	pages = {1356--1378},
	publisher = {Institute of Mathematical Statistics},
	title = {Disorder chaos in some diluted spin glass models},
	volume = {28},
	year = {2018}}

@article{aizenman2003extended,
	author = {Aizenman, Michael and Sims, Robert and Starr, Shannon L},
	journal = {Physical Review B},
	number = {21},
	pages = {214403},
	publisher = {APS},
	title = {Extended variational principle for the {S}herrington-{K}irkpatrick spin-glass model},
	volume = {68},
	year = {2003}}

@article{comets1995sherrington,
	author = {Comets, Francis and Neveu, Jacques},
	journal = {Communications in Mathematical Physics},
	number = {3},
	pages = {549--564},
	publisher = {Springer},
	title = {The {S}herrington-{K}irkpatrick model of spin glasses and stochastic calculus: the high temperature case},
	volume = {166},
	year = {1995}}

@article{alaoui2021information,
	author = {Alaoui, Ahmed El and Montanari, Andrea},
	journal = {arXiv preprint arXiv:2109.00709},
	title = {An Information-Theoretic View of Stochastic Localization},
	year = {2021}}

@article{eldan2018gaussian,
	author = {Eldan, Ronen},
	journal = {Geometric and Functional Analysis},
	number = {6},
	pages = {1548--1596},
	publisher = {Springer},
	title = {{Gaussian-width gradient complexity, reverse log-Sobolev inequalities and nonlinear large deviations}},
	volume = {28},
	year = {2018}}

@inproceedings{eldan2016skorokhod,
	author = {Eldan, Ronen},
	booktitle = {Annales de l'Institut Henri Poincar{\'e}, Probabilit{\'e}s et Statistiques},
	number = {3},
	organization = {Institut Henri Poincar{\'e}},
	pages = {1259--1280},
	title = {Skorokhod embeddings via stochastic flows on the space of Gaussian measures},
	volume = {52},
	year = {2016}}

@article{austin2019structure,
	author = {Austin, Tim},
	journal = {The Annals of Probability},
	number = {6},
	pages = {4002--4023},
	publisher = {Institute of Mathematical Statistics},
	title = {The structure of low-complexity Gibbs measures on product spaces},
	volume = {47},
	year = {2019}}

@article{eldan2020taming,
	author = {Eldan, Ronen},
	journal = {Probability Theory and Related Fields},
	number = {3},
	pages = {737--755},
	publisher = {Springer},
	title = {Taming correlations through entropy-efficient measure decompositions with applications to mean-field approximation},
	volume = {176},
	year = {2020}}

@article{eldan2021spectral,
	author = {Eldan, Ronen and Koehler, Frederic and Zeitouni, Ofer},
	journal = {Probability Theory and Related Fields},
	pages = {1--17},
	publisher = {Springer},
	title = {{A spectral condition for spectral gap: fast mixing in high-temperature Ising models}},
	year = {2021}}

@article{eldan2013thin,
	author = {Eldan, Ronen},
	journal = {Geometric and Functional Analysis},
	number = {2},
	pages = {532--569},
	publisher = {Springer},
	title = {Thin shell implies spectral gap up to polylog via a stochastic localization scheme},
	volume = {23},
	year = {2013}}

@book{liptser1977statistics,
	author = {Liptser, Robert Shevilevich and Al'bert Nikolaevich Shiriaev},
	publisher = {Springer},
	title = {Statistics of random processes: General theory},
	volume = {394},
	year = {1977}}

@article{csoka2015invariant,
	author = {Cs{\'o}ka, Endre and Gerencs{\'e}r, Bal{\'a}zs and Harangi, Viktor and Vir{\'a}g, B{\'a}lint},
	journal = {Random Structures \& Algorithms},
	number = {2},
	pages = {284--303},
	publisher = {Wiley Online Library},
	title = {Invariant Gaussian processes and independent sets on regular graphs of large girth},
	volume = {47},
	year = {2015}}

@book{morters2010brownian,
	author = {M{\"o}rters, Peter and Peres, Yuval},
	publisher = {Cambridge University Press},
	title = {Brownian motion},
	volume = {30},
	year = {2010}}

@article{jagannath2016dynamic,
	author = {Jagannath, Aukosh and Tobasco, Ian},
	journal = {Proceedings of the American Mathematical Society},
	number = {7},
	pages = {3135--3150},
	title = {A dynamic programming approach to the {P}arisi functional},
	volume = {144},
	year = {2016}}

@book{gyrya2011neumann,
	author = {Gyrya, Pavel and Saloff-Coste, Laurent},
	publisher = {Soci{\'e}t{\'e} math{\'e}matique de France},
	title = {Neumann and Dirichlet heat kernels in inner uniform domains},
	year = {2011}}

@article{slominski1994approximation,
	author = {{Slomi{\'n}ski, Leszek}},
	journal = {Stochastic processes and their Applications},
	number = {2},
	pages = {197--219},
	publisher = {Elsevier},
	title = {{On approximation of solutions of multidimensional SDE's with reflecting boundary conditions}},
	volume = {50},
	year = {1994}}

@article{slominski2001euler,
	author = {{Slomi{\'n}ski, Leszek}},
	journal = {Stochastic processes and their applications},
	number = {2},
	pages = {317--337},
	publisher = {Elsevier},
	title = {{Euler's approximations of solutions of SDEs with reflecting boundary}},
	volume = {94},
	year = {2001}}

@book{cherrierlinear,
	author = {Cherrier, P. and Milani, A.},
	publisher = {American Mathematical Soc.},
	series = {Graduate studies in mathematics},
	title = {Linear and Quasi-linear Evolution Equations in Hilbert Spaces},
	year = {2012}}

@article{oelschlager2001sequence,
	author = {Oelschl{\"a}ger, Karl},
	journal = {Zeitschrift f{\"u}r Analysis und ihre Anwendungen},
	number = {1},
	pages = {55--91},
	title = {A sequence of integro-differential equations approximating a viscous porous medium equation},
	volume = {20},
	year = {2001}}

@article{wei2018margin,
	author = {Wei, Colin and Lee, Jason D and Liu, Qiang and Ma, Tengyu},
	journal = {{\sf arXiv:1810.05369}},
	title = {On the Margin Theory of Feedforward Neural Networks},
	year = {2018}}

@article{bihari1956generalization,
	author = {Bihari, Imre},
	journal = {Acta Mathematica Hungarica},
	number = {1},
	pages = {81--94},
	publisher = {Akad{\'e}miai Kiad{\'o}, co-published with Springer Science+ Business Media BV, Formerly Kluwer Academic Publishers BV},
	title = {A generalization of a lemma of Bellman and its application to uniqueness problems of differential equations},
	volume = {7},
	year = {1956}}

@article{carrillo2001entropy,
	author = {Carrillo, Jos{\'e} A and J{\"u}ngel, Ansgar and Markowich, Peter A and Toscani, Giuseppe and Unterreiter, Andreas},
	journal = {Monatshefte f{\"u}r Mathematik},
	number = {1},
	pages = {1--82},
	publisher = {Springer},
	title = {Entropy dissipation methods for degenerate parabolicproblems and generalized sobolev inequalities},
	volume = {133},
	year = {2001}}

@article{mei2018mean,
	author = {Mei, Song and Montanari, Andrea and Nguyen, Phan-Minh},
	doi = {10.1073/pnas.1806579115},
	eprint = {http://www.pnas.org/content/early/2018/07/26/1806579115.full.pdf},
	issn = {0027-8424},
	journal = {Proceedings of the National Academy of Sciences},
	publisher = {National Academy of Sciences},
	title = {A mean field view of the landscape of two-layer neural networks},
	url = {http://www.pnas.org/content/early/2018/07/26/1806579115},
	year = {2018},
	bdsk-url-1 = {http://www.pnas.org/content/early/2018/07/26/1806579115},
	bdsk-url-2 = {https://doi.org/10.1073/pnas.1806579115}}

@book{vazquez2007porous,
	author = {V{\'a}zquez, Juan Luis},
	publisher = {Oxford University Press},
	title = {The porous medium equation: mathematical theory},
	year = {2007}}

@book{taylor2013partial,
	author = {Taylor, Michael},
	publisher = {Springer Science \& Business Media},
	title = {{Partial differential equations I: Basic theory}},
	volume = {115},
	year = {2013}}

@book{bakry2013analysis,
	author = {Bakry, Dominique and Gentil, Ivan and Ledoux, Michel},
	publisher = {Springer Science \& Business Media},
	title = {Analysis and geometry of Markov diffusion operators},
	volume = {348},
	year = {2013}}

@book{rogers1994diffusions,
	author = {Rogers, L Chris G and Williams, David},
	publisher = {Cambridge university press},
	title = {{Diffusions, Markov processes and martingales: Volume 2, It{\^o} calculus}},
	volume = {2},
	year = {1994}}

@article{lions1984stochastic,
	author = {Lions, Pierre-Louis and Sznitman, Alain-Sol},
	journal = {Communications on Pure and Applied Mathematics},
	number = {4},
	pages = {511--537},
	publisher = {Wiley Online Library},
	title = {Stochastic differential equations with reflecting boundary conditions},
	volume = {37},
	year = {1984}}

@article{tanaka1979stochastic,
	author = {Tanaka, Hiroshi},
	journal = {Hiroshima Mathematical Journal},
	number = {1},
	pages = {163--177},
	publisher = {Hiroshima University, Department of Mathematics},
	title = {Stochastic differential equations with reflecting boundary condition in convex regions},
	volume = {9},
	year = {1979}}

@article{ccakmak2024convergence,
  title={A convergence analysis of approximate message passing with non-separable functions and applications to multi-class classification},
  author={{\c{C}}akmak, Burak and Lu, Yue M and Opper, Manfred},
  journal={arXiv preprint arXiv:2402.08676},
  year={2024}
}

@book{ladyzhenskaia1988linear,
	author = {Ladyzhenskaia, Olga Aleksandrovna and Solonnikov, Vsevolod Alekseevich and Ural'tseva, Nina N},
	publisher = {American Mathematical Soc.},
	title = {Linear and quasi-linear equations of parabolic type},
	volume = {23},
	year = {1988}}

@incollection{kunita1984stochastic,
	author = {Kunita, Hiroshi},
	booktitle = {{\'E}cole d'{\'E}t{\'e} de Probabilit{\'e}s de Saint-Flour XII-1982},
	pages = {143--303},
	publisher = {Springer},
	title = {Stochastic differential equations and stochastic flows of diffeomorphisms},
	year = {1984}}

@article{wang2017scaling,
	author = {Wang, Chuang and Mattingly, Jonathan and Lu, Yue M},
	journal = {{\sf arXiv:1712.04332}},
	title = {Scaling Limit: Exact and Tractable Analysis of Online Learning Algorithms with Applications to Regularized Regression and {PCA}},
	year = {2017}}

@article{jordan1998variational,
	author = {Jordan, Richard and Kinderlehrer, David and Otto, Felix},
	date-added = {2018-03-25 05:23:48 +0000},
	date-modified = {2018-03-25 05:23:48 +0000},
	journal = {SIAM journal on mathematical analysis},
	number = {1},
	pages = {1--17},
	publisher = {SIAM},
	title = {The variational formulation of the Fokker--Planck equation},
	volume = {29},
	year = {1998}}

@article{mityagin2015zero,
	author = {Mityagin, Boris},
	journal = {{\sf arXiv:1512.07276}},
	title = {The zero set of a real analytic function},
	year = {2015}}

@book{ambrosio2008gradient,
	author = {Ambrosio, Luigi and Gigli, Nicola and Savar{\'e}, Giuseppe},
	publisher = {Springer Science \& Business Media},
	title = {Gradient flows: in metric spaces and in the space of probability measures},
	year = {2008}}

@book{shalev2014understanding,
	author = {Shalev-Shwartz, Shai and Ben-David, Shai},
	publisher = {Cambridge university press},
	title = {Understanding machine learning: From theory to algorithms},
	year = {2014}}

@article{mezard1999thermodynamics,
	author = {M{\'e}zard, Marc and Parisi, Giorgio},
	journal = {Journal of Physics: Condensed Matter},
	number = {10A},
	pages = {A157},
	publisher = {IOP Publishing},
	title = {Thermodynamics of glasses: A first principles computation},
	volume = {11},
	year = {1999}}

@article{robbins1951stochastic,
	author = {Robbins, Herbert and Monro, Sutton},
	journal = {The annals of mathematical statistics},
	pages = {400--407},
	publisher = {JSTOR},
	title = {A stochastic approximation method},
	year = {1951}}

@incollection{bottou2010large,
	author = {Bottou, L{\'e}on},
	booktitle = {Proceedings of COMPSTAT'2010},
	pages = {177--186},
	publisher = {Springer},
	title = {Large-scale machine learning with stochastic gradient descent},
	year = {2010}}

@inproceedings{krizhevsky2012imagenet,
	author = {Krizhevsky, Alex and Sutskever, Ilya and Hinton, Geoffrey E},
	booktitle = {Advances in neural information processing systems},
	pages = {1097--1105},
	title = {Imagenet classification with deep convolutional neural networks},
	year = {2012}}

@article{donoho1992superresolution,
	author = {Donoho, David L},
	journal = {SIAM journal on mathematical analysis},
	number = {5},
	pages = {1309--1331},
	publisher = {SIAM},
	title = {Superresolution via sparsity constraints},
	volume = {23},
	year = {1992}}

@article{park1991universal,
	author = {Park, Jooyoung and Sandberg, Irwin W},
	journal = {Neural computation},
	number = {2},
	pages = {246--257},
	publisher = {MIT Press},
	title = {Universal approximation using radial-basis-function networks},
	volume = {3},
	year = {1991}}

@incollection{schapire2003boosting,
	author = {Schapire, Robert E},
	booktitle = {Nonlinear estimation and classification},
	pages = {149--171},
	publisher = {Springer},
	title = {The boosting approach to machine learning: An overview},
	year = {2003}}

@article{friedman2001greedy,
	author = {Friedman, Jerome H},
	journal = {Annals of statistics},
	pages = {1189--1232},
	publisher = {JSTOR},
	title = {Greedy function approximation: a gradient boosting machine},
	year = {2001}}

@article{buhlmann2003boosting,
	author = {B{\"u}hlmann, Peter and Yu, Bin},
	journal = {Journal of the American Statistical Association},
	number = {462},
	pages = {324--339},
	publisher = {Taylor \& Francis},
	title = {Boosting with the L 2 loss: regression and classification},
	volume = {98},
	year = {2003}}

@inproceedings{rahimi2008random,
	author = {Rahimi, Ali and Recht, Benjamin},
	booktitle = {Advances in neural information processing systems},
	pages = {1177--1184},
	title = {Random features for large-scale kernel machines},
	year = {2008}}

@book{cristianini2000introduction,
	author = {Cristianini, Nello and Shawe-Taylor, John and others},
	publisher = {Cambridge university press},
	title = {An introduction to support vector machines and other kernel-based learning methods},
	year = {2000}}

@article{candes2014towards,
	author = {Cand{\`e}s, Emmanuel J and Fernandez-Granda, Carlos},
	journal = {Communications on Pure and Applied Mathematics},
	number = {6},
	pages = {906--956},
	publisher = {Wiley Online Library},
	title = {Towards a Mathematical Theory of Super-resolution},
	volume = {67},
	year = {2014}}

@book{rosenblatt1962principles,
	author = {Rosenblatt, Frank},
	publisher = {Spartan Book},
	title = {Principles of neurodynamics},
	year = {1962}}

@unpublished{soltanolkotabi2017theoretical,
	author = {Soltanolkotabi, Mahdi and Javanmard, Adel and Lee, Jason D.},
	note = {\texttt{arXiv:1707.04926}},
	title = {Theoretical insights into the optimization landscape of over-parameterized shallow neural networks},
	year = {2017}}

@inproceedings{sedghi2015provable,
	author = {Sedghi, Hanie and Anandkumar, Anima},
	booktitle = {Proc. of International Conference on Learning Representation (ICLR)},
	title = {Provable methods for training neural networks with sparse connectivity},
	year = {2015}}

@book{lang2013complex,
	author = {Lang, Serge},
	publisher = {Springer Science \& Business Media},
	title = {Complex analysis},
	volume = {103},
	year = {2013}}

@article{sur2019modern,
  title={A modern maximum-likelihood theory for high-dimensional logistic regression},
  author={Sur, Pragya and Cand{\`e}s, Emmanuel J},
  journal={Proceedings of the National Academy of Sciences},
  volume={116},
  number={29},
  pages={14516--14525},
  year={2019},
  publisher={National Acad Sciences}
}

@article{montanari2019generalization,
  title={The generalization error of max-margin linear classifiers: Benign overfitting and high dimensional asymptotics in the overparametrized regime},
  author={Montanari, Andrea and Ruan, Feng and Sohn, Youngtak and Yan, Jun},
  journal={arXiv:1911.01544},
  year={2019}
}

@article{deng2022model,
  title={A model of double descent for high-dimensional binary linear classification},
  author={Deng, Zeyu and Kammoun, Abla and Thrampoulidis, Christos},
  journal={Information and Inference: A Journal of the IMA},
  volume={11},
  number={2},
  pages={435--495},
  year={2022},
  publisher={Oxford University Press}
}

@inproceedings{arora2014provable,
	author = {Arora, Sanjeev and Bhaskara, Aditya and Ge, Rong and Ma, Tengyu},
	booktitle = {Proc. of International Conference on Machine Learning (ICML)},
	pages = {584--592},
	title = {Provable bounds for learning some deep representations},
	year = {2014}}

@inproceedings{li2017convergence,
	author = {Li, Yuanzhi and Yuan, Yang},
	booktitle = {Advances in Neural Information Processing Systems},
	pages = {597--607},
	title = {Convergence analysis of two-layer neural networks with relu activation},
	year = {2017}}


@article{zhong2017recovery,
	author = {Zhong, Kai and Song, Zhao and Jain, Prateek and Bartlett, Peter L and Dhillon, Inderjit S},
	journal = {{\sf arXiv:1706.03175}},
	title = {Recovery guarantees for one-hidden-layer neural networks},
	year = {2017}}

@article{bakshi2018learning,
	author = {Bakshi, Ainesh and Jayaram, Rajesh and Woodruff, David P},
	journal = {{\sf arXiv:1811.01885}},
	title = {Learning Two Layer Rectified Neural Networks in Polynomial Time},
	year = {2018}}

@article{du2018gradient,
	author = {Du, Simon S and Zhai, Xiyu and Poczos, Barnabas and Singh, Aarti},
	journal = {{\sf arXiv:1810.02054}},
	title = {Gradient descent provably optimizes over-parameterized neural networks},
	year = {2018}}

@inproceedings{tian2017symmetry,
	author = {Tian, Yuandong},
	booktitle = {Workshop at International Conference on Learning Representation (ICLR)},
	title = {Symmetry-breaking convergence analysis of certain two-layered neural networks with {ReLU} nonlinearity},
	year = {2017}}

@inproceedings{bengio2006convex,
	author = {Bengio, Yoshua and Roux, Nicolas L and Vincent, Pascal and Delalleau, Olivier and Marcotte, Patrice},
	booktitle = {Advances in neural information processing systems},
	pages = {123--130},
	title = {Convex neural networks},
	year = {2006}}

@unpublished{ge2017learning,
	author = {Ge, Rong and Lee, Jason D and Ma, Tengyu},
	note = {\texttt{arXiv:1711.00501}},
	title = {Learning One-hidden-layer Neural Networks with Landscape Design},
	year = {2017}}

@unpublished{mondelli_displacement,
	author = {Mondelli, Marco and Montanari, Andrea},
	note = {In preparation},
	title = {Analyzing two-layers neural networks via displacement convexity},
	year = {2017}}

@unpublished{janzamin2015beating,
	author = {Janzamin, Majid and Sedghi, Hanie and Anandkumar, Anima},
	note = {\texttt{arXiv:1506.08473}},
	title = {Beating the perils of non-convexity: {G}uaranteed training of neural networks using tensor methods},
	year = {2015}}

@unpublished{brutzkus2017globally,
	author = {Brutzkus, Alon and Globerson, Amir},
	note = {\texttt{arXiv:1702.07966}},
	title = {Globally optimal gradient descent for a ConvNet with Gaussian inputs},
	year = {2017}}

@inproceedings{zhang2016l1,
	author = {Zhang, Yuchen and Lee, Jason D. and Jordan, Michael I.},
	booktitle = {Proc. of International Conference on Machine Learning (ICML)},
	pages = {993--1001},
	title = {L1-regularized neural networks are improperly learnable in polynomial time},
	year = {2016}}

@techreport{hoeffding1961strong,
	author = {Hoeffding, Wassily},
	institution = {North Carolina State University. Dept. of Statistics},
	title = {The strong law of large numbers for u-statistics.},
	year = {1961}}

@incollection{sznitman1991topics,
	author = {Sznitman, Alain-Sol},
	booktitle = {Ecole d'{\'e}t{\'e} de probabilit{\'e}s de Saint-Flour XIX---1989},
	pages = {165--251},
	publisher = {Springer},
	title = {Topics in propagation of chaos},
	year = {1991}}

@inproceedings{brennan2018reducibility,
  title={Reducibility and computational lower bounds for problems with planted sparse structure},
  author={Brennan, Matthew and Bresler, Guy and Huleihel, Wasim},
  booktitle={Conference On Learning Theory},
  pages={48--166},
  year={2018},
  organization={PMLR}
}

@inproceedings{banks2021local,
  title={Local statistics, semidefinite programming, and community detection},
  author={Banks, Jess and Mohanty, Sidhanth and Raghavendra, Prasad},
  booktitle={Proceedings of the ACM-SIAM Symposium on Discrete Algorithms (SODA)},
  pages={1298--1316},
  year={2021},
  organization={SIAM}
}

@article{gallager1962low,
  title={Low-density parity-check codes},
  author={Gallager, Robert},
  journal={IRE Transactions on information theory},
  volume={8},
  number={1},
  pages={21--28},
  year={1962},
  publisher={IEEE}
}

@inproceedings{celentano2020estimation,
  title={The estimation error of general first order methods},
  author={Celentano, Michael and Montanari, Andrea and Wu, Yuchen},
  booktitle={Conference on Learning Theory},
  pages={1078--1141},
  year={2020},
  organization={PMLR}
}

@inproceedings{brennan2020statistical,
  title={Statistical Query Algorithms and Low Degree Tests Are Almost Equivalent},
  author={Brennan, Matthew S and Bresler, Guy and Hopkins, Sam and Li, Jerry and Schramm, Tselil},
  booktitle={Conference on Learning Theory},
  pages={774--774},
  year={2021},
  organization={PMLR}
}
	
@inproceedings{brennan2020reducibility,
  title={Reducibility and statistical-computational gaps from secret leakage},
  author={Brennan, Matthew and Bresler, Guy},
  booktitle={Conference on Learning Theory},
  pages={648--847},
  year={2020},
  organization={PMLR}
}

@article{barak2019nearly,
  title={A nearly tight sum-of-squares lower bound for the planted clique problem},
  author={Barak, Boaz and Hopkins, Samuel and Kelner, Jonathan and Kothari, Pravesh K and Moitra, Ankur and Potechin, Aaron},
  journal={SIAM Journal on Computing},
  volume={48},
  number={2},
  pages={687--735},
  year={2019},
  publisher={SIAM}
}
	
@article{decelle2011asymptotic,
  title={Asymptotic analysis of the stochastic block model for modular networks and its algorithmic applications},
  author={Decelle, Aurelien and Krzakala, Florent and Moore, Cristopher and Zdeborov{\'a}, Lenka},
  journal={Physical Review E},
  volume={84},
  number={6},
  pages={066106},
  year={2011},
  publisher={APS}
}

@article{eaton2021charles,
  title={{Charles Stein} and invariance: Beginning with the {Hunt--Stein} theorem},
  author={Eaton, Morris L and George, Edward I},
  journal={The Annals of Statistics},
  volume={49},
  number={4},
  pages={1815--1822},
  year={2021},
  publisher={Institute of Mathematical Statistics}
}

@inproceedings{wein2019kikuchi,
  title={The {Kikuchi} hierarchy and tensor {PCA}},
  author={Wein, Alexander S and {El Alaoui}, Ahmed and Moore, Cristopher},
  booktitle={60th Annual Symposium on Foundations of Computer Science (FOCS)},
  pages={1446--1468},
  year={2019},
  organization={IEEE}
}

@inproceedings{hopkins2015tensor,
  title={Tensor principal component analysis via sum-of-square proofs},
  author={Hopkins, Samuel B and Shi, Jonathan and Steurer, David},
  booktitle={Conference on Learning Theory},
  pages={956--1006},
  year={2015},
  organization={PMLR}
}

@book{lorentz2005approximation,
  title={Approximation of Functions},
  author={Lorentz, G G},
  volume={322},
  year={2005},
  publisher={American Mathematical Soc.}
}

@article{richard2014statistical,
  title={A statistical model for tensor {PCA}},
  author={Richard, Emile and Montanari, Andrea},
  journal={Advances in neural information processing systems},
  volume={27},
  year={2014}
}

@book{van1998asymptotic,
	author = {Van der Vaart, Aad W},
	publisher = {Cambridge university press},
	title = {Asymptotic statistics},
	volume = {3},
	year = {1998}}

@article{plefka1982convergence,
	author = {Plefka, T},
	journal = {Journal of Physics A: Mathematical and general},
	number = {6},
	pages = {1971},
	publisher = {IOP Publishing},
	title = {Convergence condition of the TAP equation for the infinite-ranged Ising spin glass model},
	volume = {15},
	year = {1982}}

@article{hoffmann2022training,
  title={Training compute-optimal large language models},
  author={Hoffmann, Jordan and Borgeaud, Sebastian and Mensch, Arthur and Buchatskaya, Elena and Cai, Trevor and Rutherford, Eliza and Casas, Diego de Las and Hendricks, Lisa Anne and Welbl, Johannes and Clark, Aidan},
  journal={arXiv:2203.15556},
  year={2022}
}


@article{hastie2022surprises,
  title={Surprises in high-dimensional ridgeless least squares interpolation},
  author={Hastie, Trevor and Montanari, Andrea and Rosset, Saharon and Tibshirani, Ryan J},
  journal={The Annals of Statistics},
  volume={50},
  number={2},
  pages={949--986},
  year={2022},
  publisher={Institute of Mathematical Statistics}
}


@article{kaplan2020scaling,
  title={Scaling laws for neural language models},
  author={Kaplan, Jared and McCandlish, Sam and Henighan, Tom and Brown, Tom B and Chess, Benjamin and Child, Rewon and Gray, Scott and Radford, Alec and Wu, Jeffrey and Amodei, Dario},
  journal={arXiv preprint arXiv:2001.08361},
  year={2020}
}

@article{binder1981finite,
	author = {Binder, Kurt},
	journal = {Zeitschrift f{\"u}r Physik B Condensed Matter},
	number = {2},
	pages = {119--140},
	publisher = {Springer},
	title = {Finite size scaling analysis of Ising model block distribution functions},
	volume = {43},
	year = {1981}}

@incollection{opper2001naive,
	author = {Opper, Manfred and Winther, Ole},
	booktitle = {Advanced Mean Field Methods: Theory and Practice},
	pages = {7},
	publisher = {MIT Press},
	title = {From naive mean field theory to the TAP equations},
	year = {2001}}

@book{perko2013differential,
	author = {Perko, Lawrence},
	publisher = {Springer Science \& Business Media},
	title = {Differential equations and dynamical systems},
	volume = {7},
	year = {2013}}

@article{javanmard2013state,
	author = {Javanmard, Adel and Montanari, Andrea},
	journal = {Information and Inference: A Journal of the IMA},
	number = {2},
	pages = {115--144},
	publisher = {Oxford University Press},
	title = {State evolution for general approximate message passing algorithms, with applications to spatial coupling},
	volume = {2},
	year = {2013}}

@article{blei2012probabilistic,
	author = {Blei, David M},
	journal = {Communications of the ACM},
	number = {4},
	pages = {77--84},
	publisher = {ACM},
	title = {Probabilistic topic models},
	volume = {55},
	year = {2012}}

@article{blei2017variational,
	author = {Blei, David M and Kucukelbir, Alp and McAuliffe, Jon D},
	journal = {Journal of the American Statistical Association},
	number = {just-accepted},
	publisher = {Taylor \& Francis},
	title = {Variational inference: A review for statisticians},
	year = {2017}}

@article{huang2018convergence,
	author = {Huang, Brice},
	journal = {Electronic Communications in Probability},
	pages = {1--10},
	publisher = {Institute of Mathematical Statistics and Bernoulli Society},
	title = {Convergence of maximum bisection ratio of sparse random graphs},
	volume = {23},
	year = {2018}}

@article{zdeborova2010conjecture,
	author = {Zdeborov{\'a}, Lenka and Boettcher, Stefan},
	journal = {Journal of Statistical Mechanics: Theory and Experiment},
	number = {02},
	pages = {P02020},
	publisher = {IOP Publishing},
	title = {A conjecture on the maximum cut and bisection width in random regular graphs},
	volume = {2010},
	year = {2010}}

@article{lesieur2017constrained,
	author = {Lesieur, Thibault and Krzakala, Florent and Zdeborov{\'a}, Lenka},
	journal = {{arXiv:1701.00858}},
	title = {Constrained low-rank matrix estimation: Phase transitions, approximate message passing and applications},
	year = {2017}}

@article{alaoui2018estimation,
	author = {Alaoui, Ahmed El and Krzakala, Florent},
	journal = {arXiv preprint arXiv:1801.01593},
	title = {Estimation in the Spiked Wigner Model: A Short Proof of the Replica Formula},
	year = {2018}}

@article{barbier2019adaptive,
  title={The adaptive interpolation method: a simple scheme to prove replica formulas in Bayesian inference},
  author={Barbier, Jean and Macris, Nicolas},
  journal={Probability theory and related fields},
  volume={174},
  number={3},
  pages={1133--1185},
  year={2019},
  publisher={Springer}
}

@inproceedings{barbier2016mutual,
	author = {Barbier, Jean and Dia, Mohamad and Macris, Nicolas and Krzakala, Florent and Lesieur, Thibault and Zdeborov{\'a}, Lenka},
	booktitle = {Advances in Neural Information Processing Systems},
	pages = {424--432},
	title = {Mutual information for symmetric rank-one matrix estimation: A proof of the replica formula},
	year = {2016}}

@article{bauerschmidt2019very,
	author = {Bauerschmidt, Roland and Bodineau, Thierry},
	journal = {Journal of Functional Analysis},
	number = {8},
	pages = {2582--2588},
	publisher = {Elsevier},
	title = {A very simple proof of the {LSI} for high temperature spin systems},
	volume = {276},
	year = {2019}}

@incollection{aizenman1987rapid,
	author = {Aizenman, Michael and Holley, Richard},
	booktitle = {Percolation theory and ergodic theory of infinite particle systems},
	pages = {1--11},
	publisher = {Springer},
	title = {{Rapid convergence to equilibrium of stochastic Ising models in the Dobrushin Shlosman regime}},
	year = {1987}}
	
@article{lelarge2019fundamental,
  title={Fundamental limits of symmetric low-rank matrix estimation},
  author={Lelarge, Marc and Miolane, L{\'e}o},
  journal={Probability Theory and Related Fields},
  volume={173},
  number={3},
  pages={859--929},
  year={2019},
  publisher={Springer}
}

@inproceedings{chen2022hamilton,
  title={Hamilton--Jacobi equations for inference of matrix tensor products},
  author={Chen, Hong-Bin and Xia, Jiaming},
  booktitle={Annales de l'Institut Henri Poincar{\'e}, Probabilit{\'e}s et Statistiques},
  volume={58},
  number={2},
  pages={755--793},
  year={2022},
  organization={Institut Henri Poincar{\'e}}
}

@article{miolane2017fundamental,
	author = {Miolane, L{\'e}o},
	journal = {{\sf arXiv:1702.00473}},
	title = {Fundamental limits of low-rank matrix estimation},
	year = {2017}}

@article{celisse2012consistency,
	author = {Celisse, Alain and Daudin, Jean-Jacques and Pierre, Laurent and others},
	journal = {Electronic Journal of Statistics},
	pages = {1847--1899},
	publisher = {The Institute of Mathematical Statistics and the Bernoulli Society},
	title = {Consistency of maximum-likelihood and variational estimators in the stochastic block model},
	volume = {6},
	year = {2012}}

@article{bickel2013asymptotic,
	author = {Bickel, Peter and Choi, David and Chang, Xiangyu and Zhang, Hai},
	journal = {The Annals of Statistics},
	pages = {1922--1943},
	publisher = {JSTOR},
	title = {Asymptotic normality of maximum likelihood and its variational approximation for stochastic blockmodels},
	year = {2013}}

@article{wang2006convergence,
	author = {Wang, Bo and Titterington, D. Michael},
	journal = {Bayesian Analysis},
	number = {3},
	pages = {625--650},
	publisher = {International Society for Bayesian Analysis},
	title = {{Convergence properties of a general algorithm for calculating variational Bayesian estimates for a normal mixture model}},
	volume = {1},
	year = {2006}}

@inproceedings{wang2005inadequacy,
	author = {Wang, Bo and Titterington, D. Michael},
	booktitle = {AISTATS},
	title = {{Inadequacy of interval estimates corresponding to variational Bayesian approximations}},
	year = {2005}}

@inproceedings{wang2004convergence,
	author = {Wang, Bo and Titterington, D. Michael},
	booktitle = {Proceedings of the 20th conference on Uncertainty in artificial intelligence},
	organization = {AUAI Press},
	pages = {577--584},
	title = {{Convergence and asymptotic normality of variational Bayesian approximations for exponential family models with missing values}},
	year = {2004}}

@inproceedings{giordano2015linear,
	author = {Giordano, Ryan J and Broderick, Tamara and Jordan, Michael I},
	booktitle = {Advances in Neural Information Processing Systems},
	pages = {1441--1449},
	title = {Linear response methods for accurate covariance estimates from mean field variational Bayes},
	year = {2015}}

@article{zhou2015bayesian,
	author = {Zhou, Jing and Bhattacharya, Anirban and Herring, Amy H and Dunson, David B},
	journal = {Journal of the American Statistical Association},
	number = {512},
	pages = {1562--1576},
	publisher = {Taylor \& Francis},
	title = {Bayesian factorizations of big sparse tensors},
	volume = {110},
	year = {2015}}

@inproceedings{krzakala2016mutual,
	author = {Krzakala, Florent and Xu, Jiaming and Zdeborov{\'a}, Lenka},
	booktitle = {IEEE Information Theory Workshop (ITW)},
	date-modified = {2017-12-23 08:48:55 +0000},
	pages = {71--75},
	title = {Mutual information in rank-one matrix estimation},
	year = {2016}}

@article{zhang2017theoretical,
	author = {Zhang, Anderson Y and Zhou, Harrison H},
	journal = {{\sf arXiv:1710.11268}},
	title = {Theoretical and Computational Guarantees of Mean Field Variational Inference for Community Detection},
	year = {2017}}

@article{pati2017statistical,
	author = {Pati, Debdeep and Bhattacharya, Anirban and Yang, Yun},
	journal = {{\sf arXiv:1712.08983}},
	title = {On Statistical Optimality of Variational Bayes},
	year = {2017}}

@inproceedings{broderick2013streaming,
	author = {Broderick, Tamara and Boyd, Nicholas and Wibisono, Andre and Wilson, Ashia C and Jordan, Michael I},
	booktitle = {Advances in Neural Information Processing Systems},
	pages = {1727--1735},
	title = {Streaming variational bayes},
	year = {2013}}

@inproceedings{hoffman2010online,
	author = {Hoffman, Matthew and Bach, Francis R and Blei, David M},
	booktitle = {Advances in neural information processing systems},
	pages = {856--864},
	title = {{Online learning for Latent Dirichlet Allocation}},
	year = {2010}}

@article{blei2003latent,
	author = {Blei, David M and Ng, Andrew Y and Jordan, Michael I},
	journal = {Journal of machine Learning research},
	number = {Jan},
	pages = {993--1022},
	title = {Latent dirichlet allocation},
	volume = {3},
	year = {2003}}

@article{bolte2014proximal,
	author = {Bolte, J{\'e}r{\^o}me and Sabach, Shoham and Teboulle, Marc},
	journal = {Mathematical Programming},
	number = {1-2},
	pages = {459--494},
	publisher = {Springer},
	title = {Proximal alternating linearized minimization for nonconvex and nonsmooth problems},
	volume = {146},
	year = {2014}}

@inproceedings{lanckriet2009convergence,
	author = {Lanckriet, Gert R and Sriperumbudur, Bharath K},
	booktitle = {Advances in neural information processing systems},
	pages = {1759--1767},
	title = {On the convergence of the concave-convex procedure},
	year = {2009}}

@article{an2005dc,
	author = {An, Le Thi Hoai and Tao, Pham Dinh},
	journal = {Annals of operations research},
	number = {1},
	pages = {23--46},
	publisher = {Springer},
	title = {The DC (difference of convex functions) programming and DCA revisited with DC models of real world nonconvex optimization problems},
	volume = {133},
	year = {2005}}

@article{lipp2016variations,
	author = {Lipp, Thomas and Boyd, Stephen},
	journal = {Optimization and Engineering},
	number = {2},
	pages = {263--287},
	publisher = {Springer},
	title = {Variations and extension of the convex--concave procedure},
	volume = {17},
	year = {2016}}

@article{opper2001adaptive,
	author = {Opper, Manfred and Winther, Ole},
	journal = {Physical Review E},
	number = {5},
	pages = {056131},
	publisher = {APS},
	title = {Adaptive and self-averaging Thouless-Anderson-Palmer mean-field theory for probabilistic modeling},
	volume = {64},
	year = {2001}}

@article{raj2014faststructure,
	author = {Raj, Anil and Stephens, Matthew and Pritchard, Jonathan K},
	journal = {Genetics},
	number = {2},
	pages = {573--589},
	publisher = {Genetics Soc America},
	title = {fastSTRUCTURE: variational inference of population structure in large SNP data sets},
	volume = {197},
	year = {2014}}

@article{carbonetto2012scalable,
	author = {Carbonetto, Peter and Stephens, Matthew},
	journal = {Bayesian analysis},
	number = {1},
	pages = {73--108},
	publisher = {International Society for Bayesian Analysis},
	title = {Scalable variational inference for Bayesian variable selection in regression, and its accuracy in genetic association studies},
	volume = {7},
	year = {2012}}

@inproceedings{wang2011collaborative,
	author = {Wang, Chong and Blei, David M},
	booktitle = {Proceedings of the 17th ACM SIGKDD international conference on Knowledge discovery and data mining},
	organization = {ACM},
	pages = {448--456},
	title = {Collaborative topic modeling for recommending scientific articles},
	year = {2011}}

@inproceedings{fei2005bayesian,
	author = {Fei-Fei, Li and Perona, Pietro},
	booktitle = {Computer Vision and Pattern Recognition, 2005. CVPR 2005. IEEE Computer Society Conference on},
	organization = {IEEE},
	pages = {524--531},
	title = {A bayesian hierarchical model for learning natural scene categories},
	volume = {2},
	year = {2005}}

@article{thouless1977solution,
	author = {Thouless, David J. and Anderson, Philip W. and Palmer, Richard G.},
	journal = {Philosophical Magazine},
	number = {3},
	pages = {593--601},
	publisher = {Taylor \& Francis Group},
	title = {Solution of `Solvable model of a spin glass'},
	volume = {35},
	year = {1977}}

@book{leadbetter2012extremes,
	author = {Leadbetter, Malcolm R and Lindgren, Georg and Rootz{\'e}n, Holger},
	publisher = {Springer Science \& Business Media},
	title = {Extremes and related properties of random sequences and processes},
	year = {2012}}

@inproceedings{arora2013practical,
	author = {Arora, Sanjeev and Ge, Rong and Halpern, Yonatan and Mimno, David M and Moitra, Ankur and Sontag, David and Wu, Yichen and Zhu, Michael},
	booktitle = {ICML (2)},
	pages = {280--288},
	title = {A Practical Algorithm for Topic Modeling with Provable Guarantees.},
	year = {2013}}

@inbook{nist,
	address = {Gaithersburg MD, 20899},
	editor = {P.J. Linstrom and W.G. Mallard},
	note = {\url{http://webbook.nist.gov}, (retrieved January 5, 2017)},
	publisher = {National Institute of Standards and Technology},
	title = {NIST Chemistry WebBook, NIST Standard Reference Database Number 69}}

@article{mordukhovich2013easy,
	author = {Mordukhovich, Boris S and Nam, Nguyen Mau},
	journal = {Synthesis Lectures on Mathematics and Statistics},
	number = {2},
	pages = {1--218},
	publisher = {Morgan \& Claypool Publishers},
	title = {An easy path to convex analysis and applications},
	volume = {6},
	year = {2013}}

@article{bray1980metastable,
  author = {Alan J. Bray and Michael A Moore},
  title={Metastable states in spin glasses},
  journal={Journal of Physics C: Solid State Physics},
  volume={13},
  number={19},
  pages={L469},
  year={1980},
  publisher={IOP Publishing}
}

@article{fyodorov2004complexity,
  title={Complexity of Random Energy Landscapes, Glass Transition, and Absolute Value of the Spectral Determinant of Random Matrices},
  author={Fyodorov, Yan V},
  journal={Physical review letters},
  volume={92},
  number={24},
  pages={240601},
  year={2004},
  publisher={APS}
}

@article{hantoute2008subdifferential,
	author = {Hantoute, Abderrahim and L{\'o}pez, Marco A and Zalinescu, Constantin},
	journal = {SIAM Journal on Optimization},
	number = {2},
	pages = {863--882},
	publisher = {SIAM},
	title = {Subdifferential calculus rules in convex analysis: a unifying approach via pointwise supremum functions},
	volume = {19},
	year = {2008}}

@article{ge2015intersecting,
	author = {Ge, Rong and Zou, James},
	journal = {arXiv preprint arXiv:1507.02189},
	title = {Intersecting Faces: Non-negative Matrix Factorization With New Guarantees},
	year = {2015}}

@article{gillis2014fast,
	author = {Gillis, Nicolas and Vavasis, Stephen A},
	journal = {IEEE transactions on pattern analysis and machine intelligence},
	number = {4},
	pages = {698--714},
	publisher = {IEEE},
	title = {Fast and robust recursive algorithmsfor separable nonnegative matrix factorization},
	volume = {36},
	year = {2014}}

@inproceedings{arora2005non,
	author = {Arora, Sanjeev and Berger, Eli and Elad, Hazan and Kindler, Guy and Safra, Muli},
	booktitle = {Foundations of Computer Science, 2005. FOCS 2005. 46th Annual IEEE Symposium on},
	organization = {IEEE},
	pages = {206--215},
	title = {On non-approximability for quadratic programs},
	year = {2005}}

@inproceedings{recht2012factoring,
	author = {Recht, Ben and Re, Christopher and Tropp, Joel and Bittorf, Victor},
	booktitle = {Advances in Neural Information Processing Systems},
	pages = {1214--1222},
	title = {Factoring nonnegative matrices with linear programs},
	year = {2012}}

@inproceedings{arora2012learning,
	author = {Arora, Sanjeev and Ge, Rong and Moitra, Ankur},
	booktitle = {Foundations of Computer Science (FOCS), 2012 IEEE 53rd Annual Symposium on},
	organization = {IEEE},
	pages = {1--10},
	title = {Learning topic models--going beyond SVD},
	year = {2012}}

@inproceedings{arora2012computing,
	author = {Arora, Sanjeev and Ge, Rong and Kannan, Ravindran and Moitra, Ankur},
	booktitle = {Proceedings of the forty-fourth annual ACM symposium on Theory of computing},
	organization = {ACM},
	pages = {145--162},
	title = {Computing a nonnegative matrix factorization--provably},
	year = {2012}}

@inproceedings{donoho2003does,
	author = {Donoho, David and Stodden, Victoria},
	booktitle = {Advances in neural information processing systems},
	pages = {None},
	title = {When does non-negative matrix factorization give a correct decomposition into parts?},
	year = {2003}}

@article{lin2007projected,
	author = {Lin, Chih-Jen},
	journal = {Neural computation},
	number = {10},
	pages = {2756--2779},
	publisher = {MIT Press},
	title = {Projected gradient methods for nonnegative matrix factorization},
	volume = {19},
	year = {2007}}

@article{paatero1994positive,
	author = {Paatero, Pentti and Tapper, Unto},
	journal = {Environmetrics},
	number = {2},
	pages = {111--126},
	publisher = {Wiley Online Library},
	title = {Positive matrix factorization: A non-negative factor model with optimal utilization of error estimates of data values},
	volume = {5},
	year = {1994}}

@article{janson2004upper,
	author = {Janson, Svante and Oleszkiewicz, Krzysztof and Ruci{\'n}ski, Andrzej},
	journal = {Israel Journal of Mathematics},
	number = {1},
	pages = {61--92},
	publisher = {Springer},
	title = {Upper tails for subgraph counts in random graphs},
	volume = {142},
	year = {2004}}

@book{tao2012topics,
	author = {Tao, Terence},
	publisher = {American Mathematical Soc.},
	title = {Topics in random matrix theory},
	volume = {132},
	year = {2012}}

@techreport{tao2012random,
	author = {Tao, Terence and Vu, Van},
	title = {Random matrices: The Universality phenomenon for Wigner ensembles},
	year = {2012}}

@article{gamarnik2014right,
	author = {Gamarnik, David},
	journal = {Probability Theory and Related Fields},
	number = {1-2},
	pages = {253--278},
	publisher = {Springer},
	title = {Right-convergence of sparse random graphs},
	volume = {160},
	year = {2014}}

@article{salez2016interpolation,
	author = {Salez, Justin},
	journal = {Combinatorics, Probability and Computing},
	number = {3},
	pages = {436--447},
	publisher = {Cambridge University Press},
	title = {The interpolation method for random graphs with prescribed degrees},
	volume = {25},
	year = {2016}}

@article{vershynin2010introduction,
	author = {Vershynin, Roman},
	journal = {arXiv preprint arXiv:1011.3027},
	title = {Introduction to the non-asymptotic analysis of random matrices},
	year = {2010}}

@article{sahni1976p,
	author = {Sahni, Sartaj and Gonzalez, Teofilo},
	journal = {Journal of the ACM (JACM)},
	number = {3},
	pages = {555--565},
	publisher = {ACM},
	title = {P-complete approximation problems},
	volume = {23},
	year = {1976}}

@article{janson1990poisson,
	author = {Janson, Svante},
	journal = {Random Structures \& Algorithms},
	number = {2},
	pages = {221--229},
	publisher = {Wiley Online Library},
	title = {Poisson approximation for large deviations},
	volume = {1},
	year = {1990}}

@article{hajek2014computational,
	author = {Hajek, Bruce and Wu, Yihong and Xu, Jiaming},
	journal = {arXiv preprint arXiv:1406.6625},
	title = {Computational lower bounds for community detection on random graphs},
	year = {2014}}

@article{kovanen2013temporal,
	author = {Kovanen, Lauri and Kaski, Kimmo and Kert{\'e}sz, J{\'a}nos and Saram{\"a}ki, Jari},
	journal = {Proceedings of the National Academy of Sciences},
	number = {45},
	pages = {18070--18075},
	publisher = {National Acad Sciences},
	title = {Temporal motifs reveal homophily, gender-specific patterns, and group talk in call sequences},
	volume = {110},
	year = {2013}}

@article{weiss1955method,
	author = {Weiss, Robert S and Jacobson, Eugene},
	journal = {American Sociological Review},
	pages = {661--668},
	publisher = {JSTOR},
	title = {A method for the analysis of the structure of complex organizations},
	year = {1955}}

@book{easley2010networks,
	author = {Easley, David and Kleinberg, Jon},
	publisher = {Cambridge University Press},
	title = {Networks, crowds, and markets: Reasoning about a highly connected world},
	year = {2010}}

@book{wasserman1994social,
	author = {Wasserman, Stanley and Faust, Katherine},
	publisher = {Cambridge university press},
	title = {Social network analysis: Methods and applications},
	volume = {8},
	year = {1994}}

@article{granovetter1973strength,
	author = {Granovetter, Mark S},
	journal = {American journal of sociology},
	pages = {1360--1380},
	publisher = {JSTOR},
	title = {The strength of weak ties},
	year = {1973}}

@article{alon2007network,
	author = {Alon, Uri},
	journal = {Nature Reviews Genetics},
	number = {6},
	pages = {450--461},
	publisher = {Nature Publishing Group},
	title = {Network motifs: theory and experimental approaches},
	volume = {8},
	year = {2007}}

@article{verzelen2013community,
	author = {Verzelen, Nicolas and Arias-Castro, Ery},
	journal = {arXiv preprint arXiv:1308.2955},
	title = {Community detection in sparse random networks},
	year = {2013}}

@book{nesterov1994interior,
	author = {Nesterov, Yurii and Nemirovsky, Arkadii},
	publisher = {SIAM},
	title = {Interior-point polynomial algorithms in convex programming},
	year = {1994}}

@article{hajek2015information,
	author = {Hajek, Bruce and Wu, Yihong and Xu, Jiaming},
	journal = {{\sf arXiv:1509.07859}},
	title = {Information Limits for Recovering a Hidden Community},
	year = {2015}}

@article{montanari2015finding,
	author = {Montanari, Andrea},
	journal = {arXiv preprint arXiv:1502.05680},
	title = {Finding One Community in a Sparse Graph},
	year = {2015}}

@article{kashtan2005spontaneous,
	author = {Kashtan, Nadav and Alon, Uri},
	journal = {Proceedings of the National Academy of Sciences of the United States of America},
	number = {39},
	pages = {13773--13778},
	publisher = {National Acad Sciences},
	title = {Spontaneous evolution of modularity and network motifs},
	volume = {102},
	year = {2005}}

@article{yeger2004network,
	author = {Yeger-Lotem, Esti and Sattath, Shmuel and Kashtan, Nadav and Itzkovitz, Shalev and Milo, Ron and Pinter, Ron Y and Alon, Uri and Margalit, Hanah},
	journal = {Proceedings of the National Academy of Sciences of the United States of America},
	number = {16},
	pages = {5934--5939},
	publisher = {National Acad Sciences},
	title = {Network motifs in integrated cellular networks of transcription--regulation and protein--protein interaction},
	volume = {101},
	year = {2004}}

@article{kashtan2004efficient,
	author = {Kashtan, Nadav and Itzkovitz, Shalev and Milo, Ron and Alon, Uri},
	journal = {Bioinformatics},
	number = {11},
	pages = {1746--1758},
	publisher = {Oxford Univ Press},
	title = {Efficient sampling algorithm for estimating subgraph concentrations and detecting network motifs},
	volume = {20},
	year = {2004}}

@article{milo2002network,
	author = {Milo, Ron and Shen-Orr, Shai and Itzkovitz, Shalev and Kashtan, Nadav and Chklovskii, Dmitri and Alon, Uri},
	journal = {Science},
	number = {5594},
	pages = {824--827},
	publisher = {American Association for the Advancement of Science},
	title = {Network motifs: simple building blocks of complex networks},
	volume = {298},
	year = {2002}}

@article{deshpande2013finding,
	author = {Deshpande, Yash and Montanari, Andrea},
	journal = {Foundations of Computational Mathematics},
	pages = {1--60},
	publisher = {Springer},
	title = {Finding Hidden Cliques of Size $\sqrt{N/e}$ in Nearly Linear Time},
	year = {2013}}

@article{arias2014community,
	author = {Arias-Castro, Ery and Verzelen, Nicolas},
	journal = {The Annals of Statistics},
	number = {3},
	pages = {940--969},
	publisher = {Institute of Mathematical Statistics},
	title = {Community detection in dense random networks},
	volume = {42},
	year = {2014}}

@article{kim2000concentration,
	author = {Kim, Jeong Han and Vu, Van H},
	journal = {Combinatorica},
	number = {3},
	pages = {417--434},
	publisher = {Springer},
	title = {Concentration of multivariate polynomials and its applications},
	volume = {20},
	year = {2000}}

@article{ingster2010detection,
	author = {Ingster, Yuri I and Tsybakov, Alexandre B and Verzelen, Nicolas and others},
	journal = {Electronic Journal of Statistics},
	pages = {1476--1526},
	publisher = {Institute of Mathematical Statistics},
	title = {Detection boundary in sparse regression},
	volume = {4},
	year = {2010}}

@article{erdHos2012spectral,
	author = {Erd{\H{o}}s, L{\'a}szl{\'o} and Knowles, Antti and Yau, Horng-Tzer and Yin, Jun},
	journal = {Communications in Mathematical Physics},
	number = {3},
	pages = {587--640},
	publisher = {Springer},
	title = {Spectral statistics of Erd{\H{o}}s-R{\'e}nyi Graphs II: Eigenvalue spacing and the extreme eigenvalues},
	volume = {314},
	year = {2012}}

@article{zhao1998semidefinite,
	author = {Zhao, Qing and Karisch, Stefan E and Rendl, Franz and Wolkowicz, Henry},
	journal = {Journal of Combinatorial Optimization},
	number = {1},
	pages = {71--109},
	publisher = {Springer},
	title = {Semidefinite programming relaxations for the quadratic assignment problem},
	volume = {2},
	year = {1998}}

@book{burkard2013quadratic,
	author = {Burkard, Rainer E},
	publisher = {Springer},
	title = {Quadratic assignment problems},
	year = {2013}}

@book{lauritzen1996graphical,
	author = {Lauritzen, Steffen L},
	publisher = {Oxford University Press},
	title = {Graphical models},
	year = {1996}}

@book{biggs1993algebraic,
	author = {Biggs, Norman},
	publisher = {Cambridge University Press},
	title = {Algebraic graph theory},
	year = {1993}}

@book{georgii2011gibbs,
	author = {Georgii, Hans-Otto},
	publisher = {Walter de Gruyter},
	title = {Gibbs measures and phase transitions},
	volume = {9},
	year = {2011}}

@book{koller2009probabilistic,
	author = {Koller, Daphne and Friedman, Nir},
	publisher = {MIT press},
	title = {Probabilistic graphical models: principles and techniques},
	year = {2009}}

@book{bollobas2001random,
	author = {Bollob{\'a}s, B{\'e}la},
	publisher = {Cambridge university press},
	title = {Random graphs},
	volume = {73},
	year = {2001}}

@book{janson2000random,
	author = {Janson, Svante and Luczak, Tomasz and Kolchin, VF},
	publisher = {Cambridge Univ Press},
	title = {Random graphs},
	year = {2000}}

@book{bollobas1978extremal,
	author = {Bollob{\'a}s, B{\'e}la},
	publisher = {DoverPublications. com},
	title = {Extremal graph theory},
	year = {1978}}

@article{ising1925beitrag,
	author = {Ising, Ernst},
	journal = {Zeitschrift f{\"u}r Physik A Hadrons and Nuclei},
	number = {1},
	pages = {253--258},
	publisher = {Springer},
	title = {Beitrag zur theorie des ferromagnetismus},
	volume = {31},
	year = {1925}}

@article{montanari2012weak,
	author = {Montanari, Andrea and Mossel, Elchanan and Sly, Allan},
	journal = {Probability Theory and Related Fields},
	number = {1-2},
	pages = {31--51},
	publisher = {Springer},
	title = {The weak limit of Ising models on locally tree-like graphs},
	volume = {152},
	year = {2012}}

@article{nam2022ising,
	author = {Nam, Danny and Sly, Allan and Zhang, Lingfu},
	journal = {Communications in Mathematical Physics},
	pages = {1--38},
	publisher = {Springer},
	title = {{Ising model on trees and factors of IID}},
	year = {2022}}

@article{talagrand2006parisi,
	author = {Talagrand, Michel},
	journal = {Annals of Mathematics},
	pages = {221--263},
	publisher = {JSTOR},
	title = {{The Parisi formula}},
	year = {2006}}

@article{sellke2021optimizing,
	author = {Sellke, Mark},
	journal = {arXiv preprint arXiv:2105.03506},
	title = {Optimizing Mean Field Spin Glasses with External Field},
	year = {2021}}

@article{auffinger2017parisi,
	author = {Auffinger, Antonio and Chen, Wei-Kuo},
	journal = {The Annals of Probability},
	number = {6b},
	pages = {4617--4631},
	publisher = {Institute of Mathematical Statistics},
	title = {Parisi formula for the ground state energy in the mixed $p$-spin model},
	volume = {45},
	year = {2017}}

@article{chen2017variational,
	author = {Chen, Wei-Kuo},
	journal = {The Annals of Probability},
	number = {6A},
	pages = {3929--3966},
	publisher = {Institute of Mathematical Statistics},
	title = {{Variational representations for the Parisi functional and the two-dimensional Guerra--Talagrand bound}},
	volume = {45},
	year = {2017}}

@article{auffinger2015parisi,
	author = {Auffinger, Antonio and Chen, Wei-Kuo},
	journal = {Communications in Mathematical Physics},
	number = {3},
	pages = {1429--1444},
	publisher = {Springer},
	title = {{The Parisi formula has a unique minimizer}},
	volume = {335},
	year = {2015}}

@article{parisi1979infinite,
	author = {Parisi, Giorgio},
	journal = {Physical Review Letters},
	number = {23},
	pages = {1754},
	publisher = {APS},
	title = {Infinite number of order parameters for spin-glasses},
	volume = {43},
	year = {1979}}

@article{dembo2017extremal,
	author = {Dembo, Amir and Montanari, Andrea and Sen, Subhabrata},
	journal = {The Annals of Probability},
	number = {2},
	pages = {1190--1217},
	publisher = {Institute of Mathematical Statistics},
	title = {Extremal cuts of sparse random graphs},
	volume = {45},
	year = {2017}}

@article{basak2012ferromagnetic,
	author = {Basak, Anirban and Dembo, Amir},
	journal = {arXiv preprint arXiv:1205.4749},
	title = {Ferromagnetic Ising measures on large locally tree-like graphs},
	year = {2012}}

@incollection{aldous2004objective,
	author = {Aldous, David and Steele, J Michael},
	booktitle = {Probability on discrete structures},
	pages = {1--72},
	publisher = {Springer},
	title = {The objective method: Probabilistic combinatorial optimization and local weak convergence},
	year = {2004}}

@article{elek2010sofic,
	author = {Elek, G{\'a}bor and Lippner, G{\'a}bor},
	journal = {Journal of Functional Analysis},
	number = {5},
	pages = {1692--1708},
	publisher = {Elsevier},
	title = {Sofic equivalence relations},
	volume = {258},
	year = {2010}}

@article{benjamini2012unimodular,
	author = {Benjamini, Itai and Lyons, Russell and Schramm, Oded},
	journal = {arXiv preprint arXiv:1207.1752},
	title = {Unimodular random trees},
	year = {2012}}

@article{aldous2007processes,
	author = {Aldous, David and Lyons, Russell},
	journal = {Electron. J. Probab},
	number = {54},
	pages = {1454--1508},
	title = {Processes on unimodular random networks},
	volume = {12},
	year = {2007}}

@article{lyons2017factors,
	author = {Lyons, Russell},
	journal = {Combinatorics, Probability and Computing},
	number = {2},
	pages = {285--300},
	publisher = {Cambridge University Press},
	title = {{Factors of IID on trees}},
	volume = {26},
	year = {2017}}

@article{biggs1998constructions,
	author = {Biggs, Norman},
	journal = {Journal of Combinatorics},
	pages = {1--26},
	title = {Constructions for cubic graphs with large girth},
	volume = {5},
	year = {1998}}

@article{wormald1999models,
	author = {Wormald, Nicholas C},
	journal = {London Mathematical Society Lecture Note Series},
	pages = {239--298},
	publisher = {Cambridge University Press},
	title = {Models of random regular graphs},
	year = {1999}}

@article{benjamini1996percolation,
	author = {Benjamini, Itai and Schramm, Oded},
	booktitle = {Electr. Commun. Probab},
	organization = {Citeseer},
	title = {Percolation beyond $Z^d$, many questions and a few answers},
	year = {1996}}

@article{benjamini2001recurrence,
	author = {Benjamini, I and Schramm, O},
	journal = {Electronic Journal of Probability},
	pages = {1--13},
	publisher = {Institute of Mathematical Statistics},
	title = {Recurrence of distributional limits of finit planar graphs},
	volume = {6},
	year = {2001}}

@unpublished{GBR-hypothesis,
	author = {S.~van de Geer and P.~B{\"u}hlmann and Y.~Ritov},
	note = {{\sf 	arXiv:1303.0518}},
	title = {{On asymptotically optimal confidence regions and tests for high-dimensional models}},
	year = {2013}}

@article{alon2002concentration,
	author = {Alon, Noga and Krivelevich, Michael and Vu, Van H},
	journal = {Israel Journal of Mathematics},
	number = {1},
	pages = {259--267},
	publisher = {Springer},
	title = {On the concentration of eigenvalues of random symmetric matrices},
	volume = {131},
	year = {2002}}

@article{dembo2010gibbs,
	author = {Dembo, Amir and Montanari, Andrea},
	journal = {Brazilian Journal of Probability and Statistics},
	number = {2},
	pages = {137--211},
	publisher = {Brazilian Statistical Association},
	title = {Gibbs measures and phase transitions on sparse random graphs},
	volume = {24},
	year = {2010}}

@unpublished{DemboNotes,
	author = {Amir Dembo},
	note = {{\sf http://www.stanford.edu/~montanar/TEACHING/Stat310A/lnotes.pdf}},
	title = {{Probability Theory}},
	year = {2013}}

@article{zou2006sparse,
	author = {Zou, Hui and Hastie, Trevor and Tibshirani, Robert},
	journal = {Journal of computational and graphical statistics},
	number = {2},
	pages = {265--286},
	publisher = {Taylor \& Francis},
	title = {Sparse principal component analysis},
	volume = {15},
	year = {2006}}

@article{johnstone2009consistency,
	author = {Johnstone, Iain M and Lu, Arthur Yu},
	journal = {Journal of the American Statistical Association},
	number = {486},
	title = {On consistency and sparsity for principal components analysis in high dimensions},
	volume = {104},
	year = {2009}}

@unpublished{Zhou-threshold,
	author = {S.~Zhou},
	note = {{\sf arXiv:1002.1583v2}},
	title = {{Thresholded Lasso for high dimensional variable selection and statistical estimation}},
	year = {2010}}

@incollection{Johnstone-chi2,
	author = {I.~Johnstone},
	booktitle = {{State of the Art in Probability and Statistics}},
	editor = {M.~de Gunst and C.~Klaassen and A.~van der Vaart},
	pages = {399-418},
	publisher = {IMS Lecture Notes, Institute of Mathematical Statistics},
	title = {Chi-squared oracle inequalities},
	year = 2001}

@misc{MyTalk2016,
	author = {Andrea Montanari},
	howpublished = {{\sf https://simons.berkeley.edu/talks/andrea-montanari-02-22-2016}},
	note = {{Talk given at Simons Institute for the Theory of Computing}},
	title = {Local Algorithms for Two Problems on Locally Tree-Like Graphs},
	year = {February 22, 2016}}

@article{sherrington1975solvable,
	author = {Sherrington, David and Kirkpatrick, Scott},
	journal = {Physical review letters},
	number = {26},
	pages = {1792},
	publisher = {APS},
	title = {Solvable model of a spin-glass},
	volume = {35},
	year = {1975}}

@article{cugliandolo1994out,
	author = {Cugliandolo, Leticia F. and Kurchan, Jorge},
	journal = {Journal of Physics A: Mathematical and General},
	number = {17},
	pages = {5749},
	publisher = {IOP Publishing},
	title = {On the out-of-equilibrium relaxation of the Sherrington-Kirkpatrick model},
	volume = {27},
	year = {1994}}

@article{bouchaud1998out,
	author = {Bouchaud, Jean-Philippe and Cugliandolo, Leticia F and Kurchan, Jorge and M\'ezard, Marc},
	journal = {Spin glasses and random fields},
	pages = {161--223},
	publisher = {World Scientific, Singapore},
	title = {Out of equilibrium dynamics in spin-glasses and other glassy systems},
	year = {1998}}

@misc{FrankAsuncion2010,
	author = {A. Frank and A. Asuncion},
	howpublished = {{\sf http://archive.ics.uci.edu/ml}},
	note = {{University of California, Irvine, School of Information and Computer Sciences}},
	title = {{UCI} Machine Learning Repository (Communities and Crime data set)},
	year = {2010}}

@incollection{Ledoux,
	author = {M.~Ledoux},
	booktitle = {Mathematical Surveys and Monographs},
	publisher = {{American Mathematical Society, Providence, RI}},
	title = {{The concentration of measure phenomenon}},
	volume = {89},
	year = {2001}}

@book{vershynin2018high,
  title={High-dimensional probability: An introduction with applications in data science},
  author={Vershynin, Roman},
  volume={47},
  year={2018},
  publisher={Cambridge University Press}
}

@incollection{Szarek:survey,
	author = {K.~R.~Davidson and S.~J.~Szarek},
	booktitle = {Handbook on the Geometry of Banach spaces},
	pages = {317-366},
	publisher = {Elsevier Science},
	title = {Local operator theory, random matrices and {B}anach spaces},
	volume = {1},
	year = {2001}}

@incollection{Vershynin-CS,
	author = {R.~Vershynin},
	booktitle = {Compressed Sensing: Theory and Applications},
	editor = {Y.C.~Eldar and G.~Kutyniok},
	pages = {210-268},
	publisher = {Cambridge University Press},
	title = {Introduction to the non-asymptotic analysis of random matrices},
	year = 2012}

@article{Marchenko,
	author = {V. A. Marchenko and L. A. Pastur},
	journal = {Mat. Sb. (N.S.)},
	pages = {407-535 (in Russian)},
	title = {{Distribution of eigenvalues in certain sets of random matrices}},
	volume = {72},
	year = {1967}}

@article{Geman,
	author = {S. Geman},
	journal = {Annals of Probability},
	pages = {252-261},
	title = {{A limit theorem for the norm of random matrices}},
	volume = {8},
	year = {1980}}

@article{Silverstein,
	author = {J. W. Silverstein},
	journal = {Annals of Probability},
	pages = {1364-1368},
	title = {{The smallest eigenvalue of a large dimensional Wishart matrix}},
	volume = {13},
	year = {1985}}

@article{Breastcancer-2004,
	author = {P.~G.~Moorman and P.~D.~Terry},
	journal = {The American Journal of Clinical Nutrition},
	month = {July},
	pages = {5-14},
	title = {{Consumption of dairy products and the risk of breast cancer: a review of the literature}},
	volume = {80},
	year = {2004}}

@article{KabashimaOrthogonal,
	author = {Y.~Kabashima and M.~Vehkapera, S.~Chatterjee},
	journal = {J. Stat. Mech.},
	pages = {P12003},
	title = {{Typical $l_1$-recovery limit of sparse vectors represented by concatenations of random orthogonal matrices}},
	year = {2012}}

@article{javanmard2013hypothesis,
	author = {Javanmard, Adel and Montanari, Andrea},
	journal = {arXiv preprint arXiv:1301.4240},
	title = {Hypothesis Testing in High-Dimensional Regression under the Gaussian Random Design Model: Asymptotic Theory},
	year = {2013}}

@unpublished{JM-Support,
	author = {A.~Javanmard and A.~Montanari},
	note = {{\sf In preparation}},
	title = {{Hyothesis Testing and Sparse Support Recovery in the Gaussian Random Design Model}},
	year = {2013}}

@unpublished{JM-StateEvolution,
	author = {A.~Javanmard and A.~Montanari},
	note = {{\sf arXiv:1211.5164v1}},
	title = {{State Evolution for General Approximate Message Passing Algorithms, with Applications to Spatial Coupling}},
	year = {2012}}

@article{furedi1981eigenvalues,
	author = {F{\"u}redi, Zolt{\'a}n and Koml{\'o}s, J{\'a}nos},
	journal = {Combinatorica},
	number = {3},
	pages = {233--241},
	publisher = {Springer},
	title = {The eigenvalues of random symmetric matrices},
	volume = {1},
	year = {1981}}

@book{lehmann2005testing,
	author = {Lehmann, E.L. and Romano, J.P.},
	publisher = {Springer},
	title = {Testing statistical hypotheses},
	year = {2005}}

@inproceedings{angluin1980local,
	author = {Angluin, Dana},
	booktitle = {Proceedings of the twelfth annual ACM symposium on Theory of computing},
	organization = {ACM},
	pages = {82--93},
	title = {Local and global properties in networks of processors},
	year = {1980}}

@inproceedings{achlioptas2004two,
	author = {Achlioptas, Dimitris and Naor, Assaf},
	booktitle = {Proceedings of the thirty-sixth annual ACM symposium on Theory of computing},
	organization = {ACM},
	pages = {587--593},
	title = {The two possible values of the chromatic number of a random graph},
	year = {2004}}

@article{naor1995can,
	author = {Naor, Moni and Stockmeyer, Larry},
	journal = {SIAM Journal on Computing},
	number = {6},
	pages = {1259--1277},
	publisher = {SIAM},
	title = {What can be computed locally?},
	volume = {24},
	year = {1995}}

@article{linial1992locality,
	author = {Linial, Nathan},
	journal = {SIAM Journal on Computing},
	number = {1},
	pages = {193--201},
	publisher = {SIAM},
	title = {Locality in distributed graph algorithms},
	volume = {21},
	year = {1992}}

@incollection{oksendal2003stochastic,
	author = {{\O}ksendal, Bernt},
	booktitle = {Stochastic differential equations},
	pages = {65--84},
	publisher = {Springer},
	title = {Stochastic differential equations},
	year = {2003}}
	
@article{berthier2020state,
  title={State evolution for approximate message passing with non-separable functions},
  author={Berthier, Raphael and Montanari, Andrea and Nguyen, Phan-Minh},
  journal={Information and Inference: A Journal of the IMA},
  volume={9},
  number={1},
  pages={33--79},
  year={2020},
  publisher={Oxford University Press}
}

@article{feldman2012statistical,
	author = {Feldman, Vitaly and Grigorescu, Elena and Reyzin, Lev and Vempala, Santosh and Xiao, Ying},
	journal = {arXiv preprint arXiv:1201.1214},
	title = {Statistical algorithms and a lower bound for planted clique},
	year = {2012}}

@article{hatami2012limits,
	author = {Hatami, Hamed and Lov{\'a}sz, L{\'a}szl{\'o} and Szegedy, Bal{\'a}zs},
	journal = {arXiv preprint arXiv:1205.4356},
	title = {Limits of local-global convergent graph sequences},
	year = {2012}}

@article{janson2009probability,
	author = {Janson, Svante},
	journal = {Combinatorics, probability \& computing},
	number = {1-2},
	pages = {205--225},
	publisher = {Cambridge Univ Press},
	title = {The probability that a random multigraph is simple},
	volume = {18},
	year = {2009}}

@article{suomela2013survey,
	author = {Suomela, Jukka},
	journal = {ACM Computing Surveys (CSUR)},
	number = {2},
	pages = {24},
	publisher = {ACM},
	title = {Survey of local algorithms},
	volume = {45},
	year = {2013}}

@article{davis1970sin,
	author = {Davis, Chandler and Kahan, W. M.},
	issn = {00361429},
	journal = {SIAM Journal on Numerical Analysis},
	number = {1},
	pages = {pp. 1-46},
	publisher = {Society for Industrial and Applied Mathematics},
	title = {The Rotation of Eigenvectors by a Perturbation. III},
	url = {http://www.jstor.org/stable/2949580},
	volume = {7},
	year = {1970},
	bdsk-url-1 = {http://www.jstor.org/stable/2949580}}

@inproceedings{alon1998finding,
	author = {Alon, Noga and Krivelevich, Michael and Sudakov, Benny},
	booktitle = {Proceedings of the ninth annual ACM-SIAM symposium on Discrete algorithms},
	organization = {Society for Industrial and Applied Mathematics},
	pages = {594--598},
	title = {Finding a large hidden clique in a random graph},
	year = {1998}}

@book{NishimoriBook,
	author = {Hidetoshi~Nishimori},
	publisher = {Oxford University Press},
	title = {{Statistical Physics of Spin Glasses and Information Processing: An Introduction}},
	year = {2001}}

@book{SpinGlass,
	author = {Marc~M\'ezard and Giorgio~Parisi and Miguel~A.~Virasoro},
	publisher = {World Scientific},
	title = {Spin Glass Theory and Beyond},
	year = 1987}

@article{bolthausen2014iterative,
	author = {Bolthausen, Erwin},
	journal = {Communications in Mathematical Physics},
	number = {1},
	pages = {333--366},
	publisher = {Springer},
	title = {{An iterative construction of solutions of the TAP equations for the Sherrington--Kirkpatrick model}},
	volume = {325},
	year = {2014}}

@unpublished{Bolthausen,
	author = {E.~Bolthausen},
	month = {September},
	note = {Seminar at EURANDOM, Eindhoven},
	title = {{On the high-temperature phase of the Sherrington-Kirkpatrick model}},
	year = {2009}}

@article{KM-2010,
	author = {S.~Korada and A.~Montanari},
	journal = {IEEE Trans. on Inform. Theory},
	month = {April},
	pages = {2440-2450},
	title = {{Applications of Lindeberg Principle in Communications and Statistical Learning}},
	volume = {57},
	year = {2011}}

@article{korada2009exact,
	author = {Korada, Satish Babu and Macris, Nicolas},
	journal = {Journal of Statistical Physics},
	number = {2},
	pages = {205--230},
	publisher = {Springer},
	title = {Exact solution of the gauge symmetric p-spin glass model on a complete graph},
	volume = {136},
	year = {2009}}

@unpublished{OursInPreparation,
	author = {Kiana Asgari and Andrea Montanari and Basil Saeed},
	note = {In preparation},
	title = {The topology of empirical risk landscape in high dimension:
            Precise asymptotics for non-convex estimation},
	year = {2025}}

@unpublished{StOMP,
	author = {D.~L.~Donoho and Y.~Tsaig and I.~Drori and J.-L.~Starck},
	note = {Stanford Technical Report},
	title = {Sparse Solution of Underdetermined Linear Equations by Stagewise Orthogonal Matching Pursuit},
	year = {2006}}

@article{montanari2021estimation,
	author = {Montanari, Andrea and Venkataramanan, Ramji},
	journal = {The Annals of Statistics},
	number = {1},
	pages = {321--345},
	publisher = {Institute of Mathematical Statistics},
	title = {Estimation of low-rank matrices via approximate message passing},
	volume = {49},
	year = {2021}}

@article{deshpande2017asymptotic,
	author = {Deshpande, Yash and Abbe, Emmanuel and Montanari, Andrea},
	journal = {Information and Inference: A Journal of the IMA},
	number = {2},
	pages = {125-170},
	title = {Asymptotic mutual information for the balanced binary stochastic block model},
	volume = {6},
	year = {2017}}

@unpublished{CandesRechtSimple,
	author = {E.~Cand\'es and B.~Recht},
	note = {{\sf arXiv:1106.1474}},
	title = {Simple Bounds for Low-complexity Model Reconstruction},
	year = 2011}

@unpublished{RechtNowakTight,
	author = {N.~Rao and B.~Recht and R.~Nowak},
	note = {{\sf arXiv:1106.4355}},
	title = {Tight Measurement Bounds for Exact Recovery of Structured Sparse Signals},
	year = 2011}

@unpublished{ChandrasekaranRecht,
	author = {V.~Chandrasekaran and B.~Recht and P.~A.~Parrilo and A.S.~Willsky},
	note = {{\sf arXiv:1012.0621}},
	title = {The Convex Geometry of Linear Inverse Problems},
	year = 2011}

@book{billingsley2008probability,
	author = {Billingsley, Patrick},
	publisher = {John Wiley \& Sons},
	title = {Probability and measure},
	year = {2008}}

@article{BickelEtAl,
	author = {P.~J.~Bickel and Y.~Ritov and A.~B.~Tsybakov},
	journal = {Amer. J. of Mathematics},
	pages = {1705-1732},
	title = {{Simultaneous analysis of Lasso and Dantzig selector}},
	volume = {37},
	year = {2009}}

@article{BuhlmannLASSO,
	author = {S.~A.~van de Geer and P.~B{\"u}hlmann},
	journal = {Electron. J. Statist.},
	pages = {1360-1392},
	title = {{On the conditions used to prove oracle results for the Lasso}},
	volume = {3},
	year = {2009}}

@inproceedings{Indyk,
	address = {Monticello, IL},
	author = {R.~Berinde and A.C.~Gilbert and P.~Indyk and H.~Karloff and M.J.~Strauss},
	booktitle = {47th Annual Allerton Conference},
	month = sep,
	pages = {798 - 805},
	title = {{Combining geometry and combinatorics: A unified approach to sparse signal recovery}},
	year = {2008}}

@book{mingo2017free,
  title={Free probability and random matrices},
  author={Mingo, James A and Speicher, Roland},
  volume={35},
  year={2017},
  publisher={Springer}
}

@book{nica2006lectures,
  title={Lectures on the combinatorics of free probability},
  author={Nica, Alexandru and Speicher, Roland},
  volume={13},
  year={2006},
  publisher={Cambridge University Press}
}

@article{CohenNonlinear,
	author = {A.~Cohen and R.~DeVore and P.~Petrushev and H.~Xu},
	journal = {Amer. J. of Mathematics},
	pages = {587-628},
	title = {{Nonlinear Approximation and the Space {\rm BV}$({\mathbb R}^{2})$}},
	volume = {121},
	year = {1999}}

@article{montanari2017limitation,
	author = {Montanari, Andrea and Reichman, Daniel and Zeitouni, Ofer},
	journal = {IEEE Transactions on Information Theory},
	number = {3},
	pages = {1572--1579},
	publisher = {IEEE},
	title = {On the Limitation of Spectral Methods: From the Gaussian Hidden Clique Problem to Rank One Perturbations of Gaussian Tensors},
	volume = {63},
	year = {2017}}

@article{benaych2012singular,
	author = {Benaych-Georges, Florent and Nadakuditi, Raj Rao},
	journal = {Journal of Multivariate Analysis},
	pages = {120--135},
	publisher = {Elsevier},
	title = {The singular values and vectors of low rank perturbations of large rectangular random matrices},
	volume = {111},
	year = {2012}}

@article{CSMRI,
	author = {M.~Lustig and D.L.~Donoho and J.M.~Santos and J.M.~Pauly},
	journal = {IEEE Signal Processing Magazine},
	pages = {72-82},
	title = {Compressed Sensing MRI},
	volume = {25},
	year = {2008}}

@article{dlm90,
	author = {D.~L.~Donoho and R.~C.~Liu and K.~B.~MacGibbon},
	journal = {Annals of Statistics},
	pages = {1416-1437},
	title = {Minimax risk over hyperrectangles, and implications},
	volume = {18},
	year = {1990}}

@article{Donoho1,
	author = {D.~L.~Donoho},
	journal = {IEEE Trans. on Inform. Theory},
	month = {April},
	pages = {489-509},
	title = {Compressed Sensing},
	volume = {52},
	year = {2006}}

@article{CandesDonohoTight,
	author = {E.J. Cand{\`e}s and D.L.~Donoho},
	journal = {Comm. Pure Appl. Math},
	pages = {219-266},
	title = {{New tight frames of curvelets and optimal representations of objects with piecewise $C_2$ singularities}},
	volume = {57},
	year = {2004}}

@article{Telatar,
	author = {E. Telatar},
	journal = {European Transactions on Telecommunications},
	pages = {585-595},
	title = {{Capacity of Multi-antenna Gaussian Channels}},
	volume = {10},
	year = {1999}}

@article{LitvakEtAl,
	author = {A.~E.~Litvak and A.~Pajor and M.~Rudelson and N.~Tomczak-Jaegermann},
	journal = {Advances in Mathematics},
	pages = {491-523},
	title = {{Smallest singular value of random matrices and geometry of random polytopes}},
	volume = {195},
	year = {2005}}

@article{MarchenkoPastur,
	author = {V.~Marchenko and L.~Pastur},
	journal = {Math. USSR},
	title = {{The eigenvalue distribution in some ensembles of random matrices}},
	year = {1967}}

@article{sompolinsky1981dynamic,
	author = {Sompolinsky, Haim and Zippelius, Annette},
	journal = {Physical Review Letters},
	number = {5},
	pages = {359},
	publisher = {APS},
	title = {Dynamic theory of the spin-glass phase},
	volume = {47},
	year = {1981}}

@book{Meyer,
	author = {Y.~Meyer},
	city = {Cambridge},
	publisher = {Cambridge University Press},
	title = {{Wavelets}},
	year = {1984}}

@article{erosheva2004mixed,
	author = {Erosheva, Elena and Fienberg, Stephen and Lafferty, John},
	journal = {Proceedings of the National Academy of Sciences},
	number = {suppl 1},
	pages = {5220--5227},
	publisher = {National Acad Sciences},
	title = {Mixed-membership models of scientific publications},
	volume = {101},
	year = {2004}}

@article{airoldi2008mixed,
	author = {Airoldi, Edoardo M and Blei, David M and Fienberg, Stephen E and Xing, Eric P},
	journal = {Journal of Machine Learning Research},
	number = {Sep},
	pages = {1981--2014},
	title = {Mixed membership stochastic blockmodels},
	volume = {9},
	year = {2008}}

@inproceedings{chang2009relational,
	author = {Chang, Jonathan and Blei, David},
	booktitle = {Artificial Intelligence and Statistics},
	pages = {81--88},
	title = {Relational topic models for document networks},
	year = {2009}}

@inproceedings{wang2008spatial,
	author = {Wang, Xiaogang and Grimson, Eric},
	booktitle = {Advances in neural information processing systems},
	pages = {1577--1584},
	title = {Spatial latent dirichlet allocation},
	year = {2008}}

@inproceedings{blei2006dynamic,
	author = {Blei, David M and Lafferty, John D},
	booktitle = {Proceedings of the 23rd international conference on Machine learning},
	organization = {ACM},
	pages = {113--120},
	title = {Dynamic topic models},
	year = {2006}}

@inproceedings{lafferty2006correlated,
	author = {Lafferty, John D and Blei, David M},
	booktitle = {Advances in neural information processing systems},
	pages = {147--154},
	title = {Correlated topic models},
	year = {2006}}

@article{blei2007correlated,
	author = {Blei, David M and Lafferty, John D},
	journal = {The Annals of Applied Statistics},
	pages = {17--35},
	publisher = {JSTOR},
	title = {A correlated topic model of science},
	year = {2007}}

@article{feral2007largest,
	author = {F{\'e}ral, Delphine and P{\'e}ch{\'e}, Sandrine},
	journal = {Communications in mathematical physics},
	number = {1},
	pages = {185--228},
	publisher = {Springer},
	title = {The largest eigenvalue of rank one deformation of large Wigner matrices},
	volume = {272},
	year = {2007}}

@article{benaych2011eigenvalues,
	author = {Benaych-Georges, Florent and Nadakuditi, Raj Rao},
	journal = {Advances in Mathematics},
	number = {1},
	pages = {494--521},
	publisher = {Elsevier},
	title = {The eigenvalues and eigenvectors of finite, low rank perturbations of large random matrices},
	volume = {227},
	year = {2011}}

@article{baik2005phase,
	author = {Baik, Jinho and {Ben Arous}, G{\'e}rard and P{\'e}ch{\'e}, Sandrine},
	journal = {Annals of Probability},
	pages = {1643--1697},
	publisher = {JSTOR},
	title = {Phase transition of the largest eigenvalue for nonnull complex sample covariance matrices},
	year = {2005}}

@article{baik2016fluctuations,
	author = {Baik, Jinho and Lee, Ji Oon},
	journal = {Journal of Statistical Physics},
	number = {2},
	pages = {185--224},
	publisher = {Springer},
	title = {Fluctuations of the free energy of the spherical {S}herrington--{K}irkpatrick model},
	volume = {165},
	year = {2016}}

@inproceedings{baik2017fluctuations,
	author = {Baik, Jinho and Lee, Ji Oon},
	booktitle = {Annales Henri Poincar{\'e}},
	number = {6},
	organization = {Springer},
	pages = {1867--1917},
	title = {Fluctuations of the Free Energy of the Spherical {S}herrington--{K}irkpatrick Model with Ferromagnetic Interaction},
	volume = {18},
	year = {2017}}

@book{Hastie,
	author = {T.~Hastie and R.~Tibshirani and J.~Friedman},
	city = {New York},
	publisher = {Springer},
	title = {{The elements of statistical learning}},
	year = {2009}}

@book{BaiSilverstein,
	author = {Z.~Bai and J.~ Silverstein},
	city = {New York},
	publisher = {Springer},
	title = {{Spectral Analysis of Large Dimensional Random Matrices}},
	year = 2010}


@book{Guionnet,
	author = {Greg~W.~Anderson and Alice~Guionnet and Ofer~Zeitouni},
	city = {Cambridge},
	publisher = {Cambridge University Press},
	title = {{An introduction to random matrices}},
	year = {2009}}

@article{NeirottiSaad,
	author = {J.P.~Neirotti and D.~Saad},
	journal = {Europhys. Lett.},
	pages = {866--872},
	title = {{Improved message passing for inference in densely connected systems}},
	volume = 71,
	year = {2005}}

@book{TalagrandVolI,
	address = {Berlin},
	author = {Michel~Talagrand},
	publisher = {Springer-Verlag},
	title = {Mean Field Models for Spin Glasses: Volume I},
	year = {2010}}

@article{CandesStable,
	author = {E.~Candes and J.~K.~Romberg and T.~Tao},
	journal = {Communications on Pure and Applied Mathematics},
	pages = {1207-1223},
	title = {{Stable signal recovery from incomplete and inaccurate measurements}},
	volume = {59},
	year = {2006}}

@article{CandesFourier,
	author = {E.~Candes and J.~K.~Romberg and T.~Tao},
	journal = {IEEE Trans. on Inform. Theory},
	pages = {489 - 509},
	title = {{Robust uncertainty principles: Exact signal reconstruction from highly incomplete frequency information}},
	volume = {52},
	year = {2006}}

@unpublished{KrzakalaEtAl,
	author = {F.~Krzakala and M.~M\'ezard and F.~Sausset and Y.~Sun and L.~Zdeborova},
	note = {{\sf arXiv:1109.4424}},
	title = {{Statistical physics-based reconstruction in compressed sensing}},
	year = {2011}}

@article{CandesTao,
	author = {E.~J.~Cand\'es and T.~Tao},
	journal = {IEEE Trans. on Inform. Theory},
	pages = {4203-4215},
	title = {{Decoding by linear programming}},
	volume = {51},
	year = {2005}}

@article{Dantzig,
	author = {E.~Cand\'es and T.~Tao},
	journal = {Annals of Statistics},
	pages = {2313-2351},
	title = {{The Dantzig selector: statistical estimation when p is much larger than n}},
	volume = {35},
	year = {2007}}

@article{DJ94a,
	author = {D. L. Donoho and I. M. Johnstone},
	journal = {Prob. Th. and Rel. Fields},
	pages = {277-303},
	title = {Minimax Risk over $l_p$ balls},
	volume = {99},
	year = {1994}}

@article{DJ98,
	author = {D. L. Donoho and I. M. Johnstone},
	journal = {Annals of Statistics},
	pages = {879-921},
	title = {Minimax estimation via wavelet shrinkage},
	volume = {26},
	year = {1998}}

@article{GarnaevGluskin,
	author = {A.Y. Garnaev and E.D. Gluskin},
	journal = {Soviet Mathematics Doklady},
	pages = {200-203},
	title = {On widths of the Euclidean Ball},
	volume = {30},
	year = {1984}}

@article{Kashin1977,
	author = {B.~Kashin},
	journal = {Math. USSR Izv.},
	pages = {317--333},
	title = {{Diameters of Some Finite-Dimensional Sets and Classes of Smooth Functions}},
	volume = {11},
	year = {1977}}

@article{VerduShamaiCDMA,
	author = {S.~Verdu and S.~Shamai},
	journal = {IEEE Trans. on Inform.~Theory},
	pages = {622--640},
	title = {{Spectral efficiency of CDMA with random spreading}},
	volume = 45,
	year = {1999}}

@article{GluskinMilman2003,
	author = {E.~Gluskin and V.~Milman},
	journal = {Geometric Aspects of Functiona Analysis},
	pages = {131--135},
	publisher = {Springer},
	title = {{Note on the Geometric-Arithmetic Mean Inequality}},
	volume = {1807},
	year = {2003}}

@book{guillemin2010differential,
	author = {Guillemin, Victor and Pollack, Alan},
	publisher = {American Mathematical Soc.},
	title = {Differential topology},
	volume = {370},
	year = {2010}}

@article{peng2010regularized,
	author = {Peng, Jie and Zhu, Ji and Bergamaschi, Anna and Han, Wonshik and Noh, Dong-Young and Pollack, Jonathan R and Wang, Pei},
	journal = {The Annals of Applied Statistics},
	number = {1},
	pages = {53--77},
	publisher = {Institute of Mathematical Statistics},
	title = {Regularized multivariate regression for identifying master predictors with application to integrative genomics study of breast cancer},
	volume = {4},
	year = {2010}}

@article{shevade2003simple,
	author = {Shevade, Shirish Krishnaj and Keerthi, S. Sathiya},
	journal = {Bioinformatics},
	number = {17},
	pages = {2246--2253},
	publisher = {Oxford Univ Press},
	title = {A simple and efficient algorithm for gene selection using sparse logistic regression},
	volume = {19},
	year = {2003}}

@article{TseHanly,
	author = {D.~N.C.~Tse and S.~V.~Hanly},
	journal = {IEEE Trans. on Inform.~Theory},
	pages = {641--657},
	title = {{Linear multiuser receivers: effective interference, effective bandwidth and user capacity}},
	volume = 45,
	year = {1999}}

@article{BaiYin,
	author = {Z. D. Bai and Y. Q. Yin},
	journal = {The Annals of Probability},
	pages = {1275--1294},
	title = {{Limit of the Smallest Eigenvalue of a Large Dimensional Sample Covariance Matrix}},
	volume = 21,
	year = {1993}}

@article{BollobasCycle,
	author = {Bela Bollobas},
	journal = {European Journal of Combinatorics},
	pages = {311--316},
	title = {A probabilistic proof of an asymptotic formula for the number of labelled regular graphs},
	volume = 1,
	year = {1980}}

@article{wormald1981asymptotic,
	author = {Wormald, Nicholas C},
	journal = {Journal of Combinatorial Theory, Series B},
	number = {2},
	pages = {168--182},
	publisher = {Elsevier},
	title = {The asymptotic distribution of short cycles in random regular graphs},
	volume = {31},
	year = {1981}}

@article{DoTa05,
	author = {D. L. Donoho and J. Tanner},
	journal = {Proceedings of the National Academy of Sciences},
	number = {27},
	pages = {9452-9457},
	title = {Neighborliness of randomly-projected simplices in high dimensions},
	volume = {102},
	year = {2005}}

@article{DoTa08,
	author = {D. L. Donoho and J. Tanner},
	journal = {Journal of American Mathematical Society},
	pages = {1-53},
	title = {Counting faces of randomly projected polytopes when the projection radically lowers dimension},
	volume = {22},
	year = {2009}}

@article{DonohoIterative,
	author = {D.~Donoho},
	issue = {7},
	journal = {Communications on Pure and Applied Mathematics},
	pages = {907-934},
	pubisher = {Wiley},
	title = {{For most large underdetermined systems of equations, the minimal $\ell_1$-norm near-solution approximates the sparsest near-solution}},
	volume = {59},
	year = {2006}}

@article{SLLN1,
	author = {T.~C.~Hu and F.~Moricz and R.~L.~Taylor},
	journal = {Acta Math. Hung.},
	pages = {153-162},
	title = {Strong laws of large numbers for arrays of rowwise independent random variables},
	volume = {54},
	year = {1989}}

@article{SLLN2,
	author = {T.~C.~Hu and R.~L.~Taylor},
	journal = {Internat. J. Math. and Math. Sci.},
	pages = {375-383},
	title = {Strong law for arrays and for the bootstrap mean and variance},
	volume = {20},
	year = {1997}}

@article{mezard1985microstructure,
	author = {M{\'e}zard, Marc and Virasoro, Miguel Angel},
	journal = {Journal de Physique},
	number = {8},
	pages = {1293--1307},
	publisher = {Soci{\'e}t{\'e} fran{\c{c}}aise de physique},
	title = {The microstructure of ultrametricity},
	volume = {46},
	year = {1985}}

@article{chen2018generalized,
	author = {Chen, Wei-Kuo and Panchenko, Dmitry and Subag, Eliran},
	journal = {Communications on Pure and Applied Mathematics},
	number = {n/a},
	title = {Generalized TAP Free Energy},
	url = {https://onlinelibrary.wiley.com/doi/abs/10.1002/cpa.22040},
	volume = {n/a},
	bdsk-url-1 = {https://onlinelibrary.wiley.com/doi/abs/10.1002/cpa.22040}}

@book{panchenko2013sherrington,
	author = {Panchenko, Dmitry},
	publisher = {Springer Science \& Business Media},
	title = {{The Sherrington-Kirkpatrick model}},
	year = {2013}}

@article{panchenko2013parisi,
	author = {Panchenko, Dmitry},
	journal = {Annals of Mathematics},
	pages = {383--393},
	publisher = {JSTOR},
	title = {{The Parisi ultrametricity conjecture}},
	year = {2013}}

@article{subag2017complexity,
  title={The complexity of spherical p-spin models—a second moment approach},
  author={Subag, Eliran},
  journal={The Annals of Probability},
  pages={3385--3450},
  year={2017},
  publisher={JSTOR}
}

@article{addario2018algorithmic,
	author = {Addario-Berry, Louigi and Maillard, Pascal},
	journal = {{\sf arXiv:1810.05129}},
	title = {The algorithmic hardness threshold for continuous random energy models},
	year = {2018}}

@article{subag2018following,
	author = {Subag, Eliran},
	journal = {{\sf arXiv:1812.04588}},
	title = {{Following the ground-states of full-RSB spherical spin glasses}},
	year = {2018}}

@article{DMM09,
	author = {David~L.~Donoho and Arian~Maleki and Andrea~Montanari},
	journal = {Proceedings of the National Academy of Sciences},
	pages = {18914-18919},
	title = {{Message Passing Algorithms for Compressed Sensing}},
	volume = {106},
	year = {2009}}

@inproceedings{hopkins2017power,
  title={The power of sum-of-squares for detecting hidden structures},
  author={Hopkins, Samuel B and Kothari, Pravesh K and Potechin, Aaron and Raghavendra, Prasad and Schramm, Tselil and Steurer, David},
  booktitle={58th Annual Symposium on Foundations of Computer Science (FOCS)},
  pages={720--731},
  year={2017},
  organization={IEEE}
}


@article{BM-MPCS-2011,
	author = {Mohsen~Bayati and Andrea~Montanari},
	journal = {IEEE Trans. on Inform. Theory},
	pages = {764-785},
	title = {{The dynamics of message passing on dense graphs, with applications to compressed sensing}},
	volume = {57},
	year = {2011}}

@article{bayati2015universality,
	author = {Bayati, Mohsen and Lelarge, Marc and Montanari, Andrea},
	journal = {The Annals of Applied Probability},
	number = {2},
	pages = {753--822},
	publisher = {Institute of Mathematical Statistics},
	title = {Universality in polytope phase transitions and message passing algorithms},
	volume = {25},
	year = {2015}}

@article{BayatiMontanariLASSO,
	author = {Mohsen~Bayati and Andrea~Montanari},
	journal = {IEEE Trans. on Inform. Theory},
	pages = {1997--2017},
	title = {{The LASSO risk for gaussian matrices}},
	volume = {58},
	year = {2012}}

@inproceedings{OurUnpub,
	author = {M.~Bayati and J~.Bento and A.~Montanari},
	booktitle = {NIPS},
	pages = {145-153},
	title = {{The LASSO risk: asymptotic results and real world examples}},
	year = {2010}}

@unpublished{DonohoJohnstoneMontanari,
	author = {D.~Donoho and I.~Johnstone and A.~Montanari},
	note = {{\sf arXiv:1111.1041}},
	title = {{Accurate Prediction of Phase Transitions in Compressed Sensing via a Connection to Minimax Denoising}},
	year = {2011}}

@inproceedings{KudekarBMS,
	address = {Brest},
	author = {S.~Kudekar and C.~Measson and T.~Richardson and R.~Urbanke},
	booktitle = {Proceedings of the International Symposium on Turbo Codes and Iterative Information Processing},
	title = {{Threshold Saturation on BMS Channels via Spatial Coupling}},
	year = {2010}}

@inproceedings{HassaniEtAl,
	address = {Dublin},
	author = {S.H.~Hassani and N.~Macris and R.~Urbanke},
	booktitle = {Proceedings of IEEE Inform. Theory Workshop},
	title = {{Coupled graphical models and their thresholds}},
	year = {2010}}

@inproceedings{OurNIPS,
	address = {Vancouver},
	author = {M.~Bayati and J~.Bento and A.~Montanari},
	booktitle = {Neural Information Processing Systems (NIPS)},
	title = {{The LASSO risk: asymptotic results and real world examples}},
	year = {2010}}

@inproceedings{DMM_ITW_I,
	address = {Cairo},
	author = {David~L.~Donoho and Arian~Maleki and Andrea~Montanari},
	booktitle = {Proceedings of IEEE Inform. Theory Workshop},
	title = {{Message Passing Algorithms for Compressed Sensing: I. Motivation and Construction}},
	year = {2010}}

@book{RiU08,
	address = {Cambridge},
	author = {T. J.~Richardson and R.~Urbanke},
	publisher = {Cambridge University Press},
	title = {{Modern Coding Theory}},
	year = {2008}}

@article{d2007direct,
	author = {d'Aspremont, Alexandre and El Ghaoui, Laurent and Jordan, Michael I and Lanckriet, Gert RG},
	journal = {SIAM review},
	number = {3},
	pages = {434--448},
	publisher = {SIAM},
	title = {A direct formulation for sparse {PCA} using semidefinite programming},
	volume = {49},
	year = {2007}}

@article{d2008optimal,
	author = {d'Aspremont, Alexandre and Bach, Francis and Ghaoui, Laurent El},
	journal = {The Journal of Machine Learning Research},
	pages = {1269--1294},
	publisher = {JMLR. org},
	title = {Optimal solutions for sparse principal component analysis},
	volume = {9},
	year = {2008}}

@book{Led96,
	address = {Providence},
	author = {M.~Ledoux},
	publisher = {Springer},
	title = {{Isoperimetry and Gaussian analysis}},
	volume = {1648},
	year = {1996}}

@book{Traub80,
	address = {New York},
	author = {J.~F.~Traub and H.~Wozniakowski},
	publisher = {Academic Press},
	title = {{A General Theory of Optimal Algorithms}},
	year = {1980}}

@article{Kab03,
	author = {Yoshiyuki~Kabashima},
	journal = {J.~Phys. A},
	pages = {11111-11121},
	title = {{A CDMA multiuser detection algorithm on the basis of belief propagation}},
	volume = {36},
	year = {2003}}

@article{KudekarBEC,
	author = {S.~Kudekar and T.~Richardson and R.~Urbanke},
	journal = {IEEE Trans. on Inform. Theory},
	pages = {803-834},
	title = {{Threshold Saturation via Spatial Coupling: Why Convolutional LDPC Ensembles Perform So Well over the BEC}},
	volume = {57},
	year = {2011}}

@inproceedings{Ste72,
	author = {C.~Stein},
	booktitle = {Proceedings of the Sixth Berkeley Symposium on Mathematical Statistics and Probability},
	title = {{A bound for the error in the normal approximation to the distribution of a sum of dependent random variables}},
	year = {1972}}

@inproceedings{MoT06,
	address = {Punta de l'Este, Uruguay},
	author = {A.~Montanari and D.~Tse},
	booktitle = {Proceedings of IEEE Inform. Theory Workshop},
	title = {{Analysis of belief propagation for non-linear problems: the example of CDMA (or: how to prove Tanaka's formula)}},
	year = {2006}}

@inproceedings{JohnstoneICM,
	address = {Madrid},
	author = {I.~ Johnstone},
	booktitle = {Proc. International Congress of Mathematicians},
	title = {{High Dimensional Statistical Inference and Random Matrices}},
	year = {2006}}

@article{MontanariSparse,
	author = {A.~Montanari},
	journal = {Eur. Trans. on Telecom.},
	pages = {385-403},
	title = {{Estimating random variables from random sparse observations}},
	volume = {19},
	year = {2008}}

@article{BaronBayesian,
	author = {D.~Baron and S.~Sarvotham and R.~Baraniuk},
	journal = {IEEE Trans. on Signal Proc.},
	pages = {269-280},
	title = {{Bayesian Compressive Sensing Via Belief Propagation}},
	volume = {58},
	year = {2019}}

@unpublished{MalekiComplex,
	author = {A.~Maleki and L.~Anitori and A.~Yang and R.~Baraniuk},
	note = {{\sf arXiv:1108.0477}},
	title = {{Asymptotic Analysis of Complex LASSO via Complex Approximate Message Passing (CAMP)}},
	year = {2011}}

@unpublished{Kakade,
	author = {D.~Hsu and S.~M.~Kakade and T.~Zhang},
	note = {{\sf arXiv:1106.2363}},
	title = {{An Analysis of Random Design Regression}},
	year = {2011}}

@unpublished{WuVerduNoisy,
	author = {Y.~Wu and S.~Verd{\'u}},
	note = {{\sf arXiv:1111.6822}},
	title = {{Optimal Phase Transitions in Compressed Sensing}},
	year = {2011}}


@article{el2018impact,
  title={On the impact of predictor geometry on the performance on high-dimensional ridge-regularized generalized robust regression estimators},
  author={El Karoui, Noureddine},
  journal={Probability Theory and Related Fields},
  volume={170},
  pages={95--175},
  year={2018},
  publisher={Springer}
}

@inproceedings{ThrampoulidisOyHa15,
  title={Regularized linear regression: A precise analysis of the estimation error},
  author={Thrampoulidis, Christos and Oymak, Samet and Hassibi, Babak},
  booktitle={Conference on Learning Theory},
  pages={1683--1709},
  year={2015}
}

@article{thrampoulidis2018precise,
  title={Precise Error Analysis of Regularized $ M $-Estimators in High Dimensions},
  author={Thrampoulidis, Christos and Abbasi, Ehsan and Hassibi, Babak},
  journal={IEEE Transactions on Information Theory},
  volume={64},
  number={8},
  pages={5592--5628},
  year={2018},
  publisher={IEEE}
}

@article{WuVerdu,
	author = {Y.~Wu and S.~Verd{\'u}},
	journal = {IEEE Trans. on Inform. Theory},
	pages = {3721-3748},
	title = {{R\'enyi Information Dimension: Fundamental Limits of Almost Lossless Analog Compression}},
	volume = {56},
	year = {2010}}

@article{amini2009high,
  title={High-Dimensional Analysis of Semidefinite Relaxations for Sparse Principal Components},
  author={Amini, Arash A and Wainwright, Martin J},
  journal={The Annals of Statistics},
  pages={2877--2921},
  year={2009},
  publisher={JSTOR}
}

@article{montanari2022statistically,
  title={Statistically Optimal First Order Algorithms: A Proof via Orthogonalization},
  author={Montanari, Andrea and Wu, Yuchen},
  journal={arXiv:2201.05101},
  year={2022}
}

@article{WuVerduMMSE,
	author = {Y.~Wu and S.~Verd{\'u}},
	journal = {IEEE Trans. on Inform. Theory},
	number = {8},
	pages = {4857-4879},
	title = {{MMSE dimension}},
	volume = {57},
	year = {2011}}

@article{Renyi,
	author = {A.~R{\'e}nyi},
	journal = {Acta Mathematica Hungarica},
	pages = {193-215},
	title = {{On the dimension and entropy of probability distributions}},
	volume = {10},
	year = {1959}}

@article{DMM-NSPT-11,
	author = {D.L.~Donoho and A.~Maleki and A.~Montanari},
	journal = {IEEE Trans. on Inform. Theory},
	pages = {6920-6941},
	title = {{The Noise Sensitivity Phase Transition in Compressed Sensing}},
	volume = {57},
	year = {2011}}

@inproceedings{RanganFletcherGoyal,
	address = {Vancouver},
	author = {S.~Rangan and A.~K.~Fletcher and V.~K.~Goyal},
	booktitle = {{NIPS}},
	title = {{Asymptotic Analysis of MAP Estimation via the Replica Method and Applications to Compressed Sensing}},
	year = {2009}}

@inproceedings{rangan2012iterative,
	author = {Rangan, Sundeep and Fletcher, Alyson K},
	booktitle = {Information Theory Proceedings (ISIT), 2012 IEEE International Symposium on},
	organization = {IEEE},
	pages = {1246--1250},
	title = {Iterative estimation of constrained rank-one matrices in noise},
	year = {2012}}

@article{KabashimaTanaka,
	author = {Y.~Kabashima and T.~Wadayama and T.~Tanaka},
	journal = {J.Stat. Mech.},
	pages = {L09003},
	title = {{A typical reconstruction limit for compressed sensing based on $L_p$-norm minimization}},
	year = {2009}}

@inproceedings{BaronGuoShamai,
	address = {Monticello, IL},
	author = {D.~Guo and D.~Baron and S.~Shamai},
	booktitle = {47th Annual Allerton Conference},
	month = sep,
	title = {{A Single-letter Characterization of Optimal Noisy Compressed Sensing}},
	year = {2009}}

@inproceedings{guo2006asymptotic,
	author = {Guo, Dongning and Wang, Chih-Chun},
	booktitle = {Information Theory Workshop, 2006. ITW'06 Chengdu. IEEE},
	organization = {IEEE},
	pages = {194--198},
	title = {Asymptotic mean-square optimality of belief propagation for sparse linear systems},
	year = {2006}}

@inproceedings{montanari2006analysis,
	author = {Montanari, Andrea and Tse, David},
	booktitle = {Information Theory Workshop, 2006. ITW'06 Punta del Este. IEEE},
	organization = {IEEE},
	pages = {160--164},
	title = {Analysis of belief propagation for non-linear problems: The example of CDMA (or: How to prove Tanaka's formula)},
	year = {2006}}

@article{Tibs96,
	author = {R. Tibshirani},
	journal = {J. Royal. Statist. Soc B},
	pages = {267-288},
	title = {{Regression shrinkage and selection with the Lasso}},
	volume = {58},
	year = {1996}}

@inproceedings{BP95,
	address = {San Diego, CA},
	author = {S.S. Chen and D.L. Donoho},
	booktitle = {Proceedings of Wavelet Applications in Signal and Image Processing III},
	title = {{Examples of basis pursuit}},
	year = {1995}}

@article{zhao,
	author = {P. Zhao and B. Yu},
	journal = {The Journal of Machine Learning Research},
	pages = {2541--2563},
	publisher = {MIT Press},
	title = {{On model selection consistency of Lasso}},
	volume = {7},
	year = {2006}}

@article{jordan1999introduction,
	author = {Jordan, Michael I and Ghahramani, Zoubin and Jaakkola, Tommi S and Saul, Lawrence K},
	journal = {Machine learning},
	number = {2},
	pages = {183--233},
	publisher = {Springer},
	title = {An introduction to variational methods for graphical models},
	volume = {37},
	year = {1999}}

@article{wainwright2008graphical,
	author = {Wainwright, Martin J and Jordan, Michael I},
	journal = {Foundations and Trends in Machine Learning},
	number = {1-2},
	pages = {1--305},
	publisher = {Now Publishers Inc.},
	title = {Graphical models, exponential families, and variational inference},
	volume = {1},
	year = {2008}}

@article{guerra2001sum,
	author = {Guerra, Francesco},
	journal = {Fields Institute Communications},
	pages = {161--170},
	title = {Sum rules for the free energy in the mean field spin glass model},
	volume = {30},
	year = {2001}}

@article{guerra2002central,
	author = {Guerra, Francesco and Toninelli, Fabio Lucio},
	journal = {Journal of Mathematical Physics},
	number = {12},
	pages = {6224--6237},
	publisher = {AIP},
	title = {{Central limit theorem for fluctuations in the high temperature region of the {S}herrington--{K}irkpatrick spin glass model}},
	volume = {43},
	year = {2002}}

@article{guerra2002thermodynamic,
	author = {Guerra, Francesco and Toninelli, Fabio Lucio},
	journal = {Communications in Mathematical Physics},
	number = {1},
	pages = {71--79},
	publisher = {Springer},
	title = {The thermodynamic limit in mean field spin glass models},
	volume = {230},
	year = {2002}}

@article{guerra2003broken,
	author = {Guerra, Francesco},
	journal = {Communications in mathematical physics},
	number = {1},
	pages = {1--12},
	publisher = {Springer},
	title = {Broken replica symmetry bounds in the mean field spin glass model},
	volume = {233},
	year = {2003}}

@article{toninelli2002almeida,
	author = {Toninelli, Fabio Lucio},
	journal = {EPL (Europhysics Letters)},
	number = {5},
	pages = {764},
	publisher = {IOP Publishing},
	title = {{About the Almeida-Thouless transition line in the Sherrington-Kirkpatrick mean-field spin glass model}},
	volume = {60},
	year = {2002}}

@book{engel2001statistical,
	author = {Engel, Andreas and Van den Broeck, Christian},
	publisher = {Cambridge University Press},
	title = {Statistical mechanics of learning},
	year = {2001}}

@article{talagrand2006parisi-b,
	author = {Talagrand, Michel},
	journal = {Journal of Functional Analysis},
	number = {2},
	pages = {269--286},
	publisher = {Elsevier},
	title = {Parisi measures},
	volume = {231},
	year = {2006}}

@book{wolynes2012structural,
	author = {Wolynes, Peter G and Lubchenko, Vassiliy},
	publisher = {John Wiley \& Sons},
	title = {Structural glasses and supercooled liquids: Theory, experiment, and applications},
	year = {2012}}

@book{MezardMontanari,
	author = {Marc~M{\'e}zard and Andrea~Montanari},
	publisher = {Oxford},
	title = {{Information, Physics and Computation}},
	year = 2009}

@misc{CVX,
	author = {M. Grant and S. Boyd},
	howpublished = {\url{http://cvxr.com/cvx}},
	month = May,
	title = {{CVX}: Matlab Software for Disciplined Convex Programming, version 1.21},
	year = 2010}

@inproceedings{OWLQN,
	author = {G.~Andrew and G.~Jianfeng},
	booktitle = {Proceedings of the 24th international conference on Machine learning},
	pages = {33-40},
	title = {Scalable training of $L^1$-regularized log-linear models},
	year = {2007}}

@incollection{grantboyd08,
	author = {M. Grant and S. Boyd},
	booktitle = {Recent Advances in Learning and Control},
	editor = {V. Blondel and S. Boyd and H. Kimura},
	note = {\url{http://stanford.edu/~boyd/graph_dcp.html}},
	pages = {95--110},
	publisher = {Springer-Verlag Limited},
	series = {Lecture Notes in Control and Information Sciences},
	title = {Graph implementations for nonsmooth convex programs},
	year = 2008}

@article{ams20,
	author = {Alaoui, Ahmed El and Montanari, Andrea and Sellke, Mark},
	journal = {arXiv preprint arXiv:2001.00904},
	title = {Optimization of Mean-field Spin Glasses},
	year = {2020}}

@incollection{MontanariChapter,
	author = {A.~Montanari},
	booktitle = {Compressed Sensing: Theory and Applications},
	editor = {Y.C.~Eldar and G.~Kutyniok},
	publisher = {Cambridge University Press},
	title = {{Graphical Models Concepts in Compressed Sensing}},
	year = 2012}

@article{auffinger2017sk,
	author = {Auffinger, Antonio and Chen, Wei-Kuo and Zeng, Qiang},
	journal = {{\sf arXiv:1703.06872}},
	title = {{The SK model is Full-step Replica Symmetry Breaking at zero temperature}},
	year = {2017}}

@article{crisanti2002analysis,
	author = {Crisanti, Andrea and Rizzo, Tommaso},
	journal = {Physical Review E},
	number = {4},
	pages = {046137},
	publisher = {APS},
	title = {{Analysis of the $\infty$-replica symmetry breaking solution of the Sherrington-Kirkpatrick model}},
	volume = {65},
	year = {2002}}

@article{schmidt2008method,
	author = {Schmidt, Manuel J and Oppermann, Reinhold},
	journal = {Physical Review E},
	number = {6},
	pages = {061104},
	publisher = {APS},
	title = {{Method for replica symmetry breaking at and near T= 0 with application to the Sherrington-Kirkpatrick model}},
	volume = {77},
	year = {2008}}

@article{montanari2021optimization,
	author = {Montanari, Andrea},
	journal = {SIAM Journal on Computing},
	number = {0},
	pages = {FOCS19--1},
	publisher = {SIAM},
	title = {Optimization of the Sherrington--Kirkpatrick Hamiltonian},
	year = {2021}}

@article{oppermann2007double,
	author = {Oppermann, Reinhold and Schmidt, Manuel J and Sherrington, David},
	journal = {Physical Review Letters},
	number = {12},
	pages = {127201},
	publisher = {APS},
	title = {{Double Criticality of the Sherrington-Kirkpatrick Model at $T= 0$}},
	volume = {98},
	year = {2007}}

@article{mezard2002analytic,
	author = {M{\'e}zard, Marc and Parisi, Giorgio and Zecchina, Riccardo},
	journal = {Science},
	number = {5582},
	pages = {812--815},
	publisher = {American Association for the Advancement of Science},
	title = {Analytic and algorithmic solution of random satisfiability problems},
	volume = {297},
	year = {2002}}

@article{TroppMMVi,
	author = {Joel A. Tropp and Anna C. Gilbert and Martin J. Strauss},
	bibsource = {DBLP, http://dblp.uni-trier.de},
	ee = {http://dx.doi.org/10.1016/j.sigpro.2005.05.030},
	journal = {Signal Processing},
	number = {3},
	pages = {572-588},
	title = {Algorithms for simultaneous sparse approximation. Part I: Greedy pursuit},
	volume = {86},
	year = {2006}}

@article{TroppMMVII,
	author = {J.~A.~Tropp},
	bibsource = {DBLP, http://dblp.uni-trier.de},
	ee = {http://dx.doi.org/10.1016/j.sigpro.2005.05.031},
	journal = {Signal Processing},
	number = {3},
	pages = {589-602},
	title = {Algorithms for simultaneous sparse approximation. Part II: Convex relaxation},
	volume = {86},
	year = {2006}}

@article{GroupLasso,
	author = {J.~Friedman and T.~Hastie and R.~Tibshirani},
	ohnote = {\sf arXiv:1001.0736},
	title = {A note on the group lasso and a sparse group lasso}}

@article{LiuMixedOpt,
	author = {J.~Liu and J.~Ye},
	bibsource = {DBLP, http://dblp.uni-trier.de},
	ee = {http://arxiv.org/abs/1009.4766},
	journal = {CoRR},
	title = {Efficient L1/Lq Norm Regularization},
	volume = {abs/1009.4766},
	year = {2010}}

@article{Malioutov,
	author = {D. M.~Malioutov and M.~\c{C}etin and A.S.~Willsky},
	bibsource = {DBLP, http://dblp.uni-trier.de},
	ee = {http://dx.doi.org/10.1109/TSP.2005.850882},
	journal = {IEEE Transactions on Signal Processing},
	number = {8-2},
	pages = {3010-3022},
	title = {A sparse signal reconstruction perspective for source localization with sensor arrays},
	volume = {53},
	year = {2005}}

@article{Zhang,
	author = {J.~Huang and T.~Zhang},
	journal = {Annals of Statistics},
	pages = {1978-2004},
	title = {The Benefit of Group Sparsity},
	volume = {38},
	year = {2010}}

@article{YuanLin,
	author = {M. Yuan and Y. Lin},
	journal = {Journal of the Royal Statistical Society B},
	pages = {49-67},
	title = {Model selection and estimation in regression with grouped variables},
	volume = {68},
	year = {2010}}

@article{Wainwright2010Gaussian,
	author = {G.~Raskutti and M.J.~Wainwright and B.~Yu},
	journal = {Journal of Machine Learning Research},
	pages = {2241--2259},
	title = {Restricted Eigenvalue Properties for Correlated Gaussian Designs},
	volume = {11},
	year = {2010}}

@article{Wainwright2009,
	author = {M.J.~Wainwright},
	journal = {IEEE Trans. on Inform. Theory},
	pages = {5728--5741},
	title = {Information-theoretic limits on sparsity recovery in the high-dimensional and noisy setting},
	volume = {55},
	year = {2009}}

@article{Wainwright2009LASSO,
	author = {M.J.~Wainwright},
	journal = {IEEE Trans. on Inform. Theory},
	pages = {2183-2202},
	title = {Sharp Thresholds for High-Dimensional and Noisy Sparsity Recovery Using $\ell_1$-Constrained Quadratic Programming},
	volume = {55},
	year = {2009}}

@article{MeinshausenBuhlmannStability,
	author = {N.~Meinshausen and P.~B{\"u}hlmann},
	journal = {J. R. Statist. Soc. B},
	pages = {417-473},
	title = {Stability Selection},
	volume = {72},
	year = {2010}}

@article{MeinshausenBuhlmann,
	author = {N.~Meinshausen and P.~B{\"u}hlmann},
	journal = {Ann.~Statist.},
	pages = {1436-1462},
	title = {High-dimensional graphs and variable selection with the Lasso},
	volume = {34},
	year = {2006}}

@article{GreenshteinRitov,
	author = {E.~Greenshtein and Y. Ritov},
	journal = {Bernoulli},
	pages = {971-988},
	title = {Persistence in high-dimensional predictor selection and the virtue of over-parametrization},
	volume = {10},
	year = {2004}}

@inproceedings{DBLP:conf/icassp/ChartrandY08,
	author = {R.~Chartrand and W.~Yin},
	bibsource = {DBLP, http://dblp.uni-trier.de},
	booktitle = {ICASSP},
	crossref = {DBLP:conf/icassp/2008},
	ee = {http://dx.doi.org/10.1109/ICASSP.2008.4518498},
	pages = {3869-3872},
	title = {Iteratively reweighted algorithms for compressive sensing},
	year = {2008}}

@proceedings{DBLP:conf/icassp/2008,
	bibsource = {DBLP, http://dblp.uni-trier.de},
	booktitle = {ICASSP},
	isbn = {1-4244-1484-9},
	publisher = {IEEE},
	title = {Proceedings of the IEEE International Conference on Acoustics, Speech, and Signal Processing, ICASSP 2008, March 30 - April 4, 2008, Caesars Palace, Las Vegas, Nevada, USA},
	year = {2008}}

@inproceedings{DBLP:conf/icassp/SaabCY08,
	author = {R.~Saab and R.~Chartrand and {\"O}.~Yilmaz},
	bibsource = {DBLP, http://dblp.uni-trier.de},
	booktitle = {ICASSP},
	crossref = {DBLP:conf/icassp/2008},
	ee = {http://dx.doi.org/10.1109/ICASSP.2008.4518502},
	pages = {3885-3888},
	title = {Stable sparse approximations via nonconvex optimization},
	year = {2008}}

@inproceedings{DBLP:conf/isbi/Chartrand09,
	author = {R.~Chartrand},
	bibsource = {DBLP, http://dblp.uni-trier.de},
	booktitle = {ISBI},
	crossref = {DBLP:conf/isbi/2009},
	ee = {http://dx.doi.org/10.1109/ISBI.2009.5193034},
	pages = {262-265},
	title = {Fast Algorithms for Nonconvex Compressive Sensing: MRI Reconstruction from Very Few Data},
	year = {2009}}

@proceedings{DBLP:conf/isbi/2009,
	bibsource = {DBLP, http://dblp.uni-trier.de},
	booktitle = {ISBI},
	publisher = {IEEE},
	title = {Proceedings of the 2009 IEEE International Symposium on Biomedical Imaging: From Nano to Macro, Boston, MA, USA, June 28 - July 1, 2009},
	year = {2009}}

@article{FriedlanderMMV,
	author = {E.~van den Berg and M.~P. Friedlander},
	bibsource = {DBLP, http://dblp.uni-trier.de},
	ee = {http://dx.doi.org/10.1109/TIT.2010.2043876},
	journal = {IEEE Transactions on Information Theory},
	number = {5},
	pages = {2516-2527},
	title = {Theoretical and empirical results for recovery from multiple measurements},
	volume = {56},
	year = {2010}}

@article{DBLP:journals/corr/abs-0904-2051,
	author = {E.~van den Berg and M.~P. Friedlander},
	bibsource = {DBLP, http://dblp.uni-trier.de},
	ee = {http://arxiv.org/abs/0904.2051},
	journal = {CoRR},
	title = {Joint-sparse recovery from multiple measurements},
	volume = {abs/0904.2051},
	year = {2009}}

@article{HuoMMV,
	author = {J. Chen and X. Huo},
	journal = {IEEE Trans. Signal Process.},
	pages = {4634Ð4643},
	title = {Theoretical results on sparse representations of multiple-measurement vectors},
	volume = {54},
	year = {2006}}

@article{RaoMMV,
	author = {F. Cotter, B.D. Rao, K. Engang and K. Kreutz-Delgado},
	journal = {IEEE Trans. Signal Process.},
	pages = {2477Ð2488},
	title = {Sparse solutions to linear inverse problems with multiple measurement vectors},
	year = {2005}}

@article{knowles2011isotropic,
	author = {Knowles, Antti and Yin, Jun},
	journal = {arXiv preprint arXiv:1110.6449},
	title = {The isotropic semicircle law and deformation of Wigner matrices},
	year = {2011}}

@article{TroppMMV1,
	author = {J.A. Tropp, A.C. Gilbert and M.J. Strauss},
	journal = {Signal Process.},
	pages = {572-588},
	title = {Algorithms for simultaneous sparse approximation: Part I: Greedy pursuit},
	volume = {86},
	year = {2006}}

@article{TroppMMV2,
	author = {J.A.~Tropp},
	journal = {Signal Process.},
	page = {589Ð602},
	title = {Algorithms for simultaneous sparse approximation: Part II: Convex relaxation},
	volume = {86},
	year = {2006}}

@inproceedings{deshpande2014information,
	author = {Deshpande, Yash and Montanari, Andrea},
	booktitle = {Information Theory (ISIT), 2014 IEEE International Symposium on},
	organization = {IEEE},
	pages = {2197--2201},
	title = {Information-theoretically optimal sparse {PCA}},
	year = {2014}}

@article{deshpande2015improved,
	author = {Deshpande, Yash and Montanari, Andrea},
	journal = {{\sf arXiv:1502.06590}},
	title = {Improved sum-of-squares lower bounds for hidden clique and hidden submatrix problems},
	year = {2015}}

@article{meka2015sum,
	author = {Meka, Raghu and Potechin, Aaron and Wigderson, Avi},
	journal = {{\sf arXiv:1503.06447}},
	title = {Sum-of-squares lower bounds for planted clique},
	year = {2015}}

@article{raghavendra2015tight,
	author = {Raghavendra, Prasad and Schramm, Tselil},
	journal = {{\sf arXiv:1507.05136}},
	title = {Tight Lower Bounds for Planted Clique in the Degree-4 SOS Program},
	year = {2015}}

@article{oelschlager2002simulation,
	author = {Oelschl{\"a}ger, Karl},
	journal = {SIAM journal on numerical analysis},
	number = {5},
	pages = {1716--1762},
	publisher = {SIAM},
	title = {Simulation of the solution of a viscous porous medium equation by a particle method},
	volume = {40},
	year = {2002}}

@article{figalli2008convergence,
	author = {Figalli, Alessio and Philipowski, Robert},
	journal = {ALEA Lat. Am. J. Probab. Math. Stat},
	pages = {185--203},
	title = {Convergence to the viscous porous medium equation and propagation of chaos},
	volume = {4},
	year = {2008}}

@article{fischer2009moments,
	author = {Fischer, Markus and Nappo, Giovanna},
	journal = {Stochastic Analysis and Applications},
	number = {1},
	pages = {103--122},
	publisher = {Taylor \& Francis},
	title = {On the moments of the modulus of continuity of It{\^o} processes},
	volume = {28},
	year = {2009}}

@article{philipowski2007interacting,
	author = {Philipowski, Robert},
	journal = {Stochastic processes and their applications},
	number = {4},
	pages = {526--538},
	publisher = {Elsevier},
	title = {Interacting diffusions approximating the porous medium equation and propagation of chaos},
	volume = {117},
	year = {2007}}

@article{hopkins2015sos,
	author = {Hopkins, Samuel B and Kothari, Pravesh K and Potechin, Aaron},
	journal = {{\sf arXiv:1507.05230}},
	title = {SoS and Planted Clique: Tight Analysis of MPW Moments at all Degrees and an Optimal Lower Bound at Degree Four},
	year = {2015}}

@article{jerrum1992large,
	author = {Jerrum, Mark},
	journal = {Random Structures \& Algorithms},
	number = {4},
	pages = {347--359},
	publisher = {Wiley Online Library},
	title = {Large cliques elude the Metropolis process},
	volume = {3},
	year = {1992}}

@unpublished{StojnicMMV09,
	author = {M.~Stojnic},
	note = {{\sf arXiv:0907.3679}},
	title = {Block-length dependent thresholds in block-sparse compressed sensing},
	year = {2009}}

@article{ames2011nuclear,
	author = {Ames, Brendan PW and Vavasis, Stephen A},
	journal = {Mathematical programming},
	number = {1},
	pages = {69--89},
	publisher = {Springer},
	title = {Nuclear norm minimization for the planted clique and biclique problems},
	volume = {129},
	year = {2011}}

@article{TVSurvey,
	author = {C. R. Vogel and M. E. Oman},
	journal = {SIAM J. Sci. Comput},
	pages = {227--238},
	title = {Iterative Methods For Total Variation Denoising},
	volume = {17},
	year = {1996}}

@inproceedings{StojnicMMV10,
	author = {M.~Stojnic},
	bibsource = {DBLP, http://dblp.uni-trier.de},
	booktitle = {ICASSP},
	crossref = {DBLP:conf/icassp/2010},
	ee = {http://dx.doi.org/10.1109/ICASSP.2010.5495797},
	pages = {3918-3921},
	title = {Block-length dependent thresholds for {\it }2/{\it }1-optimization in block-sparse compressed sensing},
	year = {2010}}

@inproceedings{IndykAdaptive,
	author = {P.~Indyk and E.~Price and D.P.~Woodruff},
	booktitle = {IEEE Symposium on the Foundations of Computer Science, FOCS},
	location = {Palm Springs, California},
	month = {October},
	title = {{On the Power of Adaptivity in Sparse Recovery}},
	year = {2011}}

@proceedings{DBLP:conf/icassp/2010,
	bibsource = {DBLP, http://dblp.uni-trier.de},
	booktitle = {ICASSP},
	isbn = {978-1-4244-4296-6},
	publisher = {IEEE},
	title = {Proceedings of the IEEE International Conference on Acoustics, Speech, and Signal Processing, ICASSP 2010, 14-19 March 2010, Sheraton Dallas Hotel, Dallas, Texas, USA},
	year = {2010}}

@article{RaoMMV,
	author = {S. F. Cotter and Bhaskar D. Rao and Kjersti Engan and Kenneth Kreutz-Delgado},
	bibsource = {DBLP, http://dblp.uni-trier.de},
	ee = {http://dx.doi.org/10.1109/TSP.2005.849172},
	journal = {IEEE Transactions on Signal Processing},
	number = {7},
	pages = {2477-2488},
	title = {Sparse solutions to linear inverse problems with multiple measurement vectors},
	volume = {53},
	year = {2005}}

@inproceedings{CandesReview,
	address = {Madrid, Spain},
	author = {E.~Cand{\`e}s},
	booktitle = {Proceedings of the International Congress of Mathematicians},
	title = {Compressive sampling},
	year = {2006}}

@unpublished{CandesPlanRIPless,
	author = {E.~Cand{\'e}s and Y.~Plan},
	note = {{\sf arXiv:1011.3854}},
	title = {{A probabilistic and RIPless theory of compressed sensing}},
	year = {2010}}

@article{sun2008size,
	author = {Sun, Xing and Nobel, Andrew B},
	journal = {J. Mach. Learn. Res},
	pages = {2431--2453},
	title = {On the size and recovery of submatrices of ones in a random binary matrix},
	volume = {9},
	year = {2008}}

@article{shabalin2009finding,
	author = {Shabalin, Andrey A and Weigman, Victor J and Perou, Charles M and Nobel, Andrew B},
	journal = {The Annals of Applied Statistics},
	pages = {985--1012},
	publisher = {JSTOR},
	title = {Finding large average submatrices in high dimensional data},
	year = {2009}}

@inproceedings{WainwrightEllP,
	address = {Monticello, IL},
	author = {G.~Raskutti and M.~J.~Wainwright and B.~Yu},
	booktitle = {47th Annual Allerton Conf.},
	month = sep,
	title = {{Minimax rates of estimation for high-dimensional linear regression over $\ell_q$-balls}},
	year = {2009}}

@inproceedings{RanganGAMP,
	address = {St. Perersbourg},
	author = {S.~Rangan},
	booktitle = {IEEE Intl. Symp. on Inform. Theory},
	month = aug,
	title = {{Generalized Approximate Message Passing for Estimation with Random Linear Mixing}},
	year = {2011}}

@article{feige2010finding,
	author = {Feige, Uriel and Ron, Dorit},
	journal = {DMTCS Proceedings},
	number = {01},
	pages = {189--204},
	title = {Finding hidden cliques in linear time},
	year = {2010}}

@article{dobrushin1979vlasov,
	author = {Dobrushin, Roland L'vovich},
	journal = {Functional Analysis and Its Applications},
	number = {2},
	pages = {115--123},
	publisher = {Springer},
	title = {Vlasov equations},
	volume = {13},
	year = {1979}}

@inproceedings{dekel2011finding,
	address = {San Francisco},
	author = {Y.~Dekel, O.~Gurel-Gurevich and Y.~Peres},
	booktitle = {Workshop on Analytic Algorithmics and Combinatorics},
	month = jan,
	title = {{Finding Hidden Cliques in Linear Time with High Probability}},
	year = {2011}}

@inproceedings{Lentmaier,
	address = {Austin, Texas},
	author = {M.~Lentmaier and G.~P.~Fettweis},
	booktitle = {IEEE Intl. Symp. on Inform. Theory},
	month = aug,
	title = {{On the thresholds of generalized LDPC convolutional codes based on protographs}},
	year = {2010}}

@unpublished{RanganQuantized,
	author = {U.S.~Kamilov and V.K.~Goyal and S.~Rangan},
	note = {{\sf arXiv:1105.6368}},
	title = {{Message-Passing Estimation from Quantized Samples}},
	year = {2011}}

@unpublished{SchniterOFDM,
	author = {P.~Schniter},
	note = {{\sf arXiv:1101.4724}},
	title = {{A message-passing receiver for BICM-OFDM over unknown clustered-sparse channels}},
	year = {2011}}

@inproceedings{JamesStein,
	address = {Berkeley},
	author = {W.~James and C.~Stein},
	booktitle = {Proc. Fourth Berkeley Symp. Math. Statist. Prob},
	title = {{Estimation with quadratic loss}},
	year = {2010}}

@inproceedings{tulino2011support,
	author = {Tulino, A. and Caire, G. and Shamai, S. and Verd{\'u}, S.},
	booktitle = {Information Theory Proceedings (ISIT), 2011 IEEE International Symposium on},
	organization = {IEEE},
	pages = {2328--2332},
	title = {Support recovery with sparsely sampled free random matrices},
	year = {2011}}

@inproceedings{SchniterTurbo,
	address = {Princeton},
	author = {P.~Schniter},
	booktitle = {Proceedings of the Conference on Information Sciences and Systems},
	title = {{Turbo Reconstruction of Structured Sparse Signals}},
	year = {2010}}

@inproceedings{SchniterEM,
	address = {Pacific Grove, CA},
	author = {J.~Vila and P.~Schniter},
	booktitle = {Proc. Asilomar Conf. on Signals, Systems, and Computers},
	title = {Expectation-Maximization Bernoulli-Gaussian Approximate Message Passing},
	year = {2011}}

@article{thorne2007generating,
	author = {Thorne, Thomas and Stumpf, Michael PH},
	journal = {BMC bioinformatics},
	number = {1},
	pages = {467},
	publisher = {BioMed Central Ltd},
	title = {Generating confidence intervals on biological networks},
	volume = {8},
	year = {2007}}

@article{song2005highly,
	author = {Song, Sen and Sj{\"o}str{\"o}m, Per Jesper and Reigl, Markus and Nelson, Sacha and Chklovskii, Dmitri B},
	journal = {PLoS Biol},
	number = {3},
	pages = {e68},
	title = {Highly nonrandom features of synaptic connectivity in local cortical circuits},
	volume = {3},
	year = {2005}}

@article{blitzstein2011sequential,
	author = {Blitzstein, Joseph and Diaconis, Persi},
	journal = {Internet Mathematics},
	number = {4},
	pages = {489--522},
	publisher = {Taylor \& Francis},
	title = {A sequential importance sampling algorithm for generating random graphs with prescribed degrees},
	volume = {6},
	year = {2011}}

@article{milo2003uniform,
	author = {Milo, Ron and Kashtan, Nadav and Itzkovitz, Shalev and Newman, Mark E.J. and Alon, Uri},
	journal = {{\sf arXiv cond-mat/0312028}},
	title = {On the uniform generation of random graphs with prescribed degree sequences},
	year = {2003}}

@inproceedings{Schniter-NonUniform-2010,
	address = {Dayton, OH},
	author = {S.~Som, L.C.~Potter and P.~Schniter},
	booktitle = {Proceedings of the National Aereospace and Electronics Conference},
	title = {{On Approximate Message Passing for Reconstruction of Non-Uniformly Sparse Signals}},
	year = {2010}}

@inproceedings{SchniterTree,
	author = {S.~Som and L.C.~Potter and P.~Schniter},
	booktitle = {Proc. Asilomar Conf. on Signals, Systems, and Computers},
	month = nov,
	title = {{Compressive Imaging using Approximate Message Passing and a Markov-Tree Prior}},
	type = {conference},
	year = {2010}}

@article{Felstrom,
	author = {A.J.~Felstrom and K.S.~Zigangirov},
	journal = {IEEE Trans. on Inform.~Theory},
	pages = {2181--2190},
	title = {Time-varying periodic convolutional codes with low-density parity-check matrix},
	volume = {45},
	year = {1999}}

@inproceedings{Costello,
	address = {Monticello, IL},
	author = {A.~Sridharan and M.~Lentmaier and D.~J.~Costello~Jr and K.~S.~Zigangirov},
	booktitle = {43rd Annual Allerton Conference},
	month = sep,
	title = {{Convergence analysis of a class of LDPC convolutional codes for the erasure channel}},
	year = {2004}}

@incollection{Karp72,
	author = {Richard Karp},
	booktitle = {Complexity of Computer Computations},
	editor = {Miller, R. and Thatcher, J.},
	pages = {85--103},
	publisher = {Plenum Press},
	title = {Reducibility among combinatorial problems},
	year = 1972}

@article{CevherReview,
	author = {V.~Cevher and P.~Indyk and L.~Carin and R.G.~Baraniuk},
	journal = {IEEE Signal Processing Magazine},
	pages = {92-103},
	title = {{Sparse Signal Recovery and Acquisition with Graphical Models}},
	volume = {27},
	year = {2010}}

@inproceedings{cook1971complexity,
	author = {Cook, Stephen A},
	booktitle = {Proceedings of the third annual ACM symposium on Theory of computing},
	organization = {ACM},
	pages = {151--158},
	title = {The complexity of theorem-proving procedures},
	year = {1971}}

@book{durrett2019probability,
	author = {Durrett, Rick},
	publisher = {Cambridge university press},
	title = {{Probability: Theory and Examples}},
	volume = {49},
	year = {2019}}

@inproceedings{friedman1989second,
	author = {Friedman, Joel and Kahn, Jeff and Szemeredi, Endre},
	booktitle = {Proceedings of the twenty-first annual ACM symposium on Theory of computing},
	organization = {ACM},
	pages = {587--598},
	title = {On the second eigenvalue of random regular graphs},
	year = {1989}}

@book{garey1979computers,
	author = {Garey, Michael R and Johnson, David S},
	publisher = {Freeman New York},
	title = {Computers and intractability},
	volume = {174},
	year = {1979}}

@inproceedings{hastad1996clique,
	author = {Hastad, Johan},
	booktitle = {Foundations of Computer Science, 1996. Proceedings., 37th Annual Symposium on},
	organization = {IEEE},
	pages = {627--636},
	title = {Clique is hard to approximate within $n^{1-\epsilon}$},
	year = {1996}}

@article{dinur2005hardness,
	author = {Dinur, Irit and Safra, Samuel},
	journal = {Annals of Mathematics},
	pages = {439--485},
	publisher = {JSTOR},
	title = {On the hardness of approximating minimum vertex cover},
	year = {2005}}

@article{ModelCS,
	author = {R.~G.~Baraniuk and V.~Cevher and M.~F.~Duarte and C.~Hegde},
	journal = {IEEE Trans. on Inform.~Theory},
	pages = {1982-2001},
	title = {{Model-Based Compressive Sensing}},
	volume = {56},
	year = {2010}}

@inproceedings{CevherMRF,
	address = {Vancouver},
	author = {V.~Cevher and C.~Hegde and M.~F.~Duarte and R.~G.~Baraniuk},
	booktitle = {Neural Information Processing Systems},
	month = dec,
	title = {{Sparse Signal Recovery Using Markov Random Fields}},
	year = {2008}}

@unpublished{FoucartEtAl,
	author = {S.~Foucart and A.~Pajor and H.~Rauhut and T.~Ullrich},
	note = {{\sf arXiv:1002.0672}},
	title = {{The Gelfand widths of $\ell_p$-balls for $0 < p\le 1$}},
	year = {2010}}

@article{DoJo95,
	author = {D.L.~Donoho and I.M.~Johnstone},
	ee = {Stable URL: http://www.jstor.org/stable/2291512},
	journal = {J. Amer. Statist. Assn.},
	pages = {1200-1224},
	title = {Adapting to Unknown Smoothness via Wavelet Shrinkage},
	volume = {90},
	year = {1995}}

@article{Do,
	author = {D. L. Donoho},
	journal = {Discrete Comput. Geometry},
	pages = {617-652},
	title = {{High-dimensional centrally symmetric polytopes with neighborliness proportional to dimension}},
	volume = 35,
	year = {2006}}

@article{DoTa10,
	author = {D. L. Donoho and J. Tanner},
	journal = {Proceedings of the IEEE},
	pages = {913-924},
	title = {Precise Undersampling Theorems},
	volume = {98},
	year = {2010}}

@article{GaBr97,
	author = {H.-Y.~Gao and A.G.~Bruce},
	ee = {http://www3.stat.sinica.edu.tw/statistica/oldpdf/A7n43.pdf},
	journal = {Statistica Sinica},
	pages = {855-874},
	title = {WaveShrink with firm shrinkage},
	volume = {7},
	year = {1997}}

@unpublished{HassibiXu,
	author = {W.~Xu and B.~Hassibi},
	note = {{\sf arXiv:1005.3729}},
	title = {Compressive Sensing over the Grassmann Manifold: a Unified Geometric Framework},
	year = {2010}}

@article{CaSt81,
	author = {G.~Casella and W.~E.~Strawderman},
	ee = {http://www.jstor.org/stable/2240855},
	journal = {Annals of Statistics},
	pages = {870-878},
	title = {Estimating a Bounded Normal Mean},
	volume = {9},
	year = {1981}}

@article{BlCaTa11,
	author = {J.~D. Blanchard and C.~Cartis and J.~Tanner},
	bibsource = {DBLP, http://dblp.uni-trier.de},
	ee = {http://dx.doi.org/10.1137/090748160},
	journal = {SIAM Review},
	number = {1},
	pages = {105-125},
	title = {Compressed Sensing: How Sharp Is the Restricted Isometry Property?},
	volume = {53},
	year = {2011}}

@article{DoTa09b,
	author = {D.L.~Donoho and J.~Tanner},
	ee = {doi: 10.1098/rsta.2009.015},
	journal = {Phil. Trans. R. Soc. A},
	pages = {4273-4293},
	title = {Observed universality of phase transitions in high-dimensional geometry, with implications for modern data analysis and signal processing},
	volume = {367},
	year = {2009}}

@article{DoTa10b,
	author = {D.~L. Donoho and J.~Tanner},
	bibsource = {DBLP, http://dblp.uni-trier.de},
	ee = {http://dx.doi.org/10.1007/s00454-009-9221-z},
	journal = {Discrete {\&} Computational Geometry},
	number = {3},
	pages = {522-541},
	title = {Counting the Faces of Randomly-Projected Hypercubes and Orthants, with Applications},
	volume = {43},
	year = {2010}}

@article{DoTa10a,
	author = {D.L.~Donoho and J.~Tanner},
	bibsource = {DBLP, http://dblp.uni-trier.de},
	ee = {http://dx.doi.org/10.1109/TIT.2010.2040892},
	journal = {IEEE Trans. on Inform. Theory},
	number = {4},
	pages = {2002-2016},
	title = {Exponential bounds implying construction of compressed sensing matrices, error-correcting codes, and neighborly polytopes by random sampling},
	volume = {56},
	year = {2010}}

@article{DoTs09,
	author = {D.L.~Donoho and Y.~Tsaig},
	bibsource = {DBLP, http://dblp.uni-trier.de},
	ee = {http://dx.doi.org/10.1109/TIT.2008.929958},
	journal = {IEEE Trans. on Inform. Theory},
	number = {11},
	pages = {4789-4812},
	title = {Fast Solution of l$_{\mbox{1}}$-Norm Minimization Problems When the Solution May Be Sparse},
	volume = {54},
	year = {2008}}

@article{MaDo10,
	author = {A.~Maleki and D.~L.~Donoho},
	ee = {doi:10.1109/JSTSP.2009.2039176},
	journal = {IEEE Journal of Selected Topics in Signal Processing},
	pages = {330-341},
	title = {Optimally Tuned Iterative Reconstruction Algorithms for Compressed Sensing},
	volume = {4},
	year = {2010}}

@article{DJHS92,
	author = {D.L. Donoho, I.M. Johnstone, J.C. Hoch and A.S. Stern},
	journal = {J. Roy. Statist. Soc. B},
	pages = {41-81},
	title = {Maximum entropy and the nearly black object (with discussion)},
	volume = {54},
	year = {1992}}

@article{BlTa11,
	author = {J.~Blanchard and J.~Tanner},
	ee = {doi:10.1063/1.3498192},
	journal = {ICNAAM 2010: International Conference of Numerical Analysis and Applied Mathematics},
	pages = {1730-1734},
	title = {Large Scale Iterative Hard Thresholding on a Graphical Processing Unit},
	volume = {1281},
	year = {2010}}

@article{HaKePi98,
	author = {P.~Hall and G.~Kerkyacharian and D.~Picard},
	ee = {doi:10.1214/aos/1024691082},
	journal = {Ann. Statist.},
	pages = {922-942},
	title = {Block threshold rules for curve estimation using kernel and wavelet methods},
	volume = {26},
	year = {1998}}

@article{ROF92,
	author = {L.~I.~Rudin and S.~Osher and E.~Fatemi},
	journal = {Physica D: Nonlinear Phenomena},
	pages = {259-268},
	title = {Nonlinear total variation based noise removal algorithms},
	volume = {60},
	year = {1992}}

@article{DT10,
	author = {D.~L.~Donoho and J.~Tanner},
	bibsource = {DBLP, http://dblp.uni-trier.de},
	ee = {http://dx.doi.org/10.1007/s00454-009-9221-z},
	journal = {Discrete {\&} Computational Geometry},
	number = {3},
	pages = {522-541},
	title = {Counting the Faces of Randomly-Projected Hypercubes and Orthants, with Applications},
	volume = {43},
	year = {2010}}

@article{addario2010combinatorial,
	author = {Addario-Berry, Louigi and Broutin, Nicolas and Devroye, Luc and Lugosi, G{\'a}bor},
	journal = {The Annals of Statistics},
	number = {5},
	pages = {3063--3092},
	publisher = {Institute of Mathematical Statistics},
	title = {On combinatorial testing problems},
	volume = {38},
	year = {2010}}

@article{bhamidi2012energy,
	author = {Bhamidi, Shankar and Dey, Partha S and Nobel, Andrew B},
	journal = {arXiv preprint arXiv:1211.2284},
	title = {Energy Landscape for large average submatrix detection problems in Gaussian random matrices},
	year = {2012}}

@article{arias2011detection,
	author = {Arias-Castro, Ery and Cand{\`e}s, Emmanuel J and Durand, Arnaud},
	journal = {The Annals of Statistics},
	number = {1},
	pages = {278--304},
	publisher = {Institute of Mathematical Statistics},
	title = {Detection of an anomalous cluster in a network},
	volume = {39},
	year = {2011}}

@article{arias2008searching,
	author = {Arias-Castro, Ery and Candes, Emmanuel J and Helgason, Hannes and Zeitouni, Ofer},
	journal = {The Annals of Statistics},
	pages = {1726--1757},
	publisher = {JSTOR},
	title = {Searching for a trail of evidence in a maze},
	year = {2008}}

@article{arias2005near,
	author = {Arias-Castro, Ery and Donoho, David L and Huo, Xiaoming},
	journal = {Information Theory, IEEE Transactions on},
	number = {7},
	pages = {2402--2425},
	publisher = {IEEE},
	title = {Near-optimal detection of geometric objects by fast multiscale methods},
	volume = {51},
	year = {2005}}

@article{DBLP:journals/corr/abs-1004-0402,
	author = {M.~A.~Khajehnejad and W.~Xu and A.~S.~Avestimehr and B.~Hassibi},
	note = {{\sf arXiv:1004.0402}},
	title = {Improved Sparse Recovery Thresholds with Two-Step Reweighted $\ell_1$ Minimization},
	year = {2010}}

@article{Fused,
	author = {R.~Tibshirani and M.~Saunders and S.~Rosset and J.~Zhu and K.~Knight},
	journal = {J. R. Statist. Soc. B},
	pages = {91-108},
	title = {Sparsity and smoothness via the fused lasso},
	volume = {67},
	year = {205}}

@book{goodfellow2016deep,
	author = {Goodfellow, Ian and Bengio, Yoshua and Courville, Aaron and Bengio, Yoshua},
	publisher = {MIT press Cambridge},
	title = {Deep learning},
	volume = {1},
	year = {2016}}

@article{carrillo2003kinetic,
	author = {Carrillo, Jos{\'e} A and McCann, Robert J and Villani, C{\'e}dric and others},
	journal = {Revista Matematica Iberoamericana},
	number = {3},
	pages = {971--1018},
	publisher = {Departamento de Matem{\'a}ticas, Universidad Aut{\'o}noma de Madrid},
	title = {Kinetic equilibration rates for granular media and related equations: entropy dissipation and mass transportation estimates},
	volume = {19},
	year = {2003}}

@book{santambrogio2015optimal,
	author = {Santambrogio, Filippo},
	publisher = {Birkh{\"a}user},
	title = {Optimal Transport for Applied Mathematicians: Calculus of Variations, PDEs, and Modeling},
	volume = {87},
	year = {2015}}

@article{mccann1997convexity,
	author = {McCann, Robert J},
	journal = {Advances in mathematics},
	number = {1},
	pages = {153--179},
	publisher = {Citeseer},
	title = {A convexity principle for interacting gases},
	volume = {128},
	year = {1997}}

@book{villani2008optimal,
	author = {Villani, C{\'e}dric},
	publisher = {Springer Science \& Business Media},
	title = {Optimal transport: old and new},
	volume = {338},
	year = {2008}}

@article{lee1996efficient,
	author = {Lee, Wee Sun and Bartlett, Peter L and Williamson, Robert C},
	journal = {IEEE Transactions on Information Theory},
	number = {6},
	pages = {2118--2132},
	publisher = {IEEE},
	title = {Efficient agnostic learning of neural networks with bounded fan-in},
	volume = {42},
	year = {1996}}

@article{cybenko1989approximation,
	author = {Cybenko, George},
	journal = {Mathematics of control, signals and systems},
	number = {4},
	pages = {303--314},
	publisher = {Springer},
	title = {Approximation by superpositions of a sigmoidal function},
	volume = {2},
	year = {1989}}

@article{barron1993universal,
	author = {Barron, Andrew R},
	journal = {IEEE Transactions on Information theory},
	number = {3},
	pages = {930--945},
	publisher = {IEEE},
	title = {Universal approximation bounds for superpositions of a sigmoidal function},
	volume = {39},
	year = {1993}}

@book{anthony2009neural,
	author = {Anthony, Martin and Bartlett, Peter L},
	publisher = {cambridge university press},
	title = {Neural network learning: Theoretical foundations},
	year = {2009}}

@article{rotskoff2018neural,
	author = {Rotskoff, Grant M and Vanden-Eijnden, Eric},
	journal = {{\sf arXiv:1805.00915}},
	title = {Neural networks as Interacting Particle Systems: Asymptotic convexity of the Loss Landscape and Universal Scaling of the Approximation Error},
	year = {2018}}

@article{sirignano2018mean,
	author = {Sirignano, Justin and Spiliopoulos, Konstantinos},
	journal = {{\sf arXiv:1805.01053}},
	title = {Mean Field Analysis of Neural Networks},
	year = {2018}}

@article{chizat2018global,
	author = {Chizat, Lenaic and Bach, Francis},
	journal = {{\sf arXiv:1805.09545}},
	title = {On the Global Convergence of Gradient Descent for Over-parameterized Models using Optimal Transport},
	year = {2018}}

@article{bartlett1998sample,
	author = {Bartlett, Peter L},
	journal = {IEEE transactions on Information Theory},
	number = {2},
	pages = {525--536},
	publisher = {IEEE},
	title = {The sample complexity of pattern classification with neural networks: the size of the weights is more important than the size of the network},
	volume = {44},
	year = {1998}}

@article{nitanda2017stochastic,
	author = {Nitanda, Atsushi and Suzuki, Taiji},
	journal = {{\sf arXiv:1712.05438}},
	title = {Stochastic Particle Gradient Descent for Infinite Ensembles},
	year = {2017}}

@article{carrillo2011global,
	author = {Carrillo, Jos{\'e} A and DiFrancesco, Marco and Figalli, Alessio and Laurent, Thomas and Slep{\v{c}}ev, Dejan},
	journal = {Duke Mathematical Journal},
	number = {2},
	pages = {229--271},
	publisher = {Duke University Press},
	title = {Global-in-time weak measure solutions and finite-time aggregation for nonlocal interaction equations},
	volume = {156},
	year = {2011}}

@article{wang2013gradient,
	author = {Wang, Feng-Yu and Yan, Lixin},
	journal = {Proceedings of the American Mathematical Society},
	number = {3},
	pages = {1067--1081},
	title = {Gradient estimate on convex domains and applications},
	volume = {141},
	year = {2013}}

@article{chavel1986heat,
	author = {Chavel, Isaac},
	journal = {Journal of the London Mathematical Society},
	number = {3},
	pages = {473--478},
	publisher = {Wiley Online Library},
	title = {Heat diffusion in insulated convex domains},
	volume = {2},
	year = {1986}}

@article{carrillo2006contractions,
	author = {Carrillo, Jos{\'e} A and McCann, Robert J and Villani, C{\'e}dric},
	journal = {Archive for Rational Mechanics and Analysis},
	number = {2},
	pages = {217--263},
	publisher = {Springer},
	title = {Contractions in the 2-Wasserstein length space and thermalization of granular media},
	volume = {179},
	year = {2006}}

@article{markowich2000trend,
	author = {Markowich, Peter A and Villani, C{\'e}dric},
	journal = {Mat. Contemp},
	pages = {1--29},
	title = {On the trend to equilibrium for the Fokker-Planck equation: an interplay between physics and functional analysis},
	volume = {19},
	year = {2000}}

@book{evans2009partial,
	author = {Evans, Lawrence C.},
	publisher = {Springer},
	title = {Partial Differential Equations},
	year = {2009}}

@article{BiCo83,
	author = {P.~Bickel and J.~Collins},
	journal = {Sankhya A},
	pages = {1-19},
	title = {Minimizing Fisher Information over mixtures of distributions},
	volume = {45},
	year = {1983}}

@article{knight2000asymptotics,
	author = {Knight, K. and Fu, W.},
	journal = {Annals of Statistics},
	pages = {1356--1378},
	publisher = {JSTOR},
	title = {Asymptotics for lasso-type estimators},
	year = {2000}}

@article{Bi81,
	author = {P.~Bickel},
	journal = {Annals of Statistics},
	pages = {1301-1309},
	title = {Minimax Estimation of the Mean of a Normal Distribution when the Parameter Space is Restricted},
	volume = {9},
	year = {1981}}

@article{Jo94a,
	author = {I.M.~Johnstone},
	journal = {Annals of Statistics},
	pages = {271--289.},
	title = {On minimax estimation of a sparse normal mean vector},
	volume = {22},
	year = {1994}}

@incollection{Jo94b,
	author = {I.~M.~Johnstone},
	booktitle = {Statistical Decision Theory and Related Topics, V},
	editor = {S.S. Gupta and J.O. Berger, eds.},
	pages = {303--326},
	title = {Minimax Bayes, asymptotic minimax and sparse wavelet priors},
	year = {1994}}

@article{Mallows78,
	author = {C.~L.~Mallows},
	journal = {SIAM Review},
	pages = {183},
	title = {Minimizing an Integral},
	volume = {20},
	year = {1978}}

@article{HuberMinimax,
	author = {P.J.~Huber},
	journal = {The Annals of Mathematical Statistics},
	number = {1},
	pages = {73-101},
	title = {Robust Estimation of a Location Parameter},
	url = {http://www.jstor.org/stable/2238020},
	volume = {35},
	year = {1964},
	bdsk-url-1 = {http://www.jstor.org/stable/2238020}}

@article{candes2011robust,
	author = {Cand{\`e}s, Emmanuel J and Li, Xiaodong and Ma, Yi and Wright, John},
	journal = {Journal of the ACM (JACM)},
	number = {3},
	pages = {11},
	publisher = {ACM},
	title = {Robust principal component analysis?},
	volume = {58},
	year = {2011}}

@book{HuberBook,
	author = {P.J.~Huber and E.~Ronchetti},
	publisher = {J. Wiley and Sons},
	title = {Robust Statistics (second edition)},
	year = {2009}}

@article{Cai99,
	author = {T.T.~Cai},
	journal = {The Annals of Statistics},
	number = {3},
	pages = {pp. 898-924},
	publisher = {Institute of Mathematical Statistics},
	title = {Adaptive Wavelet Estimation: A Block Thresholding and Oracle Inequality Approach},
	url = {http://www.jstor.org/stable/120144},
	volume = {27},
	year = {1999},
	bdsk-url-1 = {http://www.jstor.org/stable/120144}}


@article{hoyle2004principal,
  title={Principal-component-analysis eigenvalue spectra from data with symmetry-breaking structure},
  author={Hoyle, David C and Rattray, Magnus},
  journal={Physical Review E},
  volume={69},
  number={2},
  pages={026124},
  year={2004},
  publisher={APS}
}


@article{baik2006eigenvalues,
  title={Eigenvalues of large sample covariance matrices of spiked population models},
  author={Baik, Jinho and Silverstein, Jack W},
  journal={Journal of multivariate analysis},
  volume={97},
  number={6},
  pages={1382--1408},
  year={2006},
  publisher={Elsevier}
}


@article{BrJoMa81,
	author = {L.D.~Brown. and I.M.~Johnstone and K.B.~MacGibbon},
	journal = {Journal of the American Statistical Association},
	jstor_formatteddate = {Dec., 1981},
	number = {376},
	pages = {824-832},
	title = {Variation Diminishing Transformations: A Direct Approach to Total Positivity and its Statistical Applications},
	url = {http://www.jstor.org/stable/2287577},
	volume = {76},
	year = {1981},
	bdsk-url-1 = {http://www.jstor.org/stable/2287577}}

@article{Saligrama,
	author = {S.~Aeron and V.~Saligrama and Manqi Zhao},
	journal = {IEEE Trans. on Inform. Theory},
	pages = {5111 - 5130},
	title = {Information Theoretic Bounds for Compressed Sensing},
	volume = {56},
	year = {2010}}

@article{KashinTemlyakov,
	author = {B.S.~Kashin and V.N.~Temlyakov},
	journal = {Mathematical Notes},
	pages = {748-755},
	title = {A remark on Compressed Sensing},
	volume = {82},
	year = {2007}}

@unpublished{CandesDavenport,
	author = {E.~Cand\'es and M.~Davenport},
	note = {{\sf arXiv:1104.5246v3}},
	title = {{How well can we estimate a sparse vector?}},
	year = {2011}}

@inproceedings{IndykLower,
	author = {K.~Do~Ba and P.~Indyk and E.~Price and D.~P.~Woodruff},
	booktitle = {Proceedings of the Twenty-First Annual ACM-SIAM Symposium on Discrete Algorithms},
	location = {Austin, Texas},
	pages = {1190--1197},
	series = {SODA '10},
	title = {Lower bounds for sparse recovery},
	year = {2010}}

@inproceedings{KudekarPfister,
	author = {S.~Kudekar and H.D.~Pfister},
	booktitle = {48th Annual Allerton Conference},
	pages = {347 -353},
	title = {The effect of spatial coupling on compressive sensing},
	year = {2010}}

@article{Guo05mutualinformation,
	author = {Dongning~Guo and Shlomo~Shamai and Sergio~Verd\'u},
	journal = {IEEE Trans. Inform. Theory},
	pages = {1261--1282},
	title = {Mutual information and minimum mean-square error in Gaussian channels},
	volume = {51},
	year = {2005}}

@article{BuhlmannVanDeGeer,
	author = {S.A.~van~de~Geer and P.~B{\"u}hlmann},
	journal = {Electron. J. Statist.},
	pages = {1360--1392},
	title = {On the conditions used to prove oracle results for the Lasso},
	volume = {3},
	year = {2009}}

@article{lounici2008sup,
	author = {Lounici, Karim},
	journal = {Electronic Journal of statistics},
	pages = {90--102},
	publisher = {Institute of Mathematical Statistics},
	title = {Sup-norm convergence rate and sign concentration property of Lasso and Dantzig estimators},
	volume = {2},
	year = {2008}}

@unpublished{BuhlmannSignificance,
	author = {P.~B{\"u}hlmann},
	note = {{\sf arXiv:1202.1377}},
	title = {{Statistical significance in high-dimensional linear models}},
	year = {2012}}

@unpublished{ZhangZhangSignificance,
	author = {C.-H.~Zhang and S.S.~Zhang},
	note = {{\sf arXiv:1110.2563}},
	title = {{Confidence Intervals for Low-Dimensional Parameters in High-Dimensional Linear Models}},
	year = {2011}}


@Article{Rice1945,
  author     = {Rice, Stephen O.},
  journal    = {Bell System Tech. J.},
  title      = {Mathematical analysis of random noise},
  year       = {1945},
  issn       = {0005-8580},
  pages      = {46--156},
  volume     = {24},
  doi        = {10.1002/j.1538-7305.1945.tb00453.x},
  fjournal   = {The Bell System Technical Journal},
  mrclass    = {60.0X},
  mrnumber   = {11918},
  mrreviewer = {M. Kac},
  url        = {https://doi.org/10.1002/j.1538-7305.1945.tb00453.x},
}


@Article{Kac1943,
  author     = {Kac, Mark},
  journal    = {Bull. Amer. Math. Soc.},
  title      = {On the average number of real roots of a random algebraic equation},
  year       = {1943},
  issn       = {0002-9904},
  pages      = {314--320},
  volume     = {49},
  doi        = {10.1090/S0002-9904-1943-07912-8},
  fjournal   = {Bulletin of the American Mathematical Society},
  mrclass    = {41.1X},
  mrnumber   = {7812},
  mrreviewer = {P. Erd\H{o}s},
  url        = {https://doi.org/10.1090/S0002-9904-1943-07912-8},
}

@inproceedings{TakedaKabashima,
	author = {K.~Takeda and Y.~Kabashima},
	booktitle = {IEEE Intl. Symp. on Inform. Theory},
	month = {june},
	title = {Statistical mechanical analysis of compressed sensing utilizing correlated compression matrix},
	year = {2010}}

@article{TanakaCDMA,
	author = {T.~Tanaka},
	journal = {IEEE Trans. on Inform.~Theory},
	pages = {2888--2910},
	title = {{A Statistical-Mechanics Approach to Large-System Analysis of CDMA Multiuser Detectors}},
	volume = 48,
	year = {2002}}

@inproceedings{guo2009single,
	author = {Guo, D. and Baron, D. and Shamai, S.},
	booktitle = {Communication, Control, and Computing, 2009. Allerton 2009. 47th Annual Allerton Conference on},
	organization = {IEEE},
	pages = {52--59},
	title = {A single-letter characterization of optimal noisy compressed sensing},
	year = {2009}}

@article{guo2008multiuser,
	author = {Guo, D. and Wang, C.C.},
	journal = {Selected Areas in Communications, IEEE Journal on},
	number = {3},
	pages = {421--431},
	publisher = {IEEE},
	title = {Multiuser detection of sparsely spread CDMA},
	volume = {26},
	year = {2008}}

@article{GuoVerdu,
	author = {D.~Guo and S.~Verdu},
	journal = {IEEE Trans. on Inform. Theory},
	pages = {1982-2010},
	title = {{Randomly Spread CDMA: Asymptotics via Statistical Physics}},
	volume = {51},
	year = {2005}}

@article{glmnet,
	author = {Jerome Friedman and Trevor Hastie and Robert Tibshirani},
	journal = {Journal of Statistical Software},
	number = {1},
	pages = {1--22},
	title = {Regularization Paths for Generalized Linear Models via Coordinate Descent},
	url = {http://www.jstatsoft.org/v33/i01/},
	volume = {33},
	year = {2010},
	bdsk-url-1 = {http://www.jstatsoft.org/v33/i01/}}

@article{mei2018landscape,
  title={The landscape of empirical risk for nonconvex losses},
  author={Mei, Song and Bai, Yu and Montanari, Andrea},
  journal={The Annals of Statistics},
  volume={46},
  number={6A},
  pages={2747--2774},
  year={2018},
  publisher={JSTOR}
}

@article{soltanolkotabi2018theoretical,
  title={Theoretical insights into the optimization landscape of over-parameterized shallow neural networks},
  author={Soltanolkotabi, Mahdi and Javanmard, Adel and Lee, Jason D},
  journal={IEEE Transactions on Information Theory},
  volume={65},
  number={2},
  pages={742--769},
  year={2018},
  publisher={IEEE}
}

@article{sun2018geometric,
  title={A geometric analysis of phase retrieval},
  author={Sun, Ju and Qu, Qing and Wright, John},
  journal={Foundations of Computational Mathematics},
  volume={18},
  pages={1131--1198},
  year={2018},
  publisher={Springer}
}

@article{meinshausen2009lasso,
	author = {Meinshausen, N. and Yu, B.},
	journal = {The Annals of Statistics},
	number = {1},
	pages = {246--270},
	publisher = {Institute of Mathematical Statistics},
	title = {Lasso-type recovery of sparse representations for high-dimensional data},
	volume = {37},
	year = {2009}}

@article{zou2006adaptive,
	author = {Zou, H.},
	journal = {Journal of the American Statistical Association},
	number = {476},
	pages = {1418--1429},
	publisher = {Taylor \& Francis},
	title = {The adaptive lasso and its oracle properties},
	volume = {101},
	year = {2006}}

@article{candes2009near,
	author = {Cand{\`e}s, E.J. and Plan, Y.},
	journal = {The Annals of Statistics},
	number = {5A},
	pages = {2145--2177},
	publisher = {Institute of Mathematical Statistics},
	title = {Near-ideal model selection by $\ell_1$ minimization},
	volume = {37},
	year = {2009}}

@article{bayati2011dynamics,
	author = {Bayati, Mohsen and Montanari, Andrea},
	journal = {IEEE Transactions on Information Theory},
	number = {2},
	pages = {764--785},
	publisher = {IEEE},
	title = {The dynamics of message passing on dense graphs, with applications to compressed sensing},
	volume = {57},
	year = {2011}}

@inproceedings{weitz2006counting,
	author = {Weitz, Dror},
	booktitle = {Proceedings of the thirty-eighth annual ACM symposium on Theory of computing},
	organization = {ACM},
	pages = {140--149},
	title = {Counting independent sets up to the tree threshold},
	year = {2006}}

@inproceedings{bayati2010combinatorial,
	author = {Bayati, Mohsen and Gamarnik, David and Tetali, Prasad},
	booktitle = {Proceedings of the 42nd ACM symposium on Theory of computing},
	organization = {ACM},
	pages = {105--114},
	title = {Combinatorial approach to the interpolation method and scaling limits in sparse random graphs},
	year = {2010}}

@article{dembo2011factor,
	author = {Dembo, Amir and Montanari, Andrea and Sun, Nike},
	journal = {arXiv preprint arXiv:1110.4821},
	title = {Factor models on locally tree-like graphs},
	year = {2011}}

@article{lyons1995ergodic,
	author = {Lyons, Russell and Pemantle, Robin and Peres, Yuval},
	journal = {Ergodic Theory and Dynamical Systems},
	number = {3},
	pages = {593},
	publisher = {Cambridge Univ Press},
	title = {Ergodic theory on Galton-Watson trees: speed of random walk and dimension of harmonic measure},
	volume = {15},
	year = {1995}}

@book{thomas2013numerical,
	author = {Thomas, James William},
	publisher = {Springer Science \& Business Media},
	title = {Numerical partial differential equations: finite difference methods},
	volume = {22},
	year = {2013}}

@article{mondelli2018connection,
	author = {Mondelli, Marco and Montanari, Andrea},
	journal = {{\sf arXiv:1802.07301}},
	title = {On the Connection Between Learning Two-Layers Neural Networks and Tensor Decomposition},
	year = {2018}}

@book{friedli2017statistical,
	author = {Friedli, Sacha and Velenik, Yvan},
	publisher = {Cambridge University Press},
	title = {Statistical mechanics of lattice systems: a concrete mathematical introduction},
	year = {2017}}

@article{loureiro2021learning,
  title={Learning gaussian mixtures with generalized linear models: Precise asymptotics in high-dimensions},
  author={Loureiro, Bruno and Sicuro, Gabriele and Gerbelot, C{\'e}dric and Pacco, Alessandro and Krzakala, Florent and Zdeborov{\'a}, Lenka},
  journal={Advances in Neural Information Processing Systems},
  volume={34},
  pages={10144--10157},
  year={2021}
}

@inproceedings{HS-bayesian,
  title={Efficient Bayesian estimation from few samples: community detection and related problems},
  author={Hopkins, Samuel B and Steurer, David},
  booktitle={58th Annual Symposium on Foundations of Computer Science (FOCS)},
  pages={379--390},
  year={2017},
  organization={IEEE}
}

@inproceedings{MSS-tensor,
  title={Polynomial-time tensor decompositions with sum-of-squares},
  author={Ma, Tengyu and Shi, Jonathan and Steurer, David},
  booktitle={57th Annual Symposium on Foundations of Computer Science (FOCS)},
  pages={438--446},
  year={2016},
  organization={IEEE}
}

@book{adler2009random,
  title={Random fields and geometry},
  author={Adler, Robert J and Taylor, Jonathan E},
  year={2009},
  publisher={Springer Science \& Business Media}
}

@article{krauthgamer2015sdp,
  title={Do semidefinite relaxations solve sparse {PCA} up to the information limit?},
  author={Krauthgamer, Robert and Nadler, Boaz and Vilenchik, Dan},
  journal={The Annals of Statistics},
  volume={43},
  number={3},
  pages={1300--1322},
  year={2015},
  publisher={Institute of Mathematical Statistics}
}

@article{W-tensor,
  title={Average-Case Complexity of Tensor Decomposition for Low-Degree Polynomials},
  author={Wein, Alexander S},
  journal={arXiv preprint arXiv:2211.05274},
  year={2022}
}

@inproceedings{BR-reduction,
  title={Complexity theoretic lower bounds for sparse principal component detection},
  author={Berthet, Quentin and Rigollet, Philippe},
  booktitle={Conference on learning theory},
  pages={1046--1066},
  year={2013},
  organization={PMLR}
}

@article{gamarnik2021overlap,
  title={The overlap gap property in principal submatrix recovery},
  author={Gamarnik, David and Jagannath, Aukosh and Sen, Subhabrata},
  journal={Probability Theory and Related Fields},
  volume={181},
  number={4},
  pages={757--814},
  year={2021},
  publisher={Springer}
}

@phdthesis{hopkins-thesis,
	Author = {Hopkins, Samuel},
	School = {Cornell University},
	Title = {Statistical Inference and the Sum of Squares Method},
	Year = {2018}
}

@inproceedings{ld-notes,
  title={Notes on computational hardness of hypothesis testing: Predictions using the low-degree likelihood ratio},
  author={Kunisky, Dmitriy and Wein, Alexander S and Bandeira, Afonso S},
  booktitle={ISAAC Congress (International Society for Analysis, its Applications and Computation)},
  pages={1--50},
  year={2022},
  organization={Springer}
}

@article{ding2019subexponential,
  title={Subexponential-time algorithms for sparse {PCA}},
  author={Ding, Yunzi and Kunisky, Dmitriy and Wein, Alexander S and Bandeira, Afonso S},
  journal={arXiv preprint arXiv:1907.11635},
  year={2019}
}


@article{tan2024multinomial,
  title={Multinomial logistic regression: Asymptotic normality on null covariates in high-dimensions},
  author={Tan, Kai and Bellec, Pierre C},
  journal={Advances in Neural Information Processing Systems},
  volume={36},
  year={2024}
}

@article{speicher2019non,
  title={Non-Commutative Distributions},
  author={Speicher, Roland},
  year={2019}
}