@article{BayatiMontanariLASSO,
	author = {Mohsen~Bayati and Andrea~Montanari},
	journal = {IEEE Trans. on Inform. Theory},
	pages = {1997--2017},
	title = {{The LASSO risk for gaussian matrices}},
	volume = {58},
	year = {2012}}

@book{adler2009random,
  title={Random fields and geometry},
  author={Adler, Robert J and Taylor, Jonathan E},
  year={2009},
  publisher={Springer Science \& Business Media}
}

@article{arous2019landscape,
  title={The landscape of the spiked tensor model},
  author={Arous, Gerard Ben and Mei, Song and Montanari, Andrea and Nica, Mihai},
  journal={Communications on Pure and Applied Mathematics},
  volume={72},
  number={11},
  pages={2282--2330},
  year={2019},
  publisher={Wiley Online Library}
}

@article{auffinger2013random,
	author = {{Auffinger, Antonio and {Ben Arous}, G{\'e}rard and {C}ern{\`y}, Ji{r}{\'\i}}},
	date-added = {2022-07-06 15:27:58 -0400},
	date-modified = {2022-07-06 15:27:58 -0400},
	journal = {Communications on Pure and Applied Mathematics},
	number = {2},
	pages = {165--201},
	publisher = {Wiley Online Library},
	title = {Random matrices and complexity of spin glasses},
	volume = {66},
	year = {2013}}

@article{bray1980metastable,
  author = {Alan J. Bray and Michael A Moore},
  title={Metastable states in spin glasses},
  journal={Journal of Physics C: Solid State Physics},
  volume={13},
  number={19},
  pages={L469},
  year={1980},
  publisher={IOP Publishing}
}

@article{ccakmak2024convergence,
  title={A convergence analysis of approximate message passing with non-separable functions and applications to multi-class classification},
  author={{\c{C}}akmak, Burak and Lu, Yue M and Opper, Manfred},
  journal={arXiv preprint arXiv:2402.08676},
  year={2024}
}

@article{celentano2023local,
  title={Local convexity of the tap free energy and amp convergence for ${\mathbb Z}_2$-synchronization},
  author={Celentano, Michael and Fan, Zhou and Mei, Song},
  journal={The Annals of Statistics},
  volume={51},
  number={2},
  pages={519--546},
  year={2023},
  publisher={Institute of Mathematical Statistics}
}

@article{donoho2016high,
  title={High dimensional robust m-estimation: Asymptotic variance via approximate message passing},
  author={Donoho, David and Montanari, Andrea},
  journal={Probability Theory and Related Fields},
  volume={166},
  pages={935--969},
  year={2016},
  publisher={Springer}
}

@article{fan2021tap,
  title={TAP free energy, spin glasses and variational inference},
  author={Fan, Zhou and Mei, Song and Montanari, Andrea},
  journal={The Annals of Probability},
  volume={49},
  number={1},
  year={2021}
}

@article{fyodorov2004complexity,
  title={Complexity of Random Energy Landscapes, Glass Transition, and Absolute Value of the Spectral Determinant of Random Matrices},
  author={Fyodorov, Yan V},
  journal={Physical review letters},
  volume={92},
  number={24},
  pages={240601},
  year={2004},
  publisher={APS}
}

@article{loureiro2021learning,
  title={Learning gaussian mixtures with generalized linear models: Precise asymptotics in high-dimensions},
  author={Loureiro, Bruno and Sicuro, Gabriele and Gerbelot, C{\'e}dric and Pacco, Alessandro and Krzakala, Florent and Zdeborov{\'a}, Lenka},
  journal={Advances in Neural Information Processing Systems},
  volume={34},
  pages={10144--10157},
  year={2021}
}

@inproceedings{maillard2020landscape,
  title={Landscape complexity for the empirical risk of generalized linear models},
  author={Maillard, Antoine and Arous, G{\'e}rard Ben and Biroli, Giulio},
  booktitle={Mathematical and Scientific Machine Learning},
  pages={287--327},
  year={2020},
  organization={PMLR}
}

@article{mei2018landscape,
  title={The landscape of empirical risk for nonconvex losses},
  author={Mei, Song and Bai, Yu and Montanari, Andrea},
  journal={The Annals of Statistics},
  volume={46},
  number={6A},
  pages={2747--2774},
  year={2018},
  publisher={JSTOR}
}

@incollection{ros2023high,
  title={The high-dimensional landscape paradigm: Spin-glasses, and beyond},
  author={Ros, Valentina and Fyodorov, Yan V},
  booktitle={Spin Glass Theory and Far Beyond: Replica Symmetry Breaking After 40 Years},
  pages={95--114},
  year={2023},
  publisher={World Scientific}
}

@article{soltanolkotabi2018theoretical,
  title={Theoretical insights into the optimization landscape of over-parameterized shallow neural networks},
  author={Soltanolkotabi, Mahdi and Javanmard, Adel and Lee, Jason D},
  journal={IEEE Transactions on Information Theory},
  volume={65},
  number={2},
  pages={742--769},
  year={2018},
  publisher={IEEE}
}

@article{subag2017complexity,
  title={The complexity of spherical p-spin modelsâ€”a second moment approach},
  author={Subag, Eliran},
  journal={The Annals of Probability},
  pages={3385--3450},
  year={2017},
  publisher={JSTOR}
}

@article{sun2018geometric,
  title={A geometric analysis of phase retrieval},
  author={Sun, Ju and Qu, Qing and Wright, John},
  journal={Foundations of Computational Mathematics},
  volume={18},
  pages={1131--1198},
  year={2018},
  publisher={Springer}
}

@article{sur2019modern,
  title={A modern maximum-likelihood theory for high-dimensional logistic regression},
  author={Sur, Pragya and Cand{\`e}s, Emmanuel J},
  journal={Proceedings of the National Academy of Sciences},
  volume={116},
  number={29},
  pages={14516--14525},
  year={2019},
  publisher={National Acad Sciences}
}

