@article{aghazadeh2021epistatic,
  title={Epistatic Net allows the sparse spectral regularization of deep neural networks for inferring fitness functions},
  author={Aghazadeh, Amirali and Nisonoff, Hunter and Ocal, Orhan and Brookes, David H and Huang, Yijie and Koyluoglu, O Ozan and Listgarten, Jennifer and Ramchandran, Kannan},
  journal={Nature communications},
  volume={12},
  number={1},
  pages={5225},
  year={2021},
  publisher={Nature Publishing Group UK London}
}

@article{chen2022environmental,
  title={Environmental selection and epistasis in an empirical phenotype--environment--fitness landscape},
  author={Chen, JZ and Fowler, DM and Tokuriki, N},
  journal={Nature Ecology \& Evolution},
  volume={6},
  number={4},
  pages={427--438},
  year={2022},
  publisher={Nature Publishing Group UK London}
}

@inproceedings{federicilatent,
  title={Latent Representation and Simulation of Markov Processes via Time-Lagged Information Bottleneck},
  author={Federici, Marco and Forr{\'e}, Patrick and Tomioka, Ryota and Veeling, Bastiaan S},
  booktitle={The Twelfth International Conference on Learning Representations},
  year={2024}
}

@article{han2023synergistic,
  title={A synergistic future for AI and ecology},
  author={Han, Barbara A and Varshney, Kush R and LaDeau, Shannon and Subramaniam, Ajit and Weathers, Kathleen C and Zwart, Jacob},
  journal={Proceedings of the National Academy of Sciences},
  volume={120},
  number={38},
  pages={e2220283120},
  year={2023},
  publisher={National Acad Sciences}
}

@inproceedings{ijcai2024p642,
  title     = {MMGNN: A Molecular Merged Graph Neural Network for Explainable Solvation Free Energy Prediction},
  author    = {Du, Wenjie and Zhang, Shuai and Wu, Di and Xia, Jun and Zhao, Ziyuan and Fang, Junfeng and Wang, Yang},
  booktitle = {Proceedings of the Thirty-Third International Joint Conference on
               Artificial Intelligence},
  pages     = {5808--5816},
  year      = {2024},
}

@article{kostic2022learning,
  title={Learning dynamical systems via Koopman operator regression in reproducing kernel Hilbert spaces},
  author={Kostic, Vladimir and Novelli, Pietro and Maurer, Andreas and Ciliberto, Carlo and Rosasco, Lorenzo and Pontil, Massimiliano},
  journal={Advances in Neural Information Processing Systems},
  volume={35},
  pages={4017--4031},
  year={2022}
}

@inproceedings{kostic2024learning,
  title={Learning invariant representations of time-homogeneous stochastic dynamical systems},
  author={Kostic, Vladimir R and Novelli, Pietro and Grazzi, Riccardo and Lounici, Karim and Pontil, Massimiliano},
  booktitle={The Twelfth International Conference on Learning Representations},
  year={2024}
}

@article{kostic2024sharp,
  title={Sharp spectral rates for Koopman operator learning},
  author={Kostic, Vladimir and Lounici, Karim and Novelli, Pietro and Pontil, Massimiliano},
  journal={Advances in Neural Information Processing Systems},
  volume={36},
  year={2024}
}

@inproceedings{li2023learning,
  title={Learning slow and fast system dynamics via automatic separation of time scales},
  author={Li, Ruikun and Wang, Huandong and Li, Yong},
  booktitle={Proceedings of the 29th ACM SIGKDD Conference on Knowledge Discovery and Data Mining},
  pages={4380--4390},
  year={2023}
}

@article{rupp2012fast,
  title={Fast and accurate modeling of molecular atomization energies with machine learning},
  author={Rupp, Matthias and Tkatchenko, Alexandre and M{\"u}ller, Klaus-Robert and Von Lilienfeld, O Anatole},
  journal={Physical review letters},
  volume={108},
  number={5},
  pages={058301},
  year={2012},
  publisher={APS}
}

@article{sarkisyan2016local,
  title={Local fitness landscape of the green fluorescent protein},
  author={Sarkisyan, Karen S and Bolotin, Dmitry A and Meer, Margarita V and Usmanova, Dinara R and Mishin, Alexander S and Sharonov, George V and Ivankov, Dmitry N and Bozhanova, Nina G and Baranov, Mikhail S and Soylemez, Onuralp and others},
  journal={Nature},
  volume={533},
  number={7603},
  pages={397--401},
  year={2016},
  publisher={Nature Publishing Group UK London}
}

@inproceedings{seifner2023neural,
  title={Neural Markov jump processes},
  author={Seifner, Patrick and S{\'a}nchez, Rams{\'e}s J},
  booktitle={International Conference on Machine Learning},
  pages={30523--30552},
  year={2023},
  organization={PMLR}
}

@article{skwara2023statistically,
  title={Statistically learning the functional landscape of microbial communities},
  author={Skwara, Abigail and Gowda, Karna and Yousef, Mahmoud and Diaz-Colunga, Juan and Raman, Arjun S and Sanchez, Alvaro and Tikhonov, Mikhail and Kuehn, Seppe},
  journal={Nature ecology \& evolution},
  volume={7},
  number={11},
  pages={1823--1833},
  year={2023},
  publisher={Nature Publishing Group UK London}
}

@article{starr2018pervasive,
  title={Pervasive contingency and entrenchment in a billion years of Hsp90 evolution},
  author={Starr, Tyler N and Flynn, Julia M and Mishra, Parul and Bolon, Daniel NA and Thornton, Joseph W},
  journal={Proceedings of the National Academy of Sciences},
  volume={115},
  number={17},
  pages={4453--4458},
  year={2018},
  publisher={National Acad Sciences}
}

@article{tonner2022interpretable,
  title={Interpretable modeling of genotype--phenotype landscapes with state-of-the-art predictive power},
  author={Tonner, Peter D and Pressman, Abe and Ross, David},
  journal={Proceedings of the National Academy of Sciences},
  volume={119},
  number={26},
  pages={e2114021119},
  year={2022},
  publisher={National Acad Sciences}
}

@article{vlachas2022multiscale,
  title={Multiscale simulations of complex systems by learning their effective dynamics},
  author={Vlachas, Pantelis R and Arampatzis, Georgios and Uhler, Caroline and Koumoutsakos, Petros},
  journal={Nature Machine Intelligence},
  volume={4},
  number={4},
  pages={359--366},
  year={2022},
  publisher={Nature Publishing Group UK London}
}

@article{wang2024high,
  title={High-throughput fitness experiments reveal specific vulnerabilities of human-adapted Salmonella during stress and infection},
  author={Wang, Benjamin X and Leshchiner, Dmitry and Luo, Lijuan and Tuncel, Miles and Hokamp, Karsten and Hinton, Jay CD and Monack, Denise M},
  journal={Nature Genetics},
  pages={1--12},
  year={2024},
  publisher={Nature Publishing Group US New York}
}

@article{wu2018deep,
  title={Deep generative markov state models},
  author={Wu, Hao and Mardt, Andreas and Pasquali, Luca and Noe, Frank},
  journal={Advances in Neural Information Processing Systems},
  volume={31},
  year={2018}
}

@article{zhang2018deep,
  title={Deep potential molecular dynamics: a scalable model with the accuracy of quantum mechanics},
  author={Zhang, Linfeng and Han, Jiequn and Wang, Han and Car, Roberto and E, Weinan},
  journal={Physical review letters},
  volume={120},
  number={14},
  pages={143001},
  year={2018},
  publisher={APS}
}

@article{zhang2022rotational,
  title={Rotational dynamics and transition mechanisms of surface-adsorbed proteins},
  author={Zhang, Shuai and Sadre, Robbie and Legg, Benjamin A and Pyles, Harley and Perciano, Talita and Bethel, E Wes and Baker, David and R{\"u}bel, Oliver and De Yoreo, James J},
  journal={Proceedings of the National Academy of Sciences},
  volume={119},
  number={16},
  pages={e2020242119},
  year={2022},
  publisher={National Acad Sciences}
}

