@article{vlachas2022multiscale,
  title={Multiscale simulations of complex systems by learning their effective dynamics},
  author={Vlachas, Pantelis R and Arampatzis, Georgios and Uhler, Caroline and Koumoutsakos, Petros},
  journal={Nature Machine Intelligence},
  volume={4},
  number={4},
  pages={359--366},
  year={2022},
  publisher={Nature Publishing Group UK London}
}

@inproceedings{seifner2023neural,
  title={Neural Markov jump processes},
  author={Seifner, Patrick and S{\'a}nchez, Rams{\'e}s J},
  booktitle={International Conference on Machine Learning},
  pages={30523--30552},
  year={2023},
  organization={PMLR}
}

@article{mardt2018vampnets,
  title={VAMPnets for deep learning of molecular kinetics},
  author={Mardt, Andreas and Pasquali, Luca and Wu, Hao and No{\'e}, Frank},
  journal={Nature communications},
  volume={9},
  number={1},
  pages={5},
  year={2018},
  publisher={Nature Publishing Group UK London}
}

@inproceedings{federicilatent,
  title={Latent Representation and Simulation of Markov Processes via Time-Lagged Information Bottleneck},
  author={Federici, Marco and Forr{\'e}, Patrick and Tomioka, Ryota and Veeling, Bastiaan S},
  booktitle={The Twelfth International Conference on Learning Representations},
  year={2024}
}

@inproceedings{kostic2024learning,
  title={Learning invariant representations of time-homogeneous stochastic dynamical systems},
  author={Kostic, Vladimir R and Novelli, Pietro and Grazzi, Riccardo and Lounici, Karim and Pontil, Massimiliano},
  booktitle={The Twelfth International Conference on Learning Representations},
  year={2024}
}

@inproceedings{li2023learning,
  title={Learning slow and fast system dynamics via automatic separation of time scales},
  author={Li, Ruikun and Wang, Huandong and Li, Yong},
  booktitle={Proceedings of the 29th ACM SIGKDD Conference on Knowledge Discovery and Data Mining},
  pages={4380--4390},
  year={2023}
}

@article{papkou2023rugged,
  title={A rugged yet easily navigable fitness landscape},
  author={Papkou, Andrei and Garcia-Pastor, Lucia and Escudero, Jos{\'e} Antonio and Wagner, Andreas},
  journal={Science},
  volume={382},
  number={6673},
  pages={eadh3860},
  year={2023},
  publisher={American Association for the Advancement of Science}
}

@article{poelwijk2007empirical,
  title={Empirical fitness landscapes reveal accessible evolutionary paths},
  author={Poelwijk, Frank J and Kiviet, Daniel J and Weinreich, Daniel M and Tans, Sander J},
  journal={Nature},
  volume={445},
  number={7126},
  pages={383--386},
  year={2007},
  publisher={Nature Publishing Group UK London}
}

@article{norn2021protein,
  title={Protein sequence design by conformational landscape optimization},
  author={Norn, Christoffer and Wicky, Basile IM and Juergens, David and Liu, Sirui and Kim, David and Tischer, Doug and Koepnick, Brian and Anishchenko, Ivan and Foldit Players and Baker, David and others},
  journal={Proceedings of the National Academy of Sciences},
  volume={118},
  number={11},
  pages={e2017228118},
  year={2021},
  publisher={National Acad Sciences}
}

@article{kryazhimskiy2014global,
  title={Global epistasis makes adaptation predictable despite sequence-level stochasticity},
  author={Kryazhimskiy, Sergey and Rice, Daniel P and Jerison, Elizabeth R and Desai, Michael M},
  journal={Science},
  volume={344},
  number={6191},
  pages={1519--1522},
  year={2014},
  publisher={American Association for the Advancement of Science}
}

@article{lin2024learning,
  title={Learning noise-induced transitions by multi-scaling reservoir computing},
  author={Lin, Zequn and Lu, Zhaofan and Di, Zengru and Tang, Ying},
  journal={Nature Communications},
  volume={15},
  number={1},
  pages={6584},
  year={2024},
  publisher={Nature Publishing Group UK London}
}

@article{hwang2016understanding,
  title={Understanding soft glassy materials using an energy landscape approach},
  author={Hwang, Hyun Joo and Riggleman, Robert A and Crocker, John C},
  journal={Nature materials},
  volume={15},
  number={9},
  pages={1031--1036},
  year={2016},
  publisher={Nature Publishing Group UK London}
}

@article{blount2018contingency,
  title={Contingency and determinism in evolution: Replaying lifeâ€™s tape},
  author={Blount, Zachary D and Lenski, Richard E and Losos, Jonathan B},
  journal={Science},
  volume={362},
  number={6415},
  pages={eaam5979},
  year={2018},
  publisher={American Association for the Advancement of Science}
}

@article{couce2024changing,
  title={Changing fitness effects of mutations through long-term bacterial evolution},
  author={Couce, Alejandro and Limdi, Anurag and Magnan, Melanie and Owen, Si{\^a}n V and Herren, Cristina M and Lenski, Richard E and Tenaillon, Olivier and Baym, Michael},
  journal={Science},
  volume={383},
  number={6681},
  pages={eadd1417},
  year={2024},
  publisher={American Association for the Advancement of Science}
}

@article{noe2019boltzmann,
  title={Boltzmann generators: Sampling equilibrium states of many-body systems with deep learning},
  author={No{\'e}, Frank and Olsson, Simon and K{\"o}hler, Jonas and Wu, Hao},
  journal={Science},
  volume={365},
  number={6457},
  pages={eaaw1147},
  year={2019},
  publisher={American Association for the Advancement of Science}
}

@article{packer2015methods,
  title={Methods for the directed evolution of proteins},
  author={Packer, Michael S and Liu, David R},
  journal={Nature Reviews Genetics},
  volume={16},
  number={7},
  pages={379--394},
  year={2015},
  publisher={Nature Publishing Group UK London}
}

@article{sarkisyan2016local,
  title={Local fitness landscape of the green fluorescent protein},
  author={Sarkisyan, Karen S and Bolotin, Dmitry A and Meer, Margarita V and Usmanova, Dinara R and Mishin, Alexander S and Sharonov, George V and Ivankov, Dmitry N and Bozhanova, Nina G and Baranov, Mikhail S and Soylemez, Onuralp and others},
  journal={Nature},
  volume={533},
  number={7603},
  pages={397--401},
  year={2016},
  publisher={Nature Publishing Group UK London}
}

@book{oksendal2003stochastic,
  title={Stochastic differential equations},
  author={{\O}ksendal, Bernt},
  year={2003},
  publisher={Springer}
}

@inproceedings{sato2014approximation,
  title={Approximation analysis of stochastic gradient Langevin dynamics by using Fokker-Planck equation and Ito process},
  author={Sato, Issei and Nakagawa, Hiroshi},
  booktitle={International Conference on Machine Learning},
  pages={982--990},
  year={2014},
  organization={PMLR}
}

@article{yin2020construction,
  title={Construction of a pathway map on a complicated energy landscape},
  author={Yin, Jianyuan and Wang, Yiwei and Chen, Jeff ZY and Zhang, Pingwen and Zhang, Lei},
  journal={Physical review letters},
  volume={124},
  number={9},
  pages={090601},
  year={2020},
  publisher={APS}
}

@inproceedings{kong2020sde,
  title={SDE-Net: Equipping Deep Neural Networks with Uncertainty Estimates},
  author={Kong, Lingkai and Sun, Jimeng and Zhang, Chao},
  booktitle={International Conference on Machine Learning},
  pages={5405--5415},
  year={2020},
  organization={PMLR}
}

@article{arts2023two,
  title={Two for one: Diffusion models and force fields for coarse-grained molecular dynamics},
  author={Arts, Marloes and Garcia Satorras, Victor and Huang, Chin-Wei and Zugner, Daniel and Federici, Marco and Clementi, Cecilia and No{\'e}, Frank and Pinsler, Robert and van den Berg, Rianne},
  journal={Journal of Chemical Theory and Computation},
  volume={19},
  number={18},
  pages={6151--6159},
  year={2023},
  publisher={ACS Publications}
}

@article{majewski2023machine,
  title={Machine learning coarse-grained potentials of protein thermodynamics},
  author={Majewski, Maciej and P{\'e}rez, Adri{\`a} and Th{\"o}lke, Philipp and Doerr, Stefan and Charron, Nicholas E and Giorgino, Toni and Husic, Brooke E and Clementi, Cecilia and No{\'e}, Frank and De Fabritiis, Gianni},
  journal={Nature communications},
  volume={14},
  number={1},
  pages={5739},
  year={2023},
  publisher={Nature Publishing Group UK London}
}

@article{greenbury2022structure,
  title={The structure of genotype-phenotype maps makes fitness landscapes navigable},
  author={Greenbury, Sam F and Louis, Ard A and Ahnert, Sebastian E},
  journal={Nature Ecology \& Evolution},
  volume={6},
  number={11},
  pages={1742--1752},
  year={2022},
  publisher={Nature Publishing Group UK London}
}

@article{kryazhimskiy2009dynamics,
  title={The dynamics of adaptation on correlated fitness landscapes},
  author={Kryazhimskiy, Sergey and Tka{\v{c}}ik, Ga{\v{s}}per and Plotkin, Joshua B},
  journal={Proceedings of the National Academy of Sciences},
  volume={106},
  number={44},
  pages={18638--18643},
  year={2009},
  publisher={National Acad Sciences}
}

@article{bank2016predictability,
  title={On the (un) predictability of a large intragenic fitness landscape},
  author={Bank, Claudia and Matuszewski, Sebastian and Hietpas, Ryan T and Jensen, Jeffrey D},
  journal={Proceedings of the National Academy of Sciences},
  volume={113},
  number={49},
  pages={14085--14090},
  year={2016},
  publisher={National Acad Sciences}
}

@article{wang2024high,
  title={High-throughput fitness experiments reveal specific vulnerabilities of human-adapted Salmonella during stress and infection},
  author={Wang, Benjamin X and Leshchiner, Dmitry and Luo, Lijuan and Tuncel, Miles and Hokamp, Karsten and Hinton, Jay CD and Monack, Denise M},
  journal={Nature Genetics},
  pages={1--12},
  year={2024},
  publisher={Nature Publishing Group US New York}
}

@article{sella2005application,
  title={The application of statistical physics to evolutionary biology},
  author={Sella, Guy and Hirsh, Aaron E},
  journal={Proceedings of the National Academy of Sciences},
  volume={102},
  number={27},
  pages={9541--9546},
  year={2005},
  publisher={National Acad Sciences}
}

@article{vanchurin2022thermodynamics,
  title={Thermodynamics of evolution and the origin of life},
  author={Vanchurin, Vitaly and Wolf, Yuri I and Koonin, Eugene V and Katsnelson, Mikhail I},
  journal={Proceedings of the National Academy of Sciences},
  volume={119},
  number={6},
  pages={e2120042119},
  year={2022},
  publisher={National Acad Sciences}
}

@misc{risken1996fokker,
  title={The Fokker-Planck Equation},
  author={Risken, H},
  year={1996},
  publisher={Springer}
}

@inproceedings{li2024predicting,
  title={Predicting Long-term Dynamics of Complex Networks via Identifying Skeleton in Hyperbolic Space},
  author={Li, Ruikun and Wang, Huandong and Piao, Jinghua and Liao, Qingmin and Li, Yong},
  booktitle={Proceedings of the 30th ACM SIGKDD Conference on Knowledge Discovery and Data Mining},
  pages={1655--1666},
  year={2024}
}

@article{thibeault2024low,
  title={The low-rank hypothesis of complex systems},
  author={Thibeault, Vincent and Allard, Antoine and Desrosiers, Patrick},
  journal={Nature Physics},
  volume={20},
  number={2},
  pages={294--302},
  year={2024},
  publisher={Nature Publishing Group UK London}
}

@article{wang2024multi,
  title={Multi-scale simulation of complex systems: a perspective of integrating knowledge and data},
  author={Wang, Huandong and Yan, Huan and Rong, Can and Yuan, Yuan and Jiang, Fenyu and Han, Zhenyu and Sui, Hongjie and Jin, Depeng and Li, Yong},
  journal={ACM Computing Surveys},
  volume={56},
  number={12},
  pages={1--38},
  year={2024},
  publisher={ACM New York, NY}
}



@article{van2017neural,
  title={Neural discrete representation learning},
  author={Van Den Oord, Aaron and Vinyals, Oriol and others},
  journal={Advances in neural information processing systems},
  volume={30},
  year={2017}
}

@article{razavi2019generating,
  title={Generating diverse high-fidelity images with vq-vae-2},
  author={Razavi, Ali and Van den Oord, Aaron and Vinyals, Oriol},
  journal={Advances in neural information processing systems},
  volume={32},
  year={2019}
}

@inproceedings{chamberlain2021grand,
  title={Grand: Graph neural diffusion},
  author={Chamberlain, Ben and Rowbottom, James and Gorinova, Maria I and Bronstein, Michael and Webb, Stefan and Rossi, Emanuele},
  booktitle={International conference on machine learning},
  pages={1407--1418},
  year={2021},
  organization={PMLR}
}

@article{chow2012fokker,
  title={Fokker--Planck equations for a free energy functional or Markov process on a graph},
  author={Chow, Shui-Nee and Huang, Wen and Li, Yao and Zhou, Haomin},
  journal={Archive for Rational Mechanics and Analysis},
  volume={203},
  pages={969--1008},
  year={2012},
  publisher={Springer}
}

@article{kamyshanska2014potential,
  title={The potential energy of an autoencoder},
  author={Kamyshanska, Hanna and Memisevic, Roland},
  journal={IEEE transactions on pattern analysis and machine intelligence},
  volume={37},
  number={6},
  pages={1261--1273},
  year={2014},
  publisher={IEEE}
}

@article{lindorff2011fast,
  title={How fast-folding proteins fold},
  author={Lindorff-Larsen, Kresten and Piana, Stefano and Dror, Ron O and Shaw, David E},
  journal={Science},
  volume={334},
  number={6055},
  pages={517--520},
  year={2011},
  publisher={American Association for the Advancement of Science}
}

@article{chen2022environmental,
  title={Environmental selection and epistasis in an empirical phenotype--environment--fitness landscape},
  author={Chen, JZ and Fowler, DM and Tokuriki, N},
  journal={Nature Ecology \& Evolution},
  volume={6},
  number={4},
  pages={427--438},
  year={2022},
  publisher={Nature Publishing Group UK London}
}

@article{starr2018pervasive,
  title={Pervasive contingency and entrenchment in a billion years of Hsp90 evolution},
  author={Starr, Tyler N and Flynn, Julia M and Mishra, Parul and Bolon, Daniel NA and Thornton, Joseph W},
  journal={Proceedings of the National Academy of Sciences},
  volume={115},
  number={17},
  pages={4453--4458},
  year={2018},
  publisher={National Acad Sciences}
}

@article{faure2022mapping,
  title={Mapping the energetic and allosteric landscapes of protein binding domains},
  author={Faure, Andre J and Domingo, J{\'u}lia and Schmiedel, J{\"o}rn M and Hidalgo-Carcedo, Cristina and Diss, Guillaume and Lehner, Ben},
  journal={Nature},
  volume={604},
  number={7904},
  pages={175--183},
  year={2022},
  publisher={Nature Publishing Group UK London}
}

@article{han2023synergistic,
  title={A synergistic future for AI and ecology},
  author={Han, Barbara A and Varshney, Kush R and LaDeau, Shannon and Subramaniam, Ajit and Weathers, Kathleen C and Zwart, Jacob},
  journal={Proceedings of the National Academy of Sciences},
  volume={120},
  number={38},
  pages={e2220283120},
  year={2023},
  publisher={National Acad Sciences}
}

@article{zhang2018deep,
  title={Deep potential molecular dynamics: a scalable model with the accuracy of quantum mechanics},
  author={Zhang, Linfeng and Han, Jiequn and Wang, Han and Car, Roberto and E, Weinan},
  journal={Physical review letters},
  volume={120},
  number={14},
  pages={143001},
  year={2018},
  publisher={APS}
}

@article{aghazadeh2021epistatic,
  title={Epistatic Net allows the sparse spectral regularization of deep neural networks for inferring fitness functions},
  author={Aghazadeh, Amirali and Nisonoff, Hunter and Ocal, Orhan and Brookes, David H and Huang, Yijie and Koyluoglu, O Ozan and Listgarten, Jennifer and Ramchandran, Kannan},
  journal={Nature communications},
  volume={12},
  number={1},
  pages={5225},
  year={2021},
  publisher={Nature Publishing Group UK London}
}

@article{tonner2022interpretable,
  title={Interpretable modeling of genotype--phenotype landscapes with state-of-the-art predictive power},
  author={Tonner, Peter D and Pressman, Abe and Ross, David},
  journal={Proceedings of the National Academy of Sciences},
  volume={119},
  number={26},
  pages={e2114021119},
  year={2022},
  publisher={National Acad Sciences}
}

@article{skwara2023statistically,
  title={Statistically learning the functional landscape of microbial communities},
  author={Skwara, Abigail and Gowda, Karna and Yousef, Mahmoud and Diaz-Colunga, Juan and Raman, Arjun S and Sanchez, Alvaro and Tikhonov, Mikhail and Kuehn, Seppe},
  journal={Nature ecology \& evolution},
  volume={7},
  number={11},
  pages={1823--1833},
  year={2023},
  publisher={Nature Publishing Group UK London}
}

@inproceedings{ijcai2024p642,
  title     = {MMGNN: A Molecular Merged Graph Neural Network for Explainable Solvation Free Energy Prediction},
  author    = {Du, Wenjie and Zhang, Shuai and Wu, Di and Xia, Jun and Zhao, Ziyuan and Fang, Junfeng and Wang, Yang},
  booktitle = {Proceedings of the Thirty-Third International Joint Conference on
               Artificial Intelligence},
  pages     = {5808--5816},
  year      = {2024},
}

@article{chmiela2017machine,
  title={Machine learning of accurate energy-conserving molecular force fields},
  author={Chmiela, Stefan and Tkatchenko, Alexandre and Sauceda, Huziel E and Poltavsky, Igor and Sch{\"u}tt, Kristof T and M{\"u}ller, Klaus-Robert},
  journal={Science advances},
  volume={3},
  number={5},
  pages={e1603015},
  year={2017},
  publisher={American Association for the Advancement of Science}
}

@article{thirumalaiswamy2022exploring,
  title={Exploring canyons in glassy energy landscapes using metadynamics},
  author={Thirumalaiswamy, Amruthesh and Riggleman, Robert A and Crocker, John C},
  journal={Proceedings of the National Academy of Sciences},
  volume={119},
  number={43},
  pages={e2210535119},
  year={2022},
  publisher={National Acad Sciences}
}

@inproceedings{chen2024social,
  title={Social physics informed diffusion model for crowd simulation},
  author={Chen, Hongyi and Ding, Jingtao and Li, Yong and Wang, Yue and Zhang, Xiao-Ping},
  booktitle={Proceedings of the AAAI Conference on Artificial Intelligence},
  volume={38},
  number={1},
  pages={474--482},
  year={2024}
}

@article{charbonneau2014fractal,
  title={Fractal free energy landscapes in structural glasses},
  author={Charbonneau, Patrick and Kurchan, Jorge and Parisi, Giorgio and Urbani, Pierfrancesco and Zamponi, Francesco},
  journal={Nature communications},
  volume={5},
  number={1},
  pages={3725},
  year={2014},
  publisher={Nature Publishing Group UK London}
}

@article{kostic2022learning,
  title={Learning dynamical systems via Koopman operator regression in reproducing kernel Hilbert spaces},
  author={Kostic, Vladimir and Novelli, Pietro and Maurer, Andreas and Ciliberto, Carlo and Rosasco, Lorenzo and Pontil, Massimiliano},
  journal={Advances in Neural Information Processing Systems},
  volume={35},
  pages={4017--4031},
  year={2022}
}

@article{kostic2024sharp,
  title={Sharp spectral rates for Koopman operator learning},
  author={Kostic, Vladimir and Lounici, Karim and Novelli, Pietro and Pontil, Massimiliano},
  journal={Advances in Neural Information Processing Systems},
  volume={36},
  year={2024}
}

@article{wu2018deep,
  title={Deep generative markov state models},
  author={Wu, Hao and Mardt, Andreas and Pasquali, Luca and Noe, Frank},
  journal={Advances in Neural Information Processing Systems},
  volume={31},
  year={2018}
}


@article{hoffmann2021deeptime,
  title={Deeptime: a Python library for machine learning dynamical models from time series data},
  author={Hoffmann, Moritz and Scherer, Martin and Hempel, Tim and Mardt, Andreas and de Silva, Brian and Husic, Brooke E and Klus, Stefan and Wu, Hao and Kutz, Nathan and Brunton, Steven L and others},
  journal={Machine Learning: Science and Technology},
  volume={3},
  number={1},
  pages={015009},
  year={2021},
  publisher={IOP Publishing}
}

@article{guan2024predicting,
  title={Predicting protein conformational motions using energetic frustration analysis and AlphaFold2},
  author={Guan, Xingyue and Tang, Qian-Yuan and Ren, Weitong and Chen, Mingchen and Wang, Wei and Wolynes, Peter G and Li, Wenfei},
  journal={Proceedings of the National Academy of Sciences},
  volume={121},
  number={35},
  pages={e2410662121},
  year={2024},
  publisher={National Academy of Sciences}
}

@article{zhang2022rotational,
  title={Rotational dynamics and transition mechanisms of surface-adsorbed proteins},
  author={Zhang, Shuai and Sadre, Robbie and Legg, Benjamin A and Pyles, Harley and Perciano, Talita and Bethel, E Wes and Baker, David and R{\"u}bel, Oliver and De Yoreo, James J},
  journal={Proceedings of the National Academy of Sciences},
  volume={119},
  number={16},
  pages={e2020242119},
  year={2022},
  publisher={National Acad Sciences}
}

@article{yuan2024urbandit,
  title={Urbandit: A foundation model for open-world urban spatio-temporal learning},
  author={Yuan, Yuan and Han, Chonghua and Ding, Jingtao and Jin, Depeng and Li, Yong},
  journal={arXiv preprint arXiv:2411.12164},
  year={2024}
}

@article{rupp2012fast,
  title={Fast and accurate modeling of molecular atomization energies with machine learning},
  author={Rupp, Matthias and Tkatchenko, Alexandre and M{\"u}ller, Klaus-Robert and Von Lilienfeld, O Anatole},
  journal={Physical review letters},
  volume={108},
  number={5},
  pages={058301},
  year={2012},
  publisher={APS}
}

@article{jumper2021highly,
  title={Highly accurate protein structure prediction with AlphaFold},
  author={Jumper, John and Evans, Richard and Pritzel, Alexander and Green, Tim and Figurnov, Michael and Ronneberger, Olaf and Tunyasuvunakool, Kathryn and Bates, Russ and {\v{Z}}{\'\i}dek, Augustin and Potapenko, Anna and others},
  journal={nature},
  volume={596},
  number={7873},
  pages={583--589},
  year={2021},
  publisher={Nature Publishing Group}
}

@inproceedings{yuan2024unist,
  title={Unist: A prompt-empowered universal model for urban spatio-temporal prediction},
  author={Yuan, Yuan and Ding, Jingtao and Feng, Jie and Jin, Depeng and Li, Yong},
  booktitle={Proceedings of the 30th ACM SIGKDD Conference on Knowledge Discovery and Data Mining},
  pages={4095--4106},
  year={2024}
}

@article{wang2023scientific,
  title={Scientific discovery in the age of artificial intelligence},
  author={Wang, Hanchen and Fu, Tianfan and Du, Yuanqi and Gao, Wenhao and Huang, Kexin and Liu, Ziming and Chandak, Payal and Liu, Shengchao and Van Katwyk, Peter and Deac, Andreea and others},
  journal={Nature},
  volume={620},
  number={7972},
  pages={47--60},
  year={2023},
  publisher={Nature Publishing Group UK London}
}

@article{noe2009constructing,
  title={Constructing the equilibrium ensemble of folding pathways from short off-equilibrium simulations},
  author={No{\'e}, Frank and Sch{\"u}tte, Christof and Vanden-Eijnden, Eric and Reich, Lothar and Weikl, Thomas R},
  journal={Proceedings of the National Academy of Sciences},
  volume={106},
  number={45},
  pages={19011--19016},
  year={2009},
  publisher={National Acad Sciences}
}

@article{weinstein2022non,
  title={Non-identifiability and the blessings of misspecification in models of molecular fitness},
  author={Weinstein, Eli and Amin, Alan and Frazer, Jonathan and Marks, Debora},
  journal={Advances in neural information processing systems},
  volume={35},
  pages={5484--5497},
  year={2022}
}

@article{chamberlain2021beltrami,
  title={Beltrami flow and neural diffusion on graphs},
  author={Chamberlain, Benjamin and Rowbottom, James and Eynard, Davide and Di Giovanni, Francesco and Dong, Xiaowen and Bronstein, Michael},
  journal={Advances in Neural Information Processing Systems},
  volume={34},
  pages={1594--1609},
  year={2021}
}

@article{wu2024predicting,
  title={Predicting multiple observations in complex systems through low-dimensional embeddings},
  author={Wu, Tao and Gao, Xiangyun and An, Feng and Sun, Xiaotian and An, Haizhong and Su, Zhen and Gupta, Shraddha and Gao, Jianxi and Kurths, J{\"u}rgen},
  journal={Nature Communications},
  volume={15},
  number={1},
  pages={2242},
  year={2024},
  publisher={Nature Publishing Group UK London}
}

@article{ding2024artificial,
  title={Artificial Intelligence for Complex Network: Potential, Methodology and Application},
  author={Ding, Jingtao and Liu, Chang and Zheng, Yu and Zhang, Yunke and Yu, Zihan and Li, Ruikun and Chen, Hongyi and Piao, Jinghua and Wang, Huandong and Liu, Jiazhen and others},
  journal={arXiv preprint arXiv:2402.16887},
  year={2024}
}