@inproceedings{LPNN,
  author       = {Amit Daniely and
                  Eran Malach},
  editor       = {Hugo Larochelle and
                  Marc'Aurelio Ranzato and
                  Raia Hadsell and
                  Maria{-}Florina Balcan and
                  Hsuan{-}Tien Lin},
  title        = {Learning Parities with Neural Networks},
  booktitle    = {Advances in Neural Information Processing Systems 33: Annual Conference
                  on Neural Information Processing Systems 2020, NeurIPS 2020, December
                  6-12, 2020, virtual},
  year         = {2020},
  url          = {https://proceedings.neurips.cc/paper/2020/hash/eaae5e04a259d09af85c108fe4d7dd0c-Abstract.html},
  timestamp    = {Tue, 19 Jan 2021 15:57:37 +0100},
  biburl       = {https://dblp.org/rec/conf/nips/DanielyM20.bib},
  bibsource    = {dblp computer science bibliography, https://dblp.org}
}

@article{SQlower,
  author       = {Yiwen Kou and
                  Zixiang Chen and
                  Quanquan Gu and
                  Sham M. Kakade},
  title        = {Matching the Statistical Query Lower Bound for k-sparse Parity Problems
                  with Stochastic Gradient Descent},
  journal      = {CoRR},
  volume       = {abs/2404.12376},
  year         = {2024},
  url          = {https://doi.org/10.48550/arXiv.2404.12376},
  doi          = {10.48550/ARXIV.2404.12376},
  eprinttype    = {arXiv},
  eprint       = {2404.12376},
  timestamp    = {Wed, 22 May 2024 08:50:15 +0200},
  biburl       = {https://dblp.org/rec/journals/corr/abs-2404-12376.bib},
  bibsource    = {dblp computer science bibliography, https://dblp.org}
}

@article{circuit,
  author       = {Yiding Hao and
                  Dana Angluin and
                  Robert Frank},
  title        = {Formal Language Recognition by Hard Attention Transformers: Perspectives
                  from Circuit Complexity},
  journal      = {Trans. Assoc. Comput. Linguistics},
  volume       = {10},
  pages        = {800--810},
  year         = {2022},
  url          = {https://doi.org/10.1162/tacl\_a\_00490},
  doi          = {10.1162/TACL\_A\_00490},
  timestamp    = {Sat, 06 Jul 2024 18:17:12 +0200},
  biburl       = {https://dblp.org/rec/journals/tacl/HaoAF22.bib},
  bibsource    = {dblp computer science bibliography, https://dblp.org}
}

@inproceedings{cot_express,
  author       = {William Merrill and
                  Ashish Sabharwal},
  title        = {The Expressive Power of Transformers with Chain of Thought},
  booktitle    = {The Twelfth International Conference on Learning Representations,
                  {ICLR} 2024, Vienna, Austria, May 7-11, 2024},
  publisher    = {OpenReview.net},
  year         = {2024},
  url          = {https://openreview.net/forum?id=NjNGlPh8Wh},
  timestamp    = {Wed, 07 Aug 2024 17:11:53 +0200},
  biburl       = {https://dblp.org/rec/conf/iclr/MerrillS24.bib},
  bibsource    = {dblp computer science bibliography, https://dblp.org}
}

@inproceedings{feature_learning_1,
  author       = {Zhenmei Shi and
                  Junyi Wei and
                  Yingyu Liang},
  editor       = {Alice Oh and
                  Tristan Naumann and
                  Amir Globerson and
                  Kate Saenko and
                  Moritz Hardt and
                  Sergey Levine},
  title        = {Provable Guarantees for Neural Networks via Gradient Feature Learning},
  booktitle    = {Advances in Neural Information Processing Systems 36: Annual Conference
                  on Neural Information Processing Systems 2023, NeurIPS 2023, New Orleans,
                  LA, USA, December 10 - 16, 2023},
  year         = {2023},
  url          = {http://papers.nips.cc/paper\_files/paper/2023/hash/aebec8058f23a445353c83ede0e1ec48-Abstract-Conference.html},
  timestamp    = {Fri, 01 Mar 2024 16:26:20 +0100},
  biburl       = {https://dblp.org/rec/conf/nips/ShiWL23.bib},
  bibsource    = {dblp computer science bibliography, https://dblp.org}
}

@inproceedings{feature_learning_2,
  author       = {Jimmy Ba and
                  Murat A. Erdogdu and
                  Taiji Suzuki and
                  Zhichao Wang and
                  Denny Wu and
                  Greg Yang},
  editor       = {Sanmi Koyejo and
                  S. Mohamed and
                  A. Agarwal and
                  Danielle Belgrave and
                  K. Cho and
                  A. Oh},
  title        = {High-dimensional Asymptotics of Feature Learning: How One Gradient
                  Step Improves the Representation},
  booktitle    = {Advances in Neural Information Processing Systems 35: Annual Conference
                  on Neural Information Processing Systems 2022, NeurIPS 2022, New Orleans,
                  LA, USA, November 28 - December 9, 2022},
  year         = {2022},
  url          = {http://papers.nips.cc/paper\_files/paper/2022/hash/f7e7fabd73b3df96c54a320862afcb78-Abstract-Conference.html},
  timestamp    = {Mon, 08 Jan 2024 16:31:27 +0100},
  biburl       = {https://dblp.org/rec/conf/nips/BaESWWY22.bib},
  bibsource    = {dblp computer science bibliography, https://dblp.org}
}

@inproceedings{log-precision_trans,
  author       = {William Merrill and
                  Ashish Sabharwal},
  editor       = {Alice Oh and
                  Tristan Naumann and
                  Amir Globerson and
                  Kate Saenko and
                  Moritz Hardt and
                  Sergey Levine},
  title        = {A Logic for Expressing Log-Precision Transformers},
  booktitle    = {Advances in Neural Information Processing Systems 36: Annual Conference
                  on Neural Information Processing Systems 2023, NeurIPS 2023, New Orleans,
                  LA, USA, December 10 - 16, 2023},
  year         = {2023},
  url          = {http://papers.nips.cc/paper\_files/paper/2023/hash/a48e5877c7bf86a513950ab23b360498-Abstract-Conference.html},
  timestamp    = {Fri, 01 Mar 2024 16:26:20 +0100},
  biburl       = {https://dblp.org/rec/conf/nips/MerrillS23.bib},
  bibsource    = {dblp computer science bibliography, https://dblp.org}
}

@article{power_hard_attn,
  author       = {Pascal Bergstr{\"{a}}{\ss}er and
                  Chris K{\"{o}}cher and
                  Anthony Widjaja Lin and
                  Georg Zetzsche},
  title        = {The Power of Hard Attention Transformers on Data Sequences: {A} Formal
                  Language Theoretic Perspective},
  journal      = {CoRR},
  volume       = {abs/2405.16166},
  year         = {2024},
  url          = {https://doi.org/10.48550/arXiv.2405.16166},
  doi          = {10.48550/ARXIV.2405.16166},
  eprinttype    = {arXiv},
  eprint       = {2405.16166},
  timestamp    = {Tue, 18 Jun 2024 16:10:22 +0200},
  biburl       = {https://dblp.org/rec/journals/corr/abs-2405-16166.bib},
  bibsource    = {dblp computer science bibliography, https://dblp.org}
}

@article{self_attention_limit,
  author       = {Michael Hahn},
  title        = {Theoretical Limitations of Self-Attention in Neural Sequence Models},
  journal      = {Trans. Assoc. Comput. Linguistics},
  volume       = {8},
  pages        = {156--171},
  year         = {2020},
  url          = {https://doi.org/10.1162/tacl\_a\_00306},
  doi          = {10.1162/TACL\_A\_00306},
  timestamp    = {Wed, 19 Jun 2024 17:28:03 +0200},
  biburl       = {https://dblp.org/rec/journals/tacl/Hahn20.bib},
  bibsource    = {dblp computer science bibliography, https://dblp.org}
}

@inproceedings{simplicity_bias,
  author       = {Satwik Bhattamishra and
                  Arkil Patel and
                  Varun Kanade and
                  Phil Blunsom},
  editor       = {Anna Rogers and
                  Jordan L. Boyd{-}Graber and
                  Naoaki Okazaki},
  title        = {Simplicity Bias in Transformers and their Ability to Learn Sparse
                  Boolean Functions},
  booktitle    = {Proceedings of the 61st Annual Meeting of the Association for Computational
                  Linguistics (Volume 1: Long Papers), {ACL} 2023, Toronto, Canada,
                  July 9-14, 2023},
  pages        = {5767--5791},
  publisher    = {Association for Computational Linguistics},
  year         = {2023},
  url          = {https://doi.org/10.18653/v1/2023.acl-long.317},
  doi          = {10.18653/V1/2023.ACL-LONG.317},
  timestamp    = {Thu, 10 Aug 2023 12:36:04 +0200},
  biburl       = {https://dblp.org/rec/conf/acl/BhattamishraPKB23.bib},
  bibsource    = {dblp computer science bibliography, https://dblp.org}
}

@inproceedings{single-location-attention,
  author       = {Pierre Marion and
                  Rapha{\"{e}}l Berthier and
                  G{\'{e}}rard Biau and
                  Claire Boyer},
  title        = {Attention layers provably solve single-location regression},
  year         = {2025},
  booktitle    = {The 13th International Conference on Learning Representations,
                  {ICLR} 2025},
  publisher    = {OpenReview.net},
  url          = {https://openreview.net/forum?id=DVlPp7Jd7P},
}

