@article{Polyak,
title = {Gradient methods for the minimisation of functionals},
journal = {USSR Computational Mathematics and Mathematical Physics},
volume = {3},
number = {4},
pages = {864-878},
year = {1963},
issn = {0041-5553},
doi = {https://doi.org/10.1016/0041-5553(63)90382-3},
author = {B.T. Polyak},
abstract = {Let tf(t) be a functional defined in the (real) Hubert space H. The problem consists in finding its minimum value tff∗ = inf tf(x) and some minimum point x∗ (if such exists).}
}

@ARTICLE{Parity_FFNN,
  author={Franco, L. and Cannas, S.A.},
  journal={IEEE Transactions on Neural Networks}, 
  title={Generalization properties of modular networks: implementing the parity function}, 
  year={2001},
  volume={12},
  number={6},
  pages={1306-1313},
  keywords={Neurons;Computer architecture;Computer networks;Biological neural networks;Boolean functions;Testing;Algorithm design and analysis;Numerical simulation;Convergence;Neural networks},
  doi={10.1109/72.963767}}

@article{Attention,
  author       = {Ashish Vaswani and
                  Noam Shazeer and
                  Niki Parmar and
                  Jakob Uszkoreit and
                  Llion Jones and
                  Aidan N. Gomez and
                  Lukasz Kaiser and
                  Illia Polosukhin},
  title        = {Attention Is All You Need},
  journal      = {CoRR},
  volume       = {abs/1706.03762},
  year         = {2017},
  url          = {http://arxiv.org/abs/1706.03762},
  eprinttype    = {arXiv},
  eprint       = {1706.03762},
  timestamp    = {Sat, 23 Jan 2021 01:20:40 +0100},
  biburl       = {https://dblp.org/rec/journals/corr/VaswaniSPUJGKP17.bib},
  bibsource    = {dblp computer science bibliography, https://dblp.org}
}

@article{self_attention_limit,
  author       = {Michael Hahn},
  title        = {Theoretical Limitations of Self-Attention in Neural Sequence Models},
  journal      = {Trans. Assoc. Comput. Linguistics},
  volume       = {8},
  pages        = {156--171},
  year         = {2020},
  url          = {https://doi.org/10.1162/tacl\_a\_00306},
  doi          = {10.1162/TACL\_A\_00306},
  timestamp    = {Wed, 19 Jun 2024 17:28:03 +0200},
  biburl       = {https://dblp.org/rec/journals/tacl/Hahn20.bib},
  bibsource    = {dblp computer science bibliography, https://dblp.org}
}

@inproceedings{tighter_bounds_expressivity,
  author       = {David Chiang and
                  Peter Cholak and
                  Anand Pillay},
  editor       = {Andreas Krause and
                  Emma Brunskill and
                  Kyunghyun Cho and
                  Barbara Engelhardt and
                  Sivan Sabato and
                  Jonathan Scarlett},
  title        = {Tighter Bounds on the Expressivity of Transformer Encoders},
  booktitle    = {International Conference on Machine Learning, {ICML} 2023, 23-29 July
                  2023, Honolulu, Hawaii, {USA}},
  series       = {Proceedings of Machine Learning Research},
  volume       = {202},
  pages        = {5544--5562},
  publisher    = {{PMLR}},
  year         = {2023},
  url          = {https://proceedings.mlr.press/v202/chiang23a.html},
  timestamp    = {Mon, 28 Aug 2023 17:23:08 +0200},
  biburl       = {https://dblp.org/rec/conf/icml/0001CP23.bib},
  bibsource    = {dblp computer science bibliography, https://dblp.org}
}

@inproceedings{logical_transformer,
  author       = {Pablo Barcel{\'{o}} and
                  Alexander Kozachinskiy and
                  Anthony Widjaja Lin and
                  Vladimir V. Podolskii},
  title        = {Logical Languages Accepted by Transformer Encoders with Hard Attention},
  booktitle    = {The Twelfth International Conference on Learning Representations,
                  {ICLR} 2024, Vienna, Austria, May 7-11, 2024},
  publisher    = {OpenReview.net},
  year         = {2024},
  url          = {https://openreview.net/forum?id=gbrHZq07mq},
  timestamp    = {Wed, 07 Aug 2024 17:11:53 +0200},
  biburl       = {https://dblp.org/rec/conf/iclr/BarceloKLP24.bib},
  bibsource    = {dblp computer science bibliography, https://dblp.org}
}

@article{circuit,
  author       = {Yiding Hao and
                  Dana Angluin and
                  Robert Frank},
  title        = {Formal Language Recognition by Hard Attention Transformers: Perspectives
                  from Circuit Complexity},
  journal      = {Trans. Assoc. Comput. Linguistics},
  volume       = {10},
  pages        = {800--810},
  year         = {2022},
  url          = {https://doi.org/10.1162/tacl\_a\_00490},
  doi          = {10.1162/TACL\_A\_00490},
  timestamp    = {Sat, 06 Jul 2024 18:17:12 +0200},
  biburl       = {https://dblp.org/rec/journals/tacl/HaoAF22.bib},
  bibsource    = {dblp computer science bibliography, https://dblp.org}
}

@inproceedings{log-precision_trans,
  author       = {William Merrill and
                  Ashish Sabharwal},
  editor       = {Alice Oh and
                  Tristan Naumann and
                  Amir Globerson and
                  Kate Saenko and
                  Moritz Hardt and
                  Sergey Levine},
  title        = {A Logic for Expressing Log-Precision Transformers},
  booktitle    = {Advances in Neural Information Processing Systems 36: Annual Conference
                  on Neural Information Processing Systems 2023, NeurIPS 2023, New Orleans,
                  LA, USA, December 10 - 16, 2023},
  year         = {2023},
  url          = {http://papers.nips.cc/paper\_files/paper/2023/hash/a48e5877c7bf86a513950ab23b360498-Abstract-Conference.html},
  timestamp    = {Fri, 01 Mar 2024 16:26:20 +0100},
  biburl       = {https://dblp.org/rec/conf/nips/MerrillS23.bib},
  bibsource    = {dblp computer science bibliography, https://dblp.org}
}

@article{power_hard_attn,
  author       = {Pascal Bergstr{\"{a}}{\ss}er and
                  Chris K{\"{o}}cher and
                  Anthony Widjaja Lin and
                  Georg Zetzsche},
  title        = {The Power of Hard Attention Transformers on Data Sequences: {A} Formal
                  Language Theoretic Perspective},
  journal      = {CoRR},
  volume       = {abs/2405.16166},
  year         = {2024},
  url          = {https://doi.org/10.48550/arXiv.2405.16166},
  doi          = {10.48550/ARXIV.2405.16166},
  eprinttype    = {arXiv},
  eprint       = {2405.16166},
  timestamp    = {Tue, 18 Jun 2024 16:10:22 +0200},
  biburl       = {https://dblp.org/rec/journals/corr/abs-2405-16166.bib},
  bibsource    = {dblp computer science bibliography, https://dblp.org}
}

@inproceedings{cot_express,
  author       = {William Merrill and
                  Ashish Sabharwal},
  title        = {The Expressive Power of Transformers with Chain of Thought},
  booktitle    = {The Twelfth International Conference on Learning Representations,
                  {ICLR} 2024, Vienna, Austria, May 7-11, 2024},
  publisher    = {OpenReview.net},
  year         = {2024},
  url          = {https://openreview.net/forum?id=NjNGlPh8Wh},
  timestamp    = {Wed, 07 Aug 2024 17:11:53 +0200},
  biburl       = {https://dblp.org/rec/conf/iclr/MerrillS24.bib},
  bibsource    = {dblp computer science bibliography, https://dblp.org}
}

@inproceedings{cot_inherent,
  author       = {Zhiyuan Liu and
                  Hong Liu and
                  Denny Zhou and
                  Tengyu Ma},
  title        = {Chain of Thought Empowers Transformers to Solve Inherently Serial
                  Problems},
  booktitle    = {The Twelfth International Conference on Learning Representations,
                  {ICLR} 2024, Vienna, Austria, May 7-11, 2024},
  publisher    = {OpenReview.net},
  year         = {2024},
  url          = {https://openreview.net/forum?id=3EWTEy9MTM},
  timestamp    = {Wed, 07 Aug 2024 17:11:53 +0200},
  biburl       = {https://dblp.org/rec/conf/iclr/0001LZ024.bib},
  bibsource    = {dblp computer science bibliography, https://dblp.org}
}

@inproceedings{simplicity_bias,
  author       = {Satwik Bhattamishra and
                  Arkil Patel and
                  Varun Kanade and
                  Phil Blunsom},
  editor       = {Anna Rogers and
                  Jordan L. Boyd{-}Graber and
                  Naoaki Okazaki},
  title        = {Simplicity Bias in Transformers and their Ability to Learn Sparse
                  Boolean Functions},
  booktitle    = {Proceedings of the 61st Annual Meeting of the Association for Computational
                  Linguistics (Volume 1: Long Papers), {ACL} 2023, Toronto, Canada,
                  July 9-14, 2023},
  pages        = {5767--5791},
  publisher    = {Association for Computational Linguistics},
  year         = {2023},
  url          = {https://doi.org/10.18653/v1/2023.acl-long.317},
  doi          = {10.18653/V1/2023.ACL-LONG.317},
  timestamp    = {Thu, 10 Aug 2023 12:36:04 +0200},
  biburl       = {https://dblp.org/rec/conf/acl/BhattamishraPKB23.bib},
  bibsource    = {dblp computer science bibliography, https://dblp.org}
}

@article{16by16,
  author       = {Alexey Dosovitskiy and
                  Lucas Beyer and
                  Alexander Kolesnikov and
                  Dirk Weissenborn and
                  Xiaohua Zhai and
                  Thomas Unterthiner and
                  Mostafa Dehghani and
                  Matthias Minderer and
                  Georg Heigold and
                  Sylvain Gelly and
                  Jakob Uszkoreit and
                  Neil Houlsby},
  title        = {An Image is Worth 16x16 Words: Transformers for Image Recognition
                  at Scale},
  journal      = {CoRR},
  volume       = {abs/2010.11929},
  year         = {2020},
  url          = {https://arxiv.org/abs/2010.11929},
  eprinttype    = {arXiv},
  eprint       = {2010.11929},
  timestamp    = {Fri, 20 Nov 2020 14:04:05 +0100},
  biburl       = {https://dblp.org/rec/journals/corr/abs-2010-11929.bib},
  bibsource    = {dblp computer science bibliography, https://dblp.org}
}

@article{DETR,
  author       = {Nicolas Carion and
                  Francisco Massa and
                  Gabriel Synnaeve and
                  Nicolas Usunier and
                  Alexander Kirillov and
                  Sergey Zagoruyko},
  title        = {End-to-End Object Detection with Transformers},
  journal      = {CoRR},
  volume       = {abs/2005.12872},
  year         = {2020},
  url          = {https://arxiv.org/abs/2005.12872},
  eprinttype    = {arXiv},
  eprint       = {2005.12872},
  timestamp    = {Thu, 28 May 2020 17:38:09 +0200},
  biburl       = {https://dblp.org/rec/journals/corr/abs-2005-12872.bib},
  bibsource    = {dblp computer science bibliography, https://dblp.org}
}

@inproceedings{BERT,
  author       = {Jacob Devlin and
                  Ming{-}Wei Chang and
                  Kenton Lee and
                  Kristina Toutanova},
  editor       = {Jill Burstein and
                  Christy Doran and
                  Thamar Solorio},
  title        = {{BERT:} Pre-training of Deep Bidirectional Transformers for Language
                  Understanding},
  booktitle    = {Proceedings of the 2019 Conference of the North American Chapter of
                  the Association for Computational Linguistics: Human Language Technologies,
                  {NAACL-HLT} 2019, Minneapolis, MN, USA, June 2-7, 2019, Volume 1 (Long
                  and Short Papers)},
  pages        = {4171--4186},
  publisher    = {Association for Computational Linguistics},
  year         = {2019},
  url          = {https://doi.org/10.18653/v1/n19-1423},
  doi          = {10.18653/V1/N19-1423},
  timestamp    = {Mon, 26 Sep 2022 12:21:55 +0200},
  biburl       = {https://dblp.org/rec/conf/naacl/DevlinCLT19.bib},
  bibsource    = {dblp computer science bibliography, https://dblp.org}
}

@article{T5,
  author       = {Kuntal Kumar Pal and
                  Kazuaki Kashihara and
                  Ujjwala Anantheswaran and
                  Kirby C. Kuznia and
                  Siddhesh Jagtap and
                  Chitta Baral},
  title        = {Exploring the Limits of Transfer Learning with Unified Model in the
                  Cybersecurity Domain},
  journal      = {CoRR},
  volume       = {abs/2302.10346},
  year         = {2023},
  url          = {https://doi.org/10.48550/arXiv.2302.10346},
  doi          = {10.48550/ARXIV.2302.10346},
  eprinttype    = {arXiv},
  eprint       = {2302.10346},
  timestamp    = {Fri, 24 Feb 2023 11:55:23 +0100},
  biburl       = {https://dblp.org/rec/journals/corr/abs-2302-10346.bib},
  bibsource    = {dblp computer science bibliography, https://dblp.org}
}

@incollection{RNN4FDA,
  title={Finite state machines and recurrent neural networks—automata and dynamical systems approaches},
  author={Ti{\v{n}}o, Peter and Horne, Bill G and Giles, C Lee and Collingwood, Pete C},
  booktitle={Neural networks and pattern recognition},
  pages={171--219},
  year={1998},
  publisher={Elsevier}
}

@article{stats_quest,
  author       = {Michael J. Kearns},
  title        = {Efficient Noise-Tolerant Learning from Statistical Queries},
  journal      = {J. {ACM}},
  volume       = {45},
  number       = {6},
  pages        = {983--1006},
  year         = {1998},
  url          = {https://doi.org/10.1145/293347.293351},
  doi          = {10.1145/293347.293351},
  timestamp    = {Tue, 06 Nov 2018 12:51:45 +0100},
  biburl       = {https://dblp.org/rec/journals/jacm/Kearns98.bib},
  bibsource    = {dblp computer science bibliography, https://dblp.org}
}

@inproceedings{LPNN,
  author       = {Amit Daniely and
                  Eran Malach},
  editor       = {Hugo Larochelle and
                  Marc'Aurelio Ranzato and
                  Raia Hadsell and
                  Maria{-}Florina Balcan and
                  Hsuan{-}Tien Lin},
  title        = {Learning Parities with Neural Networks},
  booktitle    = {Advances in Neural Information Processing Systems 33: Annual Conference
                  on Neural Information Processing Systems 2020, NeurIPS 2020, December
                  6-12, 2020, virtual},
  year         = {2020},
  url          = {https://proceedings.neurips.cc/paper/2020/hash/eaae5e04a259d09af85c108fe4d7dd0c-Abstract.html},
  timestamp    = {Tue, 19 Jan 2021 15:57:37 +0100},
  biburl       = {https://dblp.org/rec/conf/nips/DanielyM20.bib},
  bibsource    = {dblp computer science bibliography, https://dblp.org}
}

@article{SQlower,
  author       = {Yiwen Kou and
                  Zixiang Chen and
                  Quanquan Gu and
                  Sham M. Kakade},
  title        = {Matching the Statistical Query Lower Bound for k-sparse Parity Problems
                  with Stochastic Gradient Descent},
  journal      = {CoRR},
  volume       = {abs/2404.12376},
  year         = {2024},
  url          = {https://doi.org/10.48550/arXiv.2404.12376},
  doi          = {10.48550/ARXIV.2404.12376},
  eprinttype    = {arXiv},
  eprint       = {2404.12376},
  timestamp    = {Wed, 22 May 2024 08:50:15 +0200},
  biburl       = {https://dblp.org/rec/journals/corr/abs-2404-12376.bib},
  bibsource    = {dblp computer science bibliography, https://dblp.org}
}

@inproceedings{single-location-attention,
  author       = {Pierre Marion and
                  Rapha{\"{e}}l Berthier and
                  G{\'{e}}rard Biau and
                  Claire Boyer},
  title        = {Attention layers provably solve single-location regression},
  year         = {2025},
  booktitle    = {The 13th International Conference on Learning Representations,
                  {ICLR} 2025},
  publisher    = {OpenReview.net},
  url          = {https://openreview.net/forum?id=DVlPp7Jd7P},
}

@inproceedings{feature_learning_2,
  author       = {Jimmy Ba and
                  Murat A. Erdogdu and
                  Taiji Suzuki and
                  Zhichao Wang and
                  Denny Wu and
                  Greg Yang},
  editor       = {Sanmi Koyejo and
                  S. Mohamed and
                  A. Agarwal and
                  Danielle Belgrave and
                  K. Cho and
                  A. Oh},
  title        = {High-dimensional Asymptotics of Feature Learning: How One Gradient
                  Step Improves the Representation},
  booktitle    = {Advances in Neural Information Processing Systems 35: Annual Conference
                  on Neural Information Processing Systems 2022, NeurIPS 2022, New Orleans,
                  LA, USA, November 28 - December 9, 2022},
  year         = {2022},
  url          = {http://papers.nips.cc/paper\_files/paper/2022/hash/f7e7fabd73b3df96c54a320862afcb78-Abstract-Conference.html},
  timestamp    = {Mon, 08 Jan 2024 16:31:27 +0100},
  biburl       = {https://dblp.org/rec/conf/nips/BaESWWY22.bib},
  bibsource    = {dblp computer science bibliography, https://dblp.org}
}

@inproceedings{feature_learning_1,
  author       = {Zhenmei Shi and
                  Junyi Wei and
                  Yingyu Liang},
  editor       = {Alice Oh and
                  Tristan Naumann and
                  Amir Globerson and
                  Kate Saenko and
                  Moritz Hardt and
                  Sergey Levine},
  title        = {Provable Guarantees for Neural Networks via Gradient Feature Learning},
  booktitle    = {Advances in Neural Information Processing Systems 36: Annual Conference
                  on Neural Information Processing Systems 2023, NeurIPS 2023, New Orleans,
                  LA, USA, December 10 - 16, 2023},
  year         = {2023},
  url          = {http://papers.nips.cc/paper\_files/paper/2023/hash/aebec8058f23a445353c83ede0e1ec48-Abstract-Conference.html},
  timestamp    = {Fri, 01 Mar 2024 16:26:20 +0100},
  biburl       = {https://dblp.org/rec/conf/nips/ShiWL23.bib},
  bibsource    = {dblp computer science bibliography, https://dblp.org}
}