@inproceedings{indyk1998approximate,
  title={Approximate nearest neighbors: towards removing the curse of dimensionality},
  author={Indyk, Piotr and Motwani, Rajeev},
  booktitle={Proceedings of the thirtieth annual ACM symposium on Theory of computing},
  pages={604--613},
  year={1998}
}

@inproceedings{indyk2018approximate,
  title={Approximate nearest neighbors in limited space},
  author={Indyk, Piotr and Wagner, Tal},
  booktitle={Conference On Learning Theory},
  pages={2012--2036},
  year={2018},
  organization={PMLR}
}

@article{muja2014scalable,
  title={Scalable nearest neighbor algorithms for high dimensional data},
  author={Muja, Marius and Lowe, David G},
  journal={IEEE transactions on pattern analysis and machine intelligence},
  volume={36},
  number={11},
  pages={2227--2240},
  year={2014},
  publisher={IEEE}
}

@article{newey1994large,
  title={Large sample estimation and hypothesis testing},
  author={Newey, Whitney K and McFadden, Daniel},
  journal={Handbook of econometrics},
  volume={4},
  pages={2111--2245},
  year={1994},
  publisher={Elsevier}
}

@techreport{FRNNSurvey,
author = {Bentley, Jon L},
title = {A survey of techniques for fixed radius near neighbor searching.},
year = {1975},
publisher = {Stanford University},
address = {Stanford, CA, USA},
}

@article{DujianPQA,
  author       = {Dujian Ding and
                  Sihem Amer{-}Yahia and
                  Laks V. S. Lakshmanan},
  title        = {On Efficient Approximate Queries over Machine Learning Models},
  journal      = {Proc. {VLDB} Endow.},
  volume       = {16},
  number       = {4},
  pages        = {918--931},
  year         = {2022},
  url          = {https://www.vldb.org/pvldb/vol16/p918-ding.pdf},
  doi          = {10.14778/3574245.3574273},
  timestamp    = {Mon, 23 Oct 2023 16:16:16 +0200},
  biburl       = {https://dblp.org/rec/journals/pvldb/DingAL22.bib},
  bibsource    = {dblp computer science bibliography, https://dblp.org}
}

@inproceedings{DBLP:conf/sigmod/LuCKC18,
  author       = {Yao Lu and
                  Aakanksha Chowdhery and
                  Srikanth Kandula and
                  Surajit Chaudhuri},
  title        = {Accelerating Machine Learning Inference with Probabilistic Predicates},
  booktitle    = {Proceedings of the 2018 International Conference on Management of
                  Data, {SIGMOD} Conference 2018, Houston, TX, USA, June 10-15, 2018},
  pages        = {1493--1508},
  publisher    = {{ACM}},
  year         = {2018},
  url          = {https://doi.org/10.1145/3183713.3183751},
  doi          = {10.1145/3183713.3183751},
}

@article{DBLP:journals/pvldb/YangWHLLW22,
  author       = {Zhihui Yang and
                  Zuozhi Wang and
                  Yicong Huang and
                  Yao Lu and
                  Chen Li and
                  X. Sean Wang},
  title        = {Optimizing Machine Learning Inference Queries with Correlative Proxy
                  Models},
  journal      = {Proc. {VLDB} Endow.},
  volume       = {15},
  number       = {10},
  pages        = {2032--2044},
  year         = {2022},
  url          = {https://www.vldb.org/pvldb/vol15/p2032-yang.pdf},
  doi          = {10.14778/3547305.3547310},
  timestamp    = {Mon, 23 Oct 2023 15:31:40 +0200},
  biburl       = {https://dblp.org/rec/journals/pvldb/YangWHLLW22.bib},
  bibsource    = {dblp computer science bibliography, https://dblp.org}
}

@inproceedings{DBLP:conf/sigmod/LaiHLZ0K21,
  author       = {Ziliang Lai and
                  Chenxia Han and
                  Chris Liu and
                  Pengfei Zhang and
                  Eric Lo and
                  Ben Kao},
  editor       = {Guoliang Li and
                  Zhanhuai Li and
                  Stratos Idreos and
                  Divesh Srivastava},
  title        = {Top-K Deep Video Analytics: {A} Probabilistic Approach},
  booktitle    = {{SIGMOD} '21: International Conference on Management of Data, Virtual
                  Event, China, June 20-25, 2021},
  pages        = {1037--1050},
  publisher    = {{ACM}},
  year         = {2021},
  url          = {https://doi.org/10.1145/3448016.3452786},
  doi          = {10.1145/3448016.3452786},
  timestamp    = {Mon, 21 Jun 2021 11:48:44 +0200},
  biburl       = {https://dblp.org/rec/conf/sigmod/LaiHLZ0K21.bib},
  bibsource    = {dblp computer science bibliography, https://dblp.org}
}

@article{johnson2016mimic,
  title={MIMIC-III, a freely accessible critical care database},
  author={Johnson, Alistair EW and Pollard, Tom J and Shen, Lu and Lehman, Li-wei H and Feng, Mengling and Ghassemi, Mohammad and Moody, Benjamin and Szolovits, Peter and Anthony Celi, Leo and Mark, Roger G},
  journal={Scientific data},
  volume={3},
  number={1},
  pages={1--9},
  year={2016},
  publisher={Nature Publishing Group}
}

@article{pollard2018eicu,
  title={The eICU Collaborative Research Database, a freely available multi-center database for critical care research},
  author={Pollard, Tom J and Johnson, Alistair EW and Raffa, Jesse D and Celi, Leo A and Mark, Roger G and Badawi, Omar},
  journal={Scientific data},
  volume={5},
  number={1},
  pages={1--13},
  year={2018},
  publisher={Nature Publishing Group}
}

@article{DBLP:journals/isci/RodriguesGSBA21,
  author       = {Jos{\'{e}} F. Rodrigues Jr. and
                  Marco A. Gutierrez and
                  Gabriel Spadon and
                  Bruno Brandoli and
                  Sihem Amer{-}Yahia},
  title        = {LIG-Doctor: Efficient patient trajectory prediction using bidirectional
                  minimal gated-recurrent networks},
  journal      = {Inf. Sci.},
  volume       = {545},
  pages        = {813--827},
  year         = {2021},
  doi          = {10.1016/J.INS.2020.09.024},
  bibsource    = {dblp computer science bibliography, https://dblp.org}
}

@inproceedings{DBLP:conf/cikm/RodriguesPGA20,
  author       = {Jos{\'{e}} F. Rodrigues Jr. and
                  Jean Louis P{\'{e}}pin and
                  Lorraine Goeuriot and
                  Sihem Amer{-}Yahia},
  editor       = {Mathieu d'Aquin and
                  Stefan Dietze and
                  Claudia Hauff and
                  Edward Curry and
                  Philippe Cudr{\'{e}}{-}Mauroux},
  title        = {An Extensive Investigation of Machine Learning Techniques for Sleep
                  Apnea Screening},
  booktitle    = {{CIKM} '20: The 29th {ACM} International Conference on Information
                  and Knowledge Management, Virtual Event, Ireland, October 19-23, 2020},
  pages        = {2709--2716},
  publisher    = {{ACM}},
  year         = {2020},
  doi          = {10.1145/3340531.3412686},
  bibsource    = {dblp computer science bibliography, https://dblp.org}
}

@article{DBLP:journals/pvldb/KangEABZ17,
  author       = {Daniel Kang and
                  John Emmons and
                  Firas Abuzaid and
                  Peter Bailis and
                  Matei Zaharia},
  title        = {NoScope: Optimizing Deep CNN-Based Queries over Video Streams at Scale},
  journal      = {Proc. {VLDB} Endow.},
  volume       = {10},
  number       = {11},
  pages        = {1586--1597},
  year         = {2017},
  doi          = {10.14778/3137628.3137664},
  bibsource    = {dblp computer science bibliography, https://dblp.org}
}

@article{DBLP:journals/pvldb/KangGBHZ20,
  author       = {Daniel Kang and
                  Edward Gan and
                  Peter Bailis and
                  Tatsunori Hashimoto and
                  Matei Zaharia},
  title        = {Approximate Selection with Guarantees using Proxies},
  journal      = {Proc. {VLDB} Endow.},
  volume       = {13},
  number       = {11},
  pages        = {1990--2003},
  year         = {2020},
  bibsource    = {dblp computer science bibliography, https://dblp.org}
}

@article{DBLP:journals/toms/FriedmanBF77,
  author       = {Jerome H. Friedman and
                  Jon Louis Bentley and
                  Raphael A. Finkel},
  title        = {An Algorithm for Finding Best Matches in Logarithmic Expected Time},
  journal      = {{ACM} Trans. Math. Softw.},
  volume       = {3},
  number       = {3},
  pages        = {209--226},
  year         = {1977},
  url          = {https://doi.org/10.1145/355744.355745},
  doi          = {10.1145/355744.355745},
  timestamp    = {Wed, 14 Nov 2018 10:12:56 +0100},
  biburl       = {https://dblp.org/rec/journals/toms/FriedmanBF77.bib},
  bibsource    = {dblp computer science bibliography, https://dblp.org}
}

@inproceedings{DBLP:conf/sigmod/LiZAH20,
  author       = {Conglong Li and
                  Minjia Zhang and
                  David G. Andersen and
                  Yuxiong He},
  title        = {Improving Approximate Nearest Neighbor Search through Learned Adaptive
                  Early Termination},
  booktitle    = {Proceedings of the 2020 International Conference on Management of
                  Data, {SIGMOD} Conference 2020, online conference [Portland, OR, USA],
                  June 14-19, 2020},
  pages        = {2539--2554},
  publisher    = {{ACM}},
  year         = {2020},
  doi          = {10.1145/3318464.3380600},
}

@inproceedings{DBLP:conf/eurosys/AgarwalMPMMS13,
  author       = {Sameer Agarwal and
                  Barzan Mozafari and
                  Aurojit Panda and
                  Henry Milner and
                  Samuel Madden and
                  Ion Stoica},
  title        = {BlinkDB: queries with bounded errors and bounded response times on
                  very large data},
  booktitle    = {Eighth Eurosys Conference 2013, EuroSys '13, Prague, Czech Republic,
                  April 14-17, 2013},
  pages        = {29--42},
  publisher    = {{ACM}},
  year         = {2013},
  doi          = {10.1145/2465351.2465355},
}

@inproceedings{DBLP:conf/sigmod/BreunigKNS00,
  author       = {Markus M. Breunig and
                  Hans{-}Peter Kriegel and
                  Raymond T. Ng and
                  J{\"{o}}rg Sander},
  title        = {{LOF:} Identifying Density-Based Local Outliers},
  booktitle    = {Proceedings of the 2000 {ACM} {SIGMOD} International Conference on
                  Management of Data, May 16-18, 2000, Dallas, Texas, {USA}},
  pages        = {93--104},
  publisher    = {{ACM}},
  year         = {2000},
  doi          = {10.1145/342009.335388},
}

@inproceedings{DBLP:journals/corr/abs-1301-3781,
  author       = {Tom{\'{a}}s Mikolov and
                  Kai Chen and
                  Greg Corrado and
                  Jeffrey Dean},
  editor       = {Yoshua Bengio and
                  Yann LeCun},
  title        = {Efficient Estimation of Word Representations in Vector Space},
  booktitle    = {1st International Conference on Learning Representations, {ICLR} 2013,
                  Scottsdale, Arizona, USA, May 2-4, 2013, Workshop Track Proceedings},
  year         = {2013},
  url          = {http://arxiv.org/abs/1301.3781},
  timestamp    = {Mon, 28 Dec 2020 11:31:01 +0100},
  biburl       = {https://dblp.org/rec/journals/corr/abs-1301-3781.bib},
  bibsource    = {dblp computer science bibliography, https://dblp.org}
}

@inproceedings{DBLP:conf/naacl/DevlinCLT19,
  author       = {Jacob Devlin and
                  Ming{-}Wei Chang and
                  Kenton Lee and
                  Kristina Toutanova},
  title        = {{BERT:} Pre-training of Deep Bidirectional Transformers for Language
                  Understanding},
  booktitle    = {Proceedings of the 2019 Conference of the North American Chapter of
                  the Association for Computational Linguistics: Human Language Technologies,
                  {NAACL-HLT} 2019, Minneapolis, MN, USA, June 2-7, 2019, Volume 1 (Long
                  and Short Papers)},
  pages        = {4171--4186},
  publisher    = {Association for Computational Linguistics},
  year         = {2019},
  doi          = {10.18653/V1/N19-1423},
}

@incollection{fisher1970statistical,
  title={Statistical methods for research workers},
  author={Fisher, Ronald Aylmer},
  booktitle={Breakthroughs in statistics: Methodology and distribution},
  pages={66--70},
  year={1970},
  publisher={Springer}
}


@inproceedings{groupTest,
  author       = {Nassim Bouarour and
                  Idir Benouaret and
                  Sihem Amer{-}Yahia},
  title        = {Significance and Coverage in Group Testing on the Social Web},
  booktitle    = {{WWW}},
  pages        = {3052--3060},
  publisher    = {{ACM}},
  year         = {2022}}


@book{moore1989introduction,
  title={Introduction to the practice of statistics.},
  author={Moore, David S and McCabe, George P},
  year={1989},
  publisher={WH Freeman/Times Books/Henry Holt \& Co}
}


@book{anderson2020statistics,
  title={Statistics for business \& economics},
  author={Anderson, David R and Williams, Thomas A and Cochran, James J},
  year={2020},
  publisher={Cengage Learning}
}

@article{talwar2020sharing,
  title={Sharing of fake news on social media: Application of the honeycomb framework and the third-person effect hypothesis},
  author={Talwar, Shalini and Dhir, Amandeep and Singh, Dilraj and Virk, Gurnam Singh and Salo, Jari},
  journal={Journal of Retailing and Consumer Services},
  volume={57},
  pages={102197},
  year={2020},
  publisher={Elsevier}
}

@article{harefa2023relationship,
  title={Relationship student learning interest to the learning outcomes of natural sciences},
  author={Harefa, Darmawan and Sarumaha, Murnihati and Telaumbanua, Kaminudin and Telaumbanua, Tatema and Laia, Baziduhu and Hulu, Fatolosa},
  journal={International Journal of Educational Research \& Social Sciences},
  volume={4},
  number={2},
  pages={240--246},
  year={2023}
}

@article{VLDB_GHT,
  author       = {Yun Wang and
                  Chrysanthi Kosyfaki and
                  Sihem Amer{-}Yahia and
                  Reynold Cheng},
  title        = {A Sampling-based Framework for Hypothesis Testing on Large Attributed
                  Graphs},
  journal      = {Proc. {VLDB} Endow.},
  volume       = {17},
  number       = {11},
  pages        = {3192--3200},
  year         = {2024},
  url          = {https://www.vldb.org/pvldb/vol17/p3192-wang.pdf},
}

@article{hoeffding1994probability,
  title={Probability inequalities for sums of bounded random variables},
  author={Hoeffding, Wassily},
  journal={The collected works of Wassily Hoeffding},
  pages={409--426},
  year={1994},
  publisher={Springer}
}

@book{dekking2006modern,
  title={A Modern Introduction to Probability and Statistics: Understanding why and how},
  author={Dekking, Frederik Michel and Kraaikamp, Cornelis and Lopuha{\"a}, Hendrik Paul and Meester, Ludolf Erwin},
  year={2006},
  publisher={Springer Science \& Business Media}
}

@book{ibe2013markov,
  title={Markov processes for stochastic modeling},
  author={Ibe, Oliver},
  year={2013},
  publisher={Newnes}
}

@article{hou2024bridging,
  title={Bridging Language and Items for Retrieval and Recommendation},
  author={Hou, Yupeng and Li, Jiacheng and He, Zhankui and Yan, An and Chen, Xiusi and McAuley, Julian},
  journal={arXiv preprint arXiv:2403.03952},
  year={2024}
}

@article{DBLP:journals/ijon/ZhangWY21,
  author       = {Jianqing Zhang and
                  Dongjing Wang and
                  Dongjin Yu},
  title        = {{TLSAN:} Time-aware long- and short-term attention network for next-item
                  recommendation},
  journal      = {Neurocomputing},
  volume       = {441},
  pages        = {179--191},
  year         = {2021},
  url          = {https://doi.org/10.1016/j.neucom.2021.02.015},
  doi          = {10.1016/J.NEUCOM.2021.02.015},
  timestamp    = {Sat, 19 Aug 2023 18:10:00 +0200},
  biburl       = {https://dblp.org/rec/journals/ijon/ZhangWY21.bib},
  bibsource    = {dblp computer science bibliography, https://dblp.org}
}

@article{keysers2020using,
  title={Using Bayes factor hypothesis testing in neuroscience to establish evidence of absence},
  author={Keysers, Christian and Gazzola, Valeria and Wagenmakers, Eric-Jan},
  journal={Nature neuroscience},
  volume={23},
  number={7},
  pages={788--799},
  year={2020},
  publisher={Nature Publishing Group US New York}
}

@article{serfling1974probability,
  title={Probability inequalities for the sum in sampling without replacement},
  author={Serfling, Robert J},
  journal={The Annals of Statistics},
  pages={39--48},
  year={1974},
  publisher={JSTOR}
}

@inproceedings{DBLP:conf/iccv/HeGDG17,
  author       = {Kaiming He and
                  Georgia Gkioxari and
                  Piotr Doll{\'{a}}r and
                  Ross B. Girshick},
  title        = {Mask {R-CNN}},
  booktitle    = {{IEEE} International Conference on Computer Vision, {ICCV} 2017, Venice,
                  Italy, October 22-29, 2017},
  pages        = {2980--2988},
  publisher    = {{IEEE} Computer Society},
  year         = {2017},
  url          = {https://doi.org/10.1109/ICCV.2017.322},
  doi          = {10.1109/ICCV.2017.322},
}

@inproceedings{DBLP:conf/cvpr/HeZRS16,
  author       = {Kaiming He and
                  Xiangyu Zhang and
                  Shaoqing Ren and
                  Jian Sun},
  title        = {Deep Residual Learning for Image Recognition},
  booktitle    = {2016 {IEEE} Conference on Computer Vision and Pattern Recognition,
                  {CVPR} 2016, Las Vegas, NV, USA, June 27-30, 2016},
  pages        = {770--778},
  publisher    = {{IEEE} Computer Society},
  year         = {2016},
  url          = {https://doi.org/10.1109/CVPR.2016.90},
  doi          = {10.1109/CVPR.2016.90},
}

@inproceedings{DBLP:conf/mlsys/CanelKZLLAKD19,
  author       = {Christopher Canel and
                  Thomas Kim and
                  Giulio Zhou and
                  Conglong Li and
                  Hyeontaek Lim and
                  David G. Andersen and
                  Michael Kaminsky and
                  Subramanya Dulloor},
  title        = {Scaling Video Analytics on Constrained Edge Nodes},
  booktitle    = {Proceedings of the Second Conference on Machine Learning and Systems,
                  SysML 2019, Stanford, CA, USA, March 31 - April 2, 2019},
  publisher    = {mlsys.org},
  year         = {2019},
}

@article{sze2017efficient,
  title={Efficient processing of deep neural networks: A tutorial and survey},
  author={Sze, Vivienne and Chen, Yu-Hsin and Yang, Tien-Ju and Emer, Joel S},
  journal={Proceedings of the IEEE},
  volume={105},
  number={12},
  pages={2295--2329},
  year={2017},
  publisher={Ieee}
}

@article{kwak2017central,
  title={Central limit theorem: the cornerstone of modern statistics},
  author={Kwak, Sang Gyu and Kim, Jong Hae},
  journal={Korean journal of anesthesiology},
  volume={70},
  number={2},
  pages={144--156},
  year={2017},
  publisher={The Korean Society of Anesthesiologists}
}

@inproceedings{DBLP:conf/cvpr/Silpa-AnanH08,
  author       = {Chanop Silpa{-}Anan and
                  Richard I. Hartley},
  title        = {Optimised KD-trees for fast image descriptor matching},
  booktitle    = {2008 {IEEE} Computer Society Conference on Computer Vision and Pattern
                  Recognition {(CVPR} 2008), 24-26 June 2008, Anchorage, Alaska, {USA}},
  publisher    = {{IEEE} Computer Society},
  year         = {2008},
  url          = {https://doi.org/10.1109/CVPR.2008.4587638},
  doi          = {10.1109/CVPR.2008.4587638},
}

@article{arora2018hd,
  title={Hd-index: Pushing the scalability-accuracy boundary for approximate knn search in high-dimensional spaces},
  author={Arora, Akhil and Sinha, Sakshi and Kumar, Piyush and Bhattacharya, Arnab},
  journal={arXiv preprint arXiv:1804.06829},
  year={2018}
}

@article{DBLP:journals/pvldb/HuangFZFN15,
  author       = {Qiang Huang and
                  Jianlin Feng and
                  Yikai Zhang and
                  Qiong Fang and
                  Wilfred Ng},
  title        = {Query-Aware Locality-Sensitive Hashing for Approximate Nearest Neighbor
                  Search},
  journal      = {Proc. {VLDB} Endow.},
  volume       = {9},
  number       = {1},
  pages        = {1--12},
  year         = {2015},
  url          = {http://www.vldb.org/pvldb/vol9/p1-huang.pdf},
  doi          = {10.14778/2850469.2850470},
}

@inproceedings{DBLP:conf/vldb/ChakrabartiGRS00,
  author       = {Kaushik Chakrabarti and
                  Minos N. Garofalakis and
                  Rajeev Rastogi and
                  Kyuseok Shim},
  title        = {Approximate Query Processing Using Wavelets},
  booktitle    = {{VLDB} 2000, Proceedings of 26th International Conference on Very
                  Large Data Bases, September 10-14, 2000, Cairo, Egypt},
  pages        = {111--122},
  publisher    = {Morgan Kaufmann},
  year         = {2000},
  url          = {http://www.vldb.org/conf/2000/P111.pdf},
}

@inproceedings{DBLP:conf/icde/AndersonCRW19,
  author       = {Michael R. Anderson and
                  Michael J. Cafarella and
                  Germ{\'{a}}n Ros and
                  Thomas F. Wenisch},
  title        = {Physical Representation-Based Predicate Optimization for a Visual
                  Analytics Database},
  booktitle    = {35th {IEEE} International Conference on Data Engineering, {ICDE} 2019,
                  Macao, China, April 8-11, 2019},
  pages        = {1466--1477},
  publisher    = {{IEEE}},
  year         = {2019},
  url          = {https://doi.org/10.1109/ICDE.2019.00132},
  doi          = {10.1109/ICDE.2019.00132},
}

@article{kang2017noscope,
  title={Noscope: optimizing neural network queries over video at scale},
  author={Kang, Daniel and Emmons, John and Abuzaid, Firas and Bailis, Peter and Zaharia, Matei},
  journal={arXiv preprint arXiv:1703.02529},
  year={2017}
}

@misc{jigsaw,
    author = {cjadams and Jeffrey Sorensen and Julia Elliott and Lucas Dixon and Mark McDonald and nithum and Will Cukierski},
    title = {Toxic Comment Classification Challenge},
    publisher = {Kaggle},
    year = {2017},
    url = {https://kaggle.com/competitions/jigsaw-toxic-comment-classification-challenge}
}
