@book{golub2013matrix,
  title={Matrix computations},
  edition={4th},
  author={Golub, Gene H and Van Loan, Charles F},
  year={2013},
  publisher={The Johns
Hopkins University Press}
}

@book{higham2002accuracy,
  title={Accuracy and stability of numerical algorithms},
edition={2nd},
  author={Higham, Nicholas J},
  year={2002},
  publisher={SIAM}
}


@book{nakao2019numerical,
  title={Numerical verification methods and computer-assisted proofs for partial differential equations},
  author={Nakao, Mitsuhiro T and Plum, Michael and Watanabe, Yoshitaka},
  year={2019},
  publisher={Springer}
}
@article{ogita2018iterative,
  title={Iterative refinement for symmetric eigenvalue decomposition},
  author={Ogita, Takeshi and Aishima, Kensuke},
  journal={Japan Journal of Industrial and Applied Mathematics},
  volume={35},
  pages={1007--1035},
  year={2018},
  publisher={Springer}
}
@article{ogita2019iterative,
  title={Iterative refinement for symmetric eigenvalue decomposition II: clustered eigenvalues},
  author={Ogita, Takeshi and Aishima, Kensuke},
  journal={Japan Journal of Industrial and Applied Mathematics},
  volume={36},
  pages={435--459},
  year={2019},
  publisher={Springer}
}
@article{ogita2020iterative,
  title={Iterative refinement for singular value decomposition based on matrix multiplication},
  author={Ogita, Takeshi and Aishima, Kensuke},
  journal={Journal of Computational and Applied Mathematics},
  volume={369},
  pages={112512},
  year={2020},
  publisher={Elsevier}
}

@article{uchino2023acceleration,
  title={Acceleration of iterative refinement for singular value decomposition},
  author={Uchino, Yuki and Terao, Takeshi and Ozaki, Katsuhisa},
  journal={Numerical Algorithms},
  pages={1--31},
  year={2023},
  publisher={Springer}
}

@article{imamuraperformance,
  title={Performance benchmark of the latest EigenExa on Fugaku},
  author={Imamura, Toshiyuki and Terao, Takeshi and Ina, Takuya and Hirota, Yusuke and Ozaki, Katsuhisa and Uchino, Yuki}
}

@incollection{rump1999intlab,
  title={INTLAB—interval laboratory},
  author={Rump, Siegfried M},
  booktitle={Developments in reliable computing},
  pages={77--104},
  year={1999},
  publisher={Springer}
}

@article{ozaki2013generalization,
  title={Generalization of error-free transformation for matrix multiplication and its application},
  author={Ozaki, Katsuhisa and Ogita, Takeshi and Oishi, Shin'ichi and Rump, Siegfried M},
  journal={Nonlinear Theory and Its Applications, IEICE},
  volume={4},
  number={1},
  pages={2--11},
  year={2013},
  publisher={The Institute of Electronics, Information and Communication Engineers}
}

@article{ozaki2012error,
  title={Error-free transformations of matrix multiplication by using fast routines of matrix multiplication and its applications},
  author={Ozaki, Katsuhisa and Ogita, Takeshi and Oishi, Shin’ichi and Rump, Siegfried M},
  journal={Numerical Algorithms},
  volume={59},
  pages={95--118},
  year={2012},
  publisher={Springer}
}

@article{rump2008accurate,
  title={Accurate floating-point summation part I: Faithful rounding},
  author={Rump, Siegfried M and Ogita, Takeshi and Oishi, Shin'ichi},
  journal={SIAM Journal on Scientific Computing},
  volume={31},
  number={1},
  pages={189--224},
  year={2008},
  publisher={SIAM}
}

@article{rump2009accurate,
  title={Accurate floating-point summation part II: Sign, K-fold faithful and rounding to nearest},
  author={Rump, Siegfried M and Ogita, Takeshi and Oishi, Shin'ichi},
  journal={SIAM Journal on Scientific Computing},
  volume={31},
  number={2},
  pages={1269--1302},
  year={2009},
  publisher={SIAM}
}

@article{ogita2005accurate,
  title={Accurate sum and dot product},
  author={Ogita, Takeshi and Rump, Siegfried M and Oishi, Shin'ichi},
  journal={SIAM Journal on Scientific Computing},
  volume={26},
  number={6},
  pages={1955--1988},
  year={2005},
  publisher={SIAM}
}

@article{ootomo2023dgemm,
  title={DGEMM on Integer Matrix Multiplication Unit},
  author={Ootomo, Hiroyuki and Ozaki, Katsuhisa and Yokota, Rio},
  journal={arXiv preprint arXiv:2306.11975},
  year={2023}
}

@inproceedings{mukunoki2020dgemm,
  title={DGEMM using tensor cores, and its accurate and reproducible versions},
  author={Mukunoki, Daichi and Ozaki, Katsuhisa and Ogita, Takeshi and Imamura, Toshiyuki},
  booktitle={International Conference on High Performance Computing},
  pages={230--248},
  year={2020},
  organization={Springer}
}

@inproceedings{mukunoki2021accurate,
  title={Accurate matrix multiplication on binary128 format accelerated by ozaki scheme},
  author={Mukunoki, Daichi and Ozaki, Katsuhisa and Ogita, Takeshi and Imamura, Toshiyuki},
  booktitle={Proceedings of the 50th International Conference on Parallel Processing},
  pages={1--11},
  year={2021}
}

@article{rump2011verified,
  title={Verified bounds for singular values, in particular for the spectral norm of a matrix and its inverse},
  author={Rump, Siegfried M},
  journal={BIT Numerical Mathematics},
  volume={51},
  pages={367--384},
  year={2011},
  publisher={Springer}
}

@article{miyajima2010fast,
  title={Fast Verification for All Eigenpairs in Symmetric Positive Definite Generalized Eigenvalue Problems.},
  author={Miyajima, Shinya and Ogita, Takeshi and Rump, Siegfried M and Shin'ichi Oishi},
  journal={Reliab. Comput.},
  volume={14},
  pages={24--45},
  year={2010}
}

@Misc{gem-library,
  author={Jean-Daniel Bancal},
  title        = "{Gmp Eigen Matrix Library}",
  howpublished = "\url{https://github.com/gem-library/gem}",
  note = {(Accessed on \today)}
}

@Misc{pkg-apa,
  author={Ohlhus, Kai Torben},
  title        = "{APA - Octave/Matlab arbitrary precision arithmetic}",
  howpublished = "\url{https://github.com/gnu-octave/pkg-apa}",
  note = {(Accessed on \today)}
}

@Misc{mptoolbox,
  author={Benjamin Barrowes},
  title        = "{Multiple Precision Toolbox for Matlab}",
  howpublished = "\url{https://sourceforge.net/projects/mptoolbox/}",
  note = {(Accessed on \today)}
}

@Misc{advanpix,
  author={Advanpix},
  title        = "{Multiprecision Computing Toolbox for MATLAB}",
  howpublished = "\url{https://www.advanpix.com/}",
  note = {(Accessed on \today)}
}

@Misc{verchol,
  author = {Jiri Rohn},
  title  = "{Classical Cholesky decomposition performed in interval arithmetic}",
  howpublished = "\url{http://uivtx.cs.cas.cz/~rohn/matlab/verchol.html}",
  note = {(Accessed on \today)}
}

@article{van1976generalizing,
  title={Generalizing the singular value decomposition},
  author={Van Loan, Charles F},
  journal={SIAM Journal on numerical Analysis},
  volume={13},
  number={1},
  pages={76--83},
  year={1976},
  publisher={SIAM}
}

@article{rump2023fast,
  title={Fast computation of error bounds for all eigenpairs of a Hermitian and all singular pairs of a rectangular matrix with emphasis on eigen-and singular value clusters},
  author={Rump, Siegfried M and Lange, Marko},
  journal={Journal of Computational and Applied Mathematics},
  volume={434},
  pages={115332},
  year={2023},
  publisher={Elsevier}
}

@article{rump2022verified,
  title={Verified Error Bounds for All Eigenvalues and Eigenvectors of a Matrix},
  author={Rump, Siegfried M},
  journal={SIAM Journal on Matrix Analysis and Applications},
  volume={43},
  number={4},
  pages={1736--1754},
  year={2022},
  publisher={SIAM}
}

@article{watanabe2010some,
  title={Some eigenvalue excluding methods for infinite dimensional operators (Recent Developments of Numerical Analysis and Numerical Computation Algorithms)},
  author={Watanabe, Yoshitaka and Nagatou, Kaori and Plum, Michael and Nakao, Mitsuhiro T},
  journal={RIMS Kôkyûroku},
  volume={1719},
  pages={118--129},
  year={2010},
  publisher={RIMS, Kyoto University}
}

@article{rump2006verification,
  title={Verification of positive definiteness},
  author={Rump, Siegfried M},
  journal={BIT Numerical Mathematics},
  volume={46},
  pages={433--452},
  year={2006},
  publisher={Springer}
}

@book{horn2012matrix,
  title={Matrix analysis},
  author={Horn, Roger A and Johnson, Charles R},
  year={2012},
  publisher={Cambridge university press}
}

@article{yamamoto2001simple,
  title={A simple method for error bounds of eigenvalues of symmetric matrices},
  author={Yamamoto, Nobito},
  journal={Linear Algebra and its Applications},
  volume={324},
  number={1-3},
  pages={227--234},
  year={2001},
  publisher={Elsevier}
}

@article{bunch1977some,
  title={Some stable methods for calculating inertia and solving symmetric linear systems},
  author={Bunch, James R and Kaufman, Linda},
  journal={Mathematics of computation},
  volume={31},
  number={137},
  pages={163--179},
  year={1977}
}

@inproceedings{rump2010verification,
  title={Verification methods: Rigorous results using floating-point arithmetic},
  author={Rump, Siegfried M},
  booktitle={Proceedings of the 2010 International Symposium on Symbolic and Algebraic Computation},
  pages={3--4},
  year={2010}
}

@article{miyajima2014fast,
  title={Fast enclosure for all eigenvalues and invariant subspaces in generalized eigenvalue problems},
  author={Miyajima, Shinya},
  journal={SIAM Journal on Matrix Analysis and Applications},
  volume={35},
  number={3},
  pages={1205--1225},
  year={2014},
  publisher={SIAM}
}

@article{hoshi2020posteriori,
  title={An a posteriori verification method for generalized real-symmetric eigenvalue problems in large-scale electronic state calculations},
  author={Hoshi, Takeo and Ogita, Takeshi and Ozaki, Katsuhisa and Terao, Takeshi},
  journal={Journal of Computational and Applied Mathematics},
  volume={376},
  pages={112830},
  year={2020},
  publisher={Elsevier}
}

@article{alefeld1993cholesky,
  title={The Cholesky method for interval data},
  author={Alefeld, G and Mayer, G},
  journal={Linear Algebra and its applications},
  volume={194},
  pages={161--182},
  year={1993},
  publisher={Elsevier}
}

@article{alefeld2009new,
  title={New criteria for the feasibility of the Cholesky method with interval data},
  author={Alefeld, G{\"o}tz and Mayer, G{\"u}nter},
  journal={SIAM Journal on Matrix Analysis and Applications},
  volume={30},
  number={4},
  pages={1392--1405},
  year={2009},
  publisher={SIAM}
}

@article{rump2013accurate1,
  title={Accurate solution of dense linear systems, part I: Algorithms in rounding to nearest},
  author={Rump, Siegfried M},
  journal={Journal of computational and applied mathematics},
  volume={242},
  pages={157--184},
  year={2013},
  publisher={Elsevier}
}

@article{rump2013accurate2,
  title={Accurate solution of dense linear systems, Part II: Algorithms using directed rounding},
  author={Rump, Siegfried M},
  journal={Journal of computational and applied mathematics},
  volume={242},
  pages={185--212},
  year={2013},
  publisher={Elsevier}
}

@article{oishi2002fast,
  title={Fast verification of solutions of matrix equations},
  author={Oishi, Shin'Ichi and Rump, Siegfried M},
  journal={Numerische Mathematik},
  volume={90},
  number={4},
  pages={755--773},
  year={2002},
  publisher={Springer}
}

@article{ozaki2012fast,
  title={Fast algorithms for floating-point interval matrix multiplication},
  author={Ozaki, Katsuhisa and Ogita, Takeshi and Rump, Siegfried M and Oishi, Shin’ichi},
  journal={Journal of Computational and Applied Mathematics},
  volume={236},
  number={7},
  pages={1795--1814},
  year={2012},
  publisher={Elsevier}
}

@article{rump2012fast,
  title={Fast interval matrix multiplication},
  author={Rump, Siegfried M},
  journal={Numerical Algorithms},
  volume={61},
  pages={1--34},
  year={2012},
  publisher={Springer}
}

@misc{rumpintlab,
  title={INTLAB-Interval Laboratory, the Matlab toolbox for verified computations, Version 5.3, 2006},
  author={Rump, Siegfried M}
}

@article{liu2013verified,
  title={Verified eigenvalue evaluation for the Laplacian over polygonal domains of arbitrary shape},
  author={Liu, Xuefeng and Oishi, Shin'ichi},
  journal={SIAM Journal on Numerical Analysis},
  volume={51},
  number={3},
  pages={1634--1654},
  year={2013},
  publisher={SIAM}
}

@article{liu2015framework,
  title={A framework of verified eigenvalue bounds for self-adjoint differential operators},
  author={Liu, Xuefeng},
  journal={Applied Mathematics and Computation},
  volume={267},
  pages={341--355},
  year={2015},
  publisher={Elsevier}
}

@article{oishi2001fast,
  title={Fast enclosure of matrix eigenvalues and singular values via rounding mode controlled computation},
  author={Oishi, Shin'ichi},
  journal={Linear algebra and its Applications},
  volume={324},
  number={1-3},
  pages={133--146},
  year={2001},
  publisher={Elsevier}
}

@article{miyajima2014verified,
  title={Verified bounds for all the singular values of matrix},
  author={Miyajima, Shinya},
  journal={Japan Journal of Industrial and Applied Mathematics},
  volume={31},
  number={3},
  pages={513--539},
  year={2014},
  publisher={Springer}
}

@article{watanabe2009computer1,
  title={A computer-assisted proof for the Kolmogorov flows of incompressible viscous fluid},
  author={Watanabe, Yoshitaka},
  journal={Journal of Computational and Applied Mathematics},
  volume={223},
  number={2},
  pages={953--966},
  year={2009},
  publisher={Elsevier}
}
@article{watanabe2009computer2,
  title={A computer-assisted instability proof for the Orr-Sommerfeld problem with Poiseuille flow},
  author={Watanabe, Yoshitaka and Plum, Michael and Nakao, Mitsuhiro T},
  journal={ZAMM-Journal of Applied Mathematics and Mechanics/Zeitschrift f{\"u}r Angewandte Mathematik und Mechanik: Applied Mathematics and Mechanics},
  volume={89},
  number={1},
  pages={5--18},
  year={2009},
  publisher={Wiley Online Library}
}

@article{watanabe2023computer3,
	abstract = {This paper describes some numerical verification procedures to prove the invertibility of a linear operator in Hilbert spaces and to compute a bound on the norm of its inverse. These approaches improve on previous procedures that use an orthogonal projection of the Hilbert space and its a priori error estimations. Several verified examples which confirm the effectiveness of the new procedures are presented.},
	author = {Watanabe, Yoshitaka and Kinoshita, Takehiko and Nakao, Mitsuhiro T.},
	date = {2023/01/11},
	date-added = {2023-11-01 16:11:02 +0900},
	date-modified = {2023-11-01 16:11:02 +0900},
	doi = {10.1007/s10915-023-02097-6},
	id = {Watanabe2023},
	isbn = {1573-7691},
	journal = {Journal of Scientific Computing},
	number = {2},
	pages = {43},
	title = {Efficient Approaches for Verifying the Existence and Bound of Inverse of Linear Operators in Hilbert Spaces},
	volume = {94},
	year = {2023},
	bdsk-url-1 = {https://doi.org/10.1007/s10915-023-02097-6}}

@article{watanabe2020computer4,
title = {Some improvements of invertibility verifications for second-order linear elliptic operators},
journal = {Applied Numerical Mathematics},
volume = {154},
pages = {36-46},
year = {2020},
issn = {0168-9274},
doi = {https://doi.org/10.1016/j.apnum.2020.03.016},
author = {Yoshitaka Watanabe and Takehiko Kinoshita and Mitsuhiro T. Nakao},
keywords = {Numerical verification, Solvability of linear problem, Differential operators},
abstract = {This paper presents some computer-assisted procedures to prove the invertibility of a second-order linear elliptic operator and to compute a bound for the norm of its inverse. These approaches are based on constructive L2-norm estimates of the Laplacian and improve on previous procedures that use projection and a priori error estimations. Several examples which confirm the actual effectiveness of the procedures are reported.}
}

@article{rump2010verification99,
  title={Verification methods: Rigorous results using floating-point arithmetic},
  author={Rump, Siegfried M},
  journal={Acta Numerica},
  volume={19},
  pages={287--449},
  year={2010}
}

@article{yamamoto1980error,
  title={Error bounds for computed eigenvalues and eigenvectors},
  author={Yamamoto, Tetsuro},
  journal={Numerische Mathematik},
  volume={34},
  pages={189--199},
  year={1980},
  publisher={Springer}
}

@article{yamamoto1982error,
  title={Error bounds for computed eigenvalues and eigenvectors. II},
  author={Yamamoto, Tetsuro},
  journal={Numerische Mathematik},
  volume={40},
  pages={201--206},
  year={1982},
  publisher={Springer}
}

@article{miyajima2012numerical,
  title={Numerical enclosure for each eigenvalue in generalized eigenvalue problem},
  author={Miyajima, Shinya},
  journal={Journal of Computational and Applied Mathematics},
  volume={236},
  number={9},
  pages={2545--2552},
  year={2012},
  publisher={Elsevier}
}

@incollection{lohner1989enclosing,
  title={Enclosing all eigenvalues of symmetric matrices},
  author={Lohner, Rudolf},
  booktitle={Accurate numerical algorithms: a collection of research papers},
  pages={87--103},
  year={1989}
}

@article{oishi2023lower,
  title={Lower bounds for the smallest singular values of generalized asymptotic diagonal dominant matrices},
  author={Oishi, Shin’ichi},
  journal={Japan Journal of Industrial and Applied Mathematics},
  volume={40},
  number={3},
  pages={1569--1585},
  year={2023},
  publisher={Springer}
}

@article{rump2007super,
  title={Super-fast validated solution of linear systems},
  author={Rump, Siegfried M and Ogita, Takeshi},
  journal={Journal of computational and applied mathematics},
  volume={199},
  number={2},
  pages={199--206},
  year={2007},
  publisher={Elsevier}
}

@inproceedings{ogita2001fast,
  title={Fast verification of solutions for sparse monotone matrix equations},
  author={Ogita, Takeshi and Oishi, Shin’ichi and Ushiro, Yasunori},
  booktitle={Topics in Numerical Analysis: With Special Emphasis on Nonlinear Problems},
  pages={175--187},
  year={2001},
  organization={Springer}
}

@book{parlett1998symmetric,
  title={The symmetric eigenvalue problem},
  author={Parlett, Beresford N},
  year={1998},
  publisher={SIAM}
}

@article{dekker1971floating,
  title={A floating-point technique for extending the available precision},
  author={Dekker, Theodorus Jozef},
  journal={Numerische Mathematik},
  volume={18},
  number={3},
  pages={224--242},
  year={1971},
  publisher={Springer}
}

@book{moore2009introduction,
  title={Introduction to interval analysis},
  author={Moore, Ramon E and Kearfott, R Baker and Cloud, Michael J},
  year={2009},
  publisher={SIAM}
}


@book{knuth2014art,
  title={The Art of Computer Programming: Seminumerical Algorithms},
  volume    = {2},
  author={Knuth, Donald E},
  year={2014},
  publisher={Addison-Wesley Professional}
}

@article{collatz1942einschliessungssatz,
  title={Einschlie{\ss}ungssatz f{\"u}r die charakteristischen Zahlen von Matrizen},
  author={Collatz, Lothar},
  journal={Mathematische Zeitschrift},
  volume={48},
  number={1},
  pages={221--226},
  year={1942},
  publisher={Springer}
}

@article{bunch1978rank,
  title={Rank-one modification of the symmetric eigenproblem},
  author={Bunch, James R and Nielsen, Christopher P and Sorensen, Danny C},
  journal={Numerische Mathematik},
  volume={31},
  number={1},
  pages={31--48},
  year={1978},
  publisher={Springer}
}

@article{cuppen1980divide,
  title={A divide and conquer method for the symmetric tridiagonal eigenproblem},
  author={Cuppen, Jan JM},
  journal={Numerische Mathematik},
  volume={36},
  pages={177--195},
  year={1980},
  publisher={Springer}
}

@article{golub1973some,
  title={Some modified matrix eigenvalue problems},
  author={Golub, Gene H},
  journal={SIAM review},
  volume={15},
  number={2},
  pages={318--334},
  year={1973},
  publisher={SIAM}
}



@article{rump1999fast,
  title={Fast and parallel interval arithmetic},
  author={Rump, Siegfried M},
  journal={BIT Numerical Mathematics},
  volume={39},
  pages={534--554},
  year={1999},
  publisher={Springer}
}

@article{ogita2005fast,
  title={Fast inclusion of interval matrix multiplication},
  author={Ogita, Takeshi and Oishi, Shin’ichi},
  journal={Reliable Computing},
  volume={11},
  number={3},
  pages={191--205},
  year={2005},
  publisher={Springer}
}

@article{ozaki2011tight,
  title={Tight and efficient enclosure of matrix multiplication by using optimized BLAS},
  author={Ozaki, Katsuhisa and Ogita, Takeshi and Oishi, Shin'ichi},
  journal={Numerical Linear Algebra with Applications},
  volume={18},
  number={2},
  pages={237--248},
  year={2011},
  publisher={Wiley Online Library}
}

@article{uchino2023inclusion,
  title={Inclusion Methods for Multiplication of Three Point Matrices},
  author={Uchino, Yuki and Ozaki, Katsuhisa and Terao, Takeshi},
  journal={Journal of Advanced Simulation in Science and Engineering},
  volume={10},
  number={1},
  pages={83--101},
  year={2023},
  publisher={Japan Society for Simulation Technology}
}

@book{horn1994topics,
  title={Topics in matrix analysis},
  author={Horn, Roger A and Johnson, Charles R},
  year={1994},
  publisher={Cambridge university press}
}

@article{ogita_oishi_2003,
  author    = {Takeshi Ogita and Shin'ichi Oishi},
  title     = {Fast Inclusion of Interval Matrix Multiplication},
  journal   = {Reliable Computing},
  year      = {2003},
  volume    = {9},
  number    = {4},
  pages     = {263--282},
  doi       = {10.1023/A:1026196310461}
}


@article{ozaki2021verified,
  title={Verified numerical computations for large-scale linear systems},
  author={Ozaki, Katsuhisa and Terao, Takeshi and Ogita, Takeshi and Katagiri, Takahiro},
  journal={Applications of Mathematics},
  volume={66},
  number={2},
  pages={269--285},
  year={2021},
  publisher={Springer}
}