@article{alefeld1993cholesky,
  title={The Cholesky method for interval data},
  author={Alefeld, G and Mayer, G},
  journal={Linear Algebra and its applications},
  volume={194},
  pages={161--182},
  year={1993},
  publisher={Elsevier}
}

@article{alefeld2009new,
  title={New criteria for the feasibility of the Cholesky method with interval data},
  author={Alefeld, G{\"o}tz and Mayer, G{\"u}nter},
  journal={SIAM Journal on Matrix Analysis and Applications},
  volume={30},
  number={4},
  pages={1392--1405},
  year={2009},
  publisher={SIAM}
}

@article{bunch1978rank,
  title={Rank-one modification of the symmetric eigenproblem},
  author={Bunch, James R and Nielsen, Christopher P and Sorensen, Danny C},
  journal={Numerische Mathematik},
  volume={31},
  number={1},
  pages={31--48},
  year={1978},
  publisher={Springer}
}

@article{golub1973some,
  title={Some modified matrix eigenvalue problems},
  author={Golub, Gene H},
  journal={SIAM review},
  volume={15},
  number={2},
  pages={318--334},
  year={1973},
  publisher={SIAM}
}

@book{horn1994topics,
  title={Topics in matrix analysis},
  author={Horn, Roger A and Johnson, Charles R},
  year={1994},
  publisher={Cambridge university press}
}

@book{horn2012matrix,
  title={Matrix analysis},
  author={Horn, Roger A and Johnson, Charles R},
  year={2012},
  publisher={Cambridge university press}
}

@article{miyajima2010fast,
  title={Fast Verification for All Eigenpairs in Symmetric Positive Definite Generalized Eigenvalue Problems.},
  author={Miyajima, Shinya and Ogita, Takeshi and Rump, Siegfried M and Shin'ichi Oishi},
  journal={Reliab. Comput.},
  volume={14},
  pages={24--45},
  year={2010}
}

@book{moore2009introduction,
  title={Introduction to interval analysis},
  author={Moore, Ramon E and Kearfott, R Baker and Cloud, Michael J},
  year={2009},
  publisher={SIAM}
}

@book{nakao2019numerical,
  title={Numerical verification methods and computer-assisted proofs for partial differential equations},
  author={Nakao, Mitsuhiro T and Plum, Michael and Watanabe, Yoshitaka},
  year={2019},
  publisher={Springer}
}

@article{ogita2005fast,
  title={Fast inclusion of interval matrix multiplication},
  author={Ogita, Takeshi and Oishi, Shin’ichi},
  journal={Reliable Computing},
  volume={11},
  number={3},
  pages={191--205},
  year={2005},
  publisher={Springer}
}

@article{oishi2002fast,
  title={Fast verification of solutions of matrix equations},
  author={Oishi, Shin'Ichi and Rump, Siegfried M},
  journal={Numerische Mathematik},
  volume={90},
  number={4},
  pages={755--773},
  year={2002},
  publisher={Springer}
}

@article{ozaki2012fast,
  title={Fast algorithms for floating-point interval matrix multiplication},
  author={Ozaki, Katsuhisa and Ogita, Takeshi and Rump, Siegfried M and Oishi, Shin’ichi},
  journal={Journal of Computational and Applied Mathematics},
  volume={236},
  number={7},
  pages={1795--1814},
  year={2012},
  publisher={Elsevier}
}

@article{rump2011verified,
  title={Verified bounds for singular values, in particular for the spectral norm of a matrix and its inverse},
  author={Rump, Siegfried M},
  journal={BIT Numerical Mathematics},
  volume={51},
  pages={367--384},
  year={2011},
  publisher={Springer}
}

@article{rump2012fast,
  title={Fast interval matrix multiplication},
  author={Rump, Siegfried M},
  journal={Numerical Algorithms},
  volume={61},
  pages={1--34},
  year={2012},
  publisher={Springer}
}

@article{rump2013accurate1,
  title={Accurate solution of dense linear systems, part I: Algorithms in rounding to nearest},
  author={Rump, Siegfried M},
  journal={Journal of computational and applied mathematics},
  volume={242},
  pages={157--184},
  year={2013},
  publisher={Elsevier}
}

@article{rump2013accurate2,
  title={Accurate solution of dense linear systems, Part II: Algorithms using directed rounding},
  author={Rump, Siegfried M},
  journal={Journal of computational and applied mathematics},
  volume={242},
  pages={185--212},
  year={2013},
  publisher={Elsevier}
}

