@article{ahmidi2017dataset,
  title={A dataset and benchmarks for segmentation and recognition of gestures in robotic surgery},
  author={Ahmidi, Narges and Tao, Lingling and Sefati, Shahin and Gao, Yixin and Lea, Colin and Haro, Benjamin Bejar and Zappella, Luca and Khudanpur, Sanjeev and Vidal, Ren{\'e} and Hager, Gregory D},
  journal={IEEE Transactions on Biomedical Engineering},
  volume={64},
  number={9},
  pages={2025--2041},
  year={2017},
  publisher={IEEE}
}

@article{aspart2022clipassistnet,
  title={ClipAssistNet: bringing real-time safety feedback to operating rooms},
  author={Aspart, Florian and Bolmgren, Jon L and Lavanchy, Jo{\"e}l L and Beldi, Guido and Woods, Michael S and Padoy, Nicolas and Hosgor, Enes},
  journal={International journal of computer assisted radiology and surgery},
  volume={17},
  pages={5--13},
  year={2022},
  publisher={Springer}
}

@article{ayobi2024pixel,
  title={Pixel-Wise Recognition for Holistic Surgical Scene Understanding},
  author={Ayobi, Nicol{\'a}s and Rodr{\'\i}guez, Santiago and P{\'e}rez, Alejandra and Hern{\'a}ndez, Isabela and Aparicio, Nicol{\'a}s and Dessevres, Eug{\'e}nie and Pe{\~n}a, Sebasti{\'a}n and Santander, Jessica and Caicedo, Juan Ignacio and Fern{\'a}ndez, Nicol{\'a}s and others},
  journal={arXiv preprint arXiv:2401.11174},
  year={2024}
}

@article{bjerrum2018surgical,
  title={Surgical simulation: current practices and future perspectives for technical skills training},
  author={Bjerrum, Flemming and Thomsen, Ann Sofia Skou and Nayahangan, Leizl Joy and Konge, Lars},
  journal={Medical teacher},
  volume={40},
  number={7},
  pages={668--675},
  year={2018},
  publisher={Taylor \& Francis}
}

@inproceedings{blum2010modeling,
  title={Modeling and segmentation of surgical workflow from laparoscopic video},
  author={Blum, Tobias and Feu{\ss}ner, Hubertus and Navab, Nassir},
  booktitle={Medical Image Computing and Computer-Assisted Intervention--MICCAI 2010: 13th International Conference, Beijing, China, September 20-24, 2010, Proceedings, Part III 13},
  pages={400--407},
  year={2010},
  organization={Springer}
}

@article{dergachyova2016automatic,
  title={Automatic data-driven real-time segmentation and recognition of surgical workflow},
  author={Dergachyova, Olga and Bouget, David and Huaulm{\'e}, Arnaud and Morandi, Xavier and Jannin, Pierre},
  journal={International journal of computer assisted radiology and surgery},
  volume={11},
  pages={1081--1089},
  year={2016},
  publisher={Springer}
}

@article{dipietro2019segmenting,
  title={Segmenting and classifying activities in robot-assisted surgery with recurrent neural networks},
  author={DiPietro, Robert and Ahmidi, Narges and Malpani, Anand and Waldram, Madeleine and Lee, Gyusung I and Lee, Mija R and Vedula, S Swaroop and Hager, Gregory D},
  journal={International journal of computer assisted radiology and surgery},
  volume={14},
  number={11},
  pages={2005--2020},
  year={2019},
  publisher={Springer}
}

@article{fecso2017effect,
  title={The effect of technical performance on patient outcomes in surgery},
  author={Fecso, Andras B and Szasz, Peter and Kerezov, Georgi and Grantcharov, Teodor P},
  journal={Annals of surgery},
  volume={265},
  number={3},
  pages={492--501},
  year={2017},
  publisher={Wolters Kluwer}
}

@article{feldman2020sages,
  title={{SAGES Video-Based Assessment (VBA) program}: a vision for life-long learning for surgeons},
  author={Feldman, Liane S and Pryor, Aurora D and Gardner, Aimee K and Dunkin, Brian J and Schultz, Linda and Awad, Michael M and Ritter, E Matthew},
  journal={Surgical endoscopy},
  volume={34},
  pages={3285--3288},
  year={2020},
  publisher={Springer}
}

@article{funke2023tunes,
  title={{TUNeS: A Temporal U-Net with Self-Attention for Video-based Surgical Phase Recognition}},
  author={Funke, Isabel and Rivoir, Dominik and Krell, Stefanie and Speidel, Stefanie},
  journal={arXiv preprint arXiv:2307.09997},
  year={2023}
}

@inproceedings{gao2021trans,
  title={{Trans-SVNet}: Accurate phase recognition from surgical videos via hybrid embedding aggregation transformer},
  author={Gao, Xiaojie and Jin, Yueming and Long, Yonghao and Dou, Qi and Heng, Pheng-Ann},
  booktitle={Medical Image Computing and Computer Assisted Intervention--MICCAI 2021: 24th International Conference, Strasbourg, France, September 27--October 1, 2021, Proceedings, Part IV 24},
  pages={593--603},
  year={2021},
  organization={Springer}
}

@article{hashimoto2018artificial,
  title={Artificial intelligence in surgery: promises and perils},
  author={Hashimoto, Daniel A and Rosman, Guy and Rus, Daniela and Meireles, Ozanan R},
  journal={Annals of surgery},
  volume={268},
  number={1},
  pages={70},
  year={2018},
  publisher={NIH Public Access}
}

@article{holden2014feasibility,
  title={Feasibility of real-time workflow segmentation for tracked needle interventions},
  author={Holden, Matthew Stephen and Ungi, Tamas and Sargent, Derek and McGraw, Robert C and Chen, Elvis CS and Ganapathy, Sugantha and Peters, Terry M and Fichtinger, Gabor},
  journal={IEEE Transactions on Biomedical Engineering},
  volume={61},
  number={6},
  pages={1720--1728},
  year={2014},
  publisher={IEEE}
}

@article{huaulme2020offline,
  title={Offline identification of surgical deviations in laparoscopic rectopexy},
  author={Huaulm{\'e}, Arnaud and Jannin, Pierre and Reche, Fabian and Faucheron, Jean-Luc and Moreau-Gaudry, Alexandre and Voros, Sandrine},
  journal={Artificial Intelligence in Medicine},
  volume={104},
  pages={101837},
  year={2020},
  publisher={Elsevier}
}

@incollection{huber2020video,
  author    = {Matthias Huber},
  title     = {Video-Based Content Analysis},
  booktitle = {Handbook of Research on Multimodal Human Computer Interaction and Pervasive Services},
  editor    = {Abraham G. Campbell and Liangjie Hong and Florian Meinel and Matteo Zallio},
  year      = {2020},
  publisher = {CRC Press},
  doi       = {10.4324/9780429316647-5},
  url       = {https://www.taylorfrancis.com/chapters/edit/10.4324/9780429316647-5/video-based-content-analysis-matthias-huber},
}

@article{jin2017sv,
  title={SV-RCNet: workflow recognition from surgical videos using recurrent convolutional network},
  author={Jin, Yueming and Dou, Qi and Chen, Hao and Yu, Lequan and Qin, Jing and Fu, Chi-Wing and Heng, Pheng-Ann},
  journal={IEEE transactions on medical imaging},
  volume={37},
  number={5},
  pages={1114--1126},
  year={2017},
  publisher={IEEE}
}

@article{kadkhodamohammadi2021towards,
  title={Towards video-based surgical workflow understanding in open orthopaedic surgery},
  author={Kadkhodamohammadi, Abdolrahim and Sivanesan Uthraraj, Nachappa and Giataganas, Petros and Gras, Gauthier and Kerr, Karen and Luengo, Imanol and Oussedik, Sam and Stoyanov, Danail},
  journal={Computer Methods in Biomechanics and Biomedical Engineering: Imaging \& Visualization},
  volume={9},
  number={3},
  pages={286--293},
  year={2021},
  publisher={Taylor \& Francis}
}

@article{lavanchy2021automation,
  title={Automation of surgical skill assessment using a three-stage machine learning algorithm},
  author={Lavanchy, Jo{\"e}l L and Zindel, Joel and Kirtac, Kadir and Twick, Isabell and Hosgor, Enes and Candinas, Daniel and Beldi, Guido},
  journal={Scientific reports},
  volume={11},
  number={1},
  pages={5197},
  year={2021},
  publisher={Nature Publishing Group UK London}
}

@article{lewandrowski2020regional,
  title={Regional variations in acceptance, and utilization of minimally invasive spinal surgery techniques among spine surgeons: results of a global survey},
  author={Lewandrowski, Kai-Uwe and Soriano-S{\'a}nchez, Jos{\'e}-Antonio and Zhang, Xifeng and Le{\'o}n, Jorge Felipe Ram{\'\i}rez and Solis, Sergio Soriano and Ort{\'\i}z, Jos{\'e} Gabriel Rugeles and Mart{\'\i}nez, Carolina Ram{\'\i}rez and Cu{\'e}llar, Gabriel Oswaldo Alonso and Liu, Kaixuan and Fu, Qiang and others},
  journal={Journal of Spine Surgery},
  volume={6},
  number={Suppl 1},
  pages={S260},
  year={2020},
  publisher={OSS Press}
}

@inproceedings{lin2005automatic,
  title={Automatic detection and segmentation of robot-assisted surgical motions},
  author={Lin, Henry C and Shafran, Izhak and Murphy, Todd E and Okamura, Allison M and Yuh, David D and Hager, Gregory D},
  booktitle={International conference on medical image computing and computer-assisted intervention},
  pages={802--810},
  year={2005},
  organization={Springer}
}

@book{liu2009encyclopedia,
  title={Encyclopedia of database systems},
  author={Liu, Ling and {\"O}zsu, M Tamer},
  volume={6},
  year={2009},
  publisher={Springer New York}
}

@article{mascagni2022computer,
  title={Computer vision in surgery: from potential to clinical value},
  author={Mascagni, Pietro and Alapatt, Deepak and Sestini, Luca and Altieri, Maria S and Madani, Amin and Watanabe, Yusuke and Alseidi, Adnan and Redan, Jay A and Alfieri, Sergio and Costamagna, Guido and others},
  journal={npj Digital Medicine},
  volume={5},
  number={1},
  pages={163},
  year={2022},
  publisher={Nature Publishing Group UK London}
}

@article{nataraja2018simulation,
  title={Simulation in paediatric urology and surgery, part 2: An overview of simulation modalities and their applications},
  author={Nataraja, RM and Webb, N and Lopez, PJ},
  journal={Journal of pediatric urology},
  volume={14},
  number={2},
  pages={125--131},
  year={2018},
  publisher={Elsevier}
}

@article{nwoye2019weakly,
  title={Weakly supervised convolutional LSTM approach for tool tracking in laparoscopic videos},
  author={Nwoye, Chinedu Innocent and Mutter, Didier and Marescaux, Jacques and Padoy, Nicolas},
  journal={International journal of computer assisted radiology and surgery},
  volume={14},
  pages={1059--1067},
  year={2019},
  publisher={Springer}
}

@inproceedings{nwoye2020recognition,
  title={Recognition of instrument-tissue interactions in endoscopic videos via action triplets},
  author={Nwoye, Chinedu Innocent and Gonzalez, Cristians and Yu, Tong and Mascagni, Pietro and Mutter, Didier and Marescaux, Jacques and Padoy, Nicolas},
  booktitle={Medical Image Computing and Computer Assisted Intervention--MICCAI 2020: 23rd International Conference, Lima, Peru, October 4--8, 2020, Proceedings, Part III 23},
  pages={364--374},
  year={2020},
  organization={Springer}
}

@article{nwoye2023cholectriplet2022,
  title={{CholecTriplet2022}: Show me a tool and tell me the triplet—An endoscopic vision challenge for surgical action triplet detection},
  author={Nwoye, Chinedu Innocent and Yu, Tong and Sharma, Saurav and Murali, Aditya and Alapatt, Deepak and Vardazaryan, Armine and Yuan, Kun and Hajek, Jonas and Reiter, Wolfgang and Yamlahi, Amine and others},
  journal={Medical Image Analysis},
  volume={89},
  pages={102888},
  year={2023},
  publisher={Elsevier}
}

@article{padoy2012statistical,
  title={Statistical modeling and recognition of surgical workflow},
  author={Padoy, Nicolas and Blum, Tobias and Ahmadi, Seyed-Ahmad and Feussner, Hubertus and Berger, Marie-Odile and Navab, Nassir},
  journal={Medical image analysis},
  volume={16},
  number={3},
  pages={632--641},
  year={2012},
  publisher={Elsevier}
}

@article{padoy2019machine,
  title={Machine and deep learning for workflow recognition during surgery},
  author={Padoy, Nicolas},
  journal={Minimally Invasive Therapy \& Allied Technologies},
  volume={28},
  number={2},
  pages={82--90},
  year={2019},
  publisher={Taylor \& Francis}
}

@article{paysan2021self,
  title={Self-supervised representation learning for surgical activity recognition},
  author={Paysan, Daniel and Haug, Luis and Bajka, Michael and Oelhafen, Markus and Buhmann, Joachim M},
  journal={International Journal of Computer Assisted Radiology and Surgery},
  volume={16},
  pages={2037--2044},
  year={2021},
  publisher={Springer}
}

@article{ramesh2021multi,
  title={Multi-task temporal convolutional networks for joint recognition of surgical phases and steps in gastric bypass procedures},
  author={Ramesh, Sanat and Dall'Alba, Diego and Gonzalez, Cristians and Yu, Tong and Mascagni, Pietro and Mutter, Didier and Marescaux, Jacques and Fiorini, Paolo and Padoy, Nicolas},
  journal={International journal of computer assisted radiology and surgery},
  volume={16},
  pages={1111--1119},
  year={2021},
  publisher={Springer}
}

@article{reznick1993teaching,
  title={Teaching and testing technical skills},
  author={Reznick, Richard K},
  journal={The American journal of surgery},
  volume={165},
  number={3},
  pages={358--361},
  year={1993},
  publisher={Elsevier}
}

@article{richards2015national,
  title={A national review of the frequency of minimally invasive surgery among general surgery residents: assessment of {ACGME} case logs during 2 decades of general surgery resident training},
  author={Richards, Morgan K and McAteer, Jarod P and Drake, F Thurston and Goldin, Adam B and Khandelwal, Saurabh and Gow, Kenneth W},
  journal={JAMA surgery},
  volume={150},
  number={2},
  pages={169--172},
  year={2015},
  publisher={American Medical Association}
}

@article{stulberg2020association,
  title={Association between surgeon technical skills and patient outcomes},
  author={Stulberg, Jonah J and Huang, Reiping and Kreutzer, Lindsey and Ban, Kristen and Champagne, Bradley J and Steele, Scott R and Johnson, Julie K and Holl, Jane L and Greenberg, Caprice C and Bilimoria, Karl Y},
  journal={JAMA surgery},
  volume={155},
  number={10},
  pages={960--968},
  year={2020},
  publisher={American Medical Association}
}

@article{twinanda2016endonet,
  title={{EndoNet}: a deep architecture for recognition tasks on laparoscopic videos},
  author={Twinanda, Andru P and Shehata, Sherif and Mutter, Didier and Marescaux, Jacques and De Mathelin, Michel and Padoy, Nicolas},
  journal={IEEE transactions on medical imaging},
  volume={36},
  number={1},
  pages={86--97},
  year={2016},
  publisher={IEEE}
}

@article{twinanda2018rsdnet,
  title={{RSDNet}: Learning to predict remaining surgery duration from laparoscopic videos without manual annotations},
  author={Twinanda, Andru Putra and Yengera, Gaurav and Mutter, Didier and Marescaux, Jacques and Padoy, Nicolas},
  journal={IEEE transactions on medical imaging},
  volume={38},
  number={4},
  pages={1069--1078},
  year={2018},
  publisher={IEEE}
}

@inproceedings{valderrama2022towards,
  title={Towards holistic surgical scene understanding},
  author={Valderrama, Natalia and Ruiz Puentes, Paola and Hern{\'a}ndez, Isabela and Ayobi, Nicol{\'a}s and Verlyck, Mathilde and Santander, Jessica and Caicedo, Juan and Fern{\'a}ndez, Nicol{\'a}s and Arbel{\'a}ez, Pablo},
  booktitle={International conference on medical image computing and computer-assisted intervention},
  pages={442--452},
  year={2022},
  organization={Springer}
}

@article{vercauteren2019cai4cai,
  title={{CAI4CAI}: the rise of contextual artificial intelligence in computer-assisted interventions},
  author={Vercauteren, Tom and Unberath, Mathias and Padoy, Nicolas and Navab, Nassir},
  journal={Proceedings of the IEEE},
  volume={108},
  number={1},
  pages={198--214},
  year={2019},
  publisher={IEEE}
}

@article{zappella2013surgical,
  title={Surgical gesture classification from video and kinematic data},
  author={Zappella, Luca and B{\'e}jar, Benjam{\'\i}n and Hager, Gregory and Vidal, Ren{\'e}},
  journal={Medical image analysis},
  volume={17},
  number={7},
  pages={732--745},
  year={2013},
  publisher={Elsevier}
}

@article{zhou2021towards,
  title={Towards Holistic Surgical Scene Understanding},
  author={Zhou, Zhen and Li, Xiang and Xiong, Hui and Zhou, Bolei and Fei-Fei, Li},
  journal={International Journal of Computer Vision},
  volume={129},
  number={8},
  pages={2325--2346},
  year={2021},
  publisher={Springer}
}

