@article{nepogodiev2019global,
  title={Global burden of postoperative death},
  author={Nepogodiev, Dmitri and Martin, Janet and Biccard, Bruce and Makupe, Alex and Bhangu, Aneel and Ademuyiwa, Adesoji and Adisa, Adewale Oluseye and Aguilera, Maria-Lorena and Chakrabortee, Sohini and Fitzgerald, J Edward and others},
  journal={The Lancet},
  volume={393},
  number={10170},
  pages={401},
  year={2019},
  publisher={Elsevier}
}
@inproceedings{radosavovic2020designing,
  title={Designing network design spaces},
  author={Radosavovic, Ilija and Kosaraju, Raj Prateek and Girshick, Ross and He, Kaiming and Doll{\'a}r, Piotr},
  booktitle={Proceedings of the IEEE/CVF conference on computer vision and pattern recognition},
  pages={10428--10436},
  year={2020}
}
@article{luo2023surgplan,
  title={SurgPLAN: Surgical Phase Localization Network for Phase Recognition},
  author={Luo, Xingjian and Pang, You and Chen, Zhen and Wu, Jinlin and Zhang, Zongmin and Lei, Zhen and Liu, Hongbin},
  journal={arXiv preprint arXiv:2311.09965},
  year={2023}
}
@inproceedings{liu2022convnet,
  title={A convnet for the 2020s},
  author={Liu, Zhuang and Mao, Hanzi and Wu, Chao-Yuan and Feichtenhofer, Christoph and Darrell, Trevor and Xie, Saining},
  booktitle={Proceedings of the IEEE/CVF conference on computer vision and pattern recognition},
  pages={11976--11986},
  year={2022}
}
@article{yu2019review,
  title={A review of recurrent neural networks: LSTM cells and network architectures},
  author={Yu, Yong and Si, Xiaosheng and Hu, Changhua and Zhang, Jianxun},
  journal={Neural computation},
  volume={31},
  number={7},
  pages={1235--1270},
  year={2019},
  publisher={MIT Press One Rogers Street, Cambridge, MA 02142-1209, USA journals-info~â€¦}
}
@article{steiner2021train,
  title={How to train your vit? data, augmentation, and regularization in vision transformers},
  author={Steiner, Andreas and Kolesnikov, Alexander and Zhai, Xiaohua and Wightman, Ross and Uszkoreit, Jakob and Beyer, Lucas},
  journal={arXiv preprint arXiv:2106.10270},
  year={2021}
}
@inproceedings{caron2021emerging,
  title={Emerging properties in self-supervised vision transformers},
  author={Caron, Mathilde and Touvron, Hugo and Misra, Ishan and J{\'e}gou, Herv{\'e} and Mairal, Julien and Bojanowski, Piotr and Joulin, Armand},
  booktitle={Proceedings of the IEEE/CVF international conference on computer vision},
  pages={9650--9660},
  year={2021}
}
@inproceedings{liu2022swin,
  title={Swin transformer v2: Scaling up capacity and resolution},
  author={Liu, Ze and Hu, Han and Lin, Yutong and Yao, Zhuliang and Xie, Zhenda and Wei, Yixuan and Ning, Jia and Cao, Yue and Zhang, Zheng and Dong, Li and others},
  booktitle={Proceedings of the IEEE/CVF conference on computer vision and pattern recognition},
  pages={12009--12019},
  year={2022}
}
@article{feldman2020sages,
  title={{SAGES Video-Based Assessment (VBA) program}: a vision for life-long learning for surgeons},
  author={Feldman, Liane S and Pryor, Aurora D and Gardner, Aimee K and Dunkin, Brian J and Schultz, Linda and Awad, Michael M and Ritter, E Matthew},
  journal={Surgical endoscopy},
  volume={34},
  pages={3285--3288},
  year={2020},
  publisher={Springer}
}

@article{ayobi2024pixel,
  title={Pixel-Wise Recognition for Holistic Surgical Scene Understanding},
  author={Ayobi, Nicol{\'a}s and Rodr{\'\i}guez, Santiago and P{\'e}rez, Alejandra and Hern{\'a}ndez, Isabela and Aparicio, Nicol{\'a}s and Dessevres, Eug{\'e}nie and Pe{\~n}a, Sebasti{\'a}n and Santander, Jessica and Caicedo, Juan Ignacio and Fern{\'a}ndez, Nicol{\'a}s and others},
  journal={arXiv preprint arXiv:2401.11174},
  year={2024}
}
@article{schmidgall2024general,
  title={General surgery vision transformer: A video pre-trained foundation model for general surgery},
  author={Schmidgall, S. and Kim, J. W. and Jopling, J. and Krieger, A.},
  year={2024},
  journal={ArXiv},
  url={https://arxiv.org/abs/2403.05949}
}
@article{han2022survey,
  title={A survey on vision transformer},
  author={Han, Kai and Wang, Yunhe and Chen, Hanting and Chen, Xinghao and Guo, Jianyuan and Liu, Zhenhua and Tang, Yehui and Xiao, An and Xu, Chunjing and Xu, Yixing and others},
  journal={IEEE transactions on pattern analysis and machine intelligence},
  volume={45},
  number={1},
  pages={87--110},
  year={2022},
  publisher={IEEE}
}
@inproceedings{valderrama2022towards,
  title={Towards holistic surgical scene understanding},
  author={Valderrama, Natalia and Ruiz Puentes, Paola and Hern{\'a}ndez, Isabela and Ayobi, Nicol{\'a}s and Verlyck, Mathilde and Santander, Jessica and Caicedo, Juan and Fern{\'a}ndez, Nicol{\'a}s and Arbel{\'a}ez, Pablo},
  booktitle={International conference on medical image computing and computer-assisted intervention},
  pages={442--452},
  year={2022},
  organization={Springer}
}

@article{padoy2019machine,
  title={Machine and deep learning for workflow recognition during surgery},
  author={Padoy, Nicolas},
  journal={Minimally Invasive Therapy \& Allied Technologies},
  volume={28},
  number={2},
  pages={82--90},
  year={2019},
  publisher={Taylor \& Francis}
}

@article{huaulme2020offline,
  title={Offline identification of surgical deviations in laparoscopic rectopexy},
  author={Huaulm{\'e}, Arnaud and Jannin, Pierre and Reche, Fabian and Faucheron, Jean-Luc and Moreau-Gaudry, Alexandre and Voros, Sandrine},
  journal={Artificial Intelligence in Medicine},
  volume={104},
  pages={101837},
  year={2020},
  publisher={Elsevier}
}

@article{sacks2015relationship,
  title={Relationship between hospital performance on a patient satisfaction survey and surgical quality},
  author={Sacks, Greg D and Lawson, Elise H and Dawes, Aaron J and Russell, Marcia M and Maggard-Gibbons, Melinda and Zingmond, David S and Ko, Clifford Y},
  journal={JAMA surgery},
  volume={150},
  number={9},
  pages={858--864},
  year={2015},
  publisher={American Medical Association}
}

@article{martin1997objective,
  title={Objective structured assessment of technical skill ({OSATS}) for surgical residents},
  author={Martin, JA and Regehr, Glenn and Reznick, Richard and Macrae, Helen and Murnaghan, John and Hutchison, Carol and Brown, M},
  journal={British journal of surgery},
  volume={84},
  number={2},
  pages={273--278},
  year={1997},
  publisher={Wiley Online Library}
}

@article{hashimoto2018artificial,
  title={Artificial intelligence in surgery: promises and perils},
  author={Hashimoto, Daniel A and Rosman, Guy and Rus, Daniela and Meireles, Ozanan R},
  journal={Annals of surgery},
  volume={268},
  number={1},
  pages={70},
  year={2018},
  publisher={NIH Public Access}
}

@article{richards2015national,
  title={A national review of the frequency of minimally invasive surgery among general surgery residents: assessment of {ACGME} case logs during 2 decades of general surgery resident training},
  author={Richards, Morgan K and McAteer, Jarod P and Drake, F Thurston and Goldin, Adam B and Khandelwal, Saurabh and Gow, Kenneth W},
  journal={JAMA surgery},
  volume={150},
  number={2},
  pages={169--172},
  year={2015},
  publisher={American Medical Association}
}

@article{esteva2021deep,
  title={Deep learning-enabled medical computer vision},
  author={Esteva, Andre and Chou, Katherine and Yeung, Serena and Naik, Nikhil and Madani, Ali and Mottaghi, Ali and Liu, Yun and Topol, Eric and Dean, Jeff and Socher, Richard},
  journal={NPJ digital medicine},
  volume={4},
  number={1},
  pages={5},
  year={2021},
  publisher={Nature Publishing Group UK London}
}

@article{korndorffer2020situating,
  title={Situating artificial intelligence in surgery: a focus on disease severity},
  author={Korndorffer Jr, James R and Hawn, Mary T and Spain, David A and Knowlton, Lisa M and Azagury, Dan E and Nassar, Aussama K and Lau, James N and Arnow, Katherine D and Trickey, Amber W and Pugh, Carla M},
  journal={Annals of surgery},
  volume={272},
  number={3},
  pages={523--528},
  year={2020},
  publisher={LWW}
}

@article{mascagni2021computer,
  title={A computer vision platform to automatically locate critical events in surgical videos: documenting safety in laparoscopic cholecystectomy},
  author={Mascagni, Pietro and Alapatt, Deepak and Urade, Takeshi and Vardazaryan, Armine and Mutter, Didier and Marescaux, Jacques and Costamagna, Guido and Dallemagne, Bernard and Padoy, Nicolas},
  journal={Annals of surgery},
  volume={274},
  number={1},
  pages={e93--e95},
  year={2021},
  publisher={LWW}
}

@article{kiyasseh2023vision,
  title={A vision transformer for decoding surgeon activity from surgical videos},
  author={Kiyasseh, Dani and Ma, Runzhuo and Haque, Taseen F and Miles, Brian J and Wagner, Christian and Donoho, Daniel A and Anandkumar, Animashree and Hung, Andrew J},
  journal={Nature Biomedical Engineering},
  pages={1--17},
  year={2023},
  publisher={Nature Publishing Group UK London}
}

@article{birkmeyer2013surgical,
  title={Surgical skill and complication rates after bariatric surgery},
  author={Birkmeyer, John D and Finks, Jonathan F and O'reilly, Amanda and Oerline, Mary and Carlin, Arthur M and Nunn, Andre R and Dimick, Justin and Banerjee, Mousumi and Birkmeyer, Nancy JO},
  journal={New England Journal of Medicine},
  volume={369},
  number={15},
  pages={1434--1442},
  year={2013},
  publisher={Mass Medical Soc}
}

@inproceedings{zia2018surgical,
  title={Surgical activity recognition in robot-assisted radical prostatectomy using deep learning},
  author={Zia, Aneeq and Hung, Andrew and Essa, Irfan and Jarc, Anthony},
  booktitle={Medical Image Computing and Computer Assisted Intervention--MICCAI 2018: 21st International Conference, Granada, Spain, September 16-20, 2018, Proceedings, Part IV 11},
  pages={273--280},
  year={2018},
  organization={Springer}
}

@article{luongo2021deep,
  title={Deep learning-based computer vision to recognize and classify suturing gestures in robot-assisted surgery},
  author={Luongo, Francisco and Hakim, Ryan and Nguyen, Jessica H and Anandkumar, Animashree and Hung, Andrew J},
  journal={Surgery},
  volume={169},
  number={5},
  pages={1240--1244},
  year={2021},
  publisher={Elsevier}
}

@article{lavanchy2021automation,
  title={Automation of surgical skill assessment using a three-stage machine learning algorithm},
  author={Lavanchy, Jo{\"e}l L and Zindel, Joel and Kirtac, Kadir and Twick, Isabell and Hosgor, Enes and Candinas, Daniel and Beldi, Guido},
  journal={Scientific reports},
  volume={11},
  number={1},
  pages={5197},
  year={2021},
  publisher={Nature Publishing Group UK London}
}

@article{goodman2021real,
  title={A real-time spatiotemporal AI model analyzes skill in open surgical videos},
  author={Goodman, Emmett D and Patel, Krishna K and Zhang, Yilun and Locke, William and Kennedy, Chris J and Mehrotra, Rohan and Ren, Stephen and Guan, Melody Y and Downing, Maren and Chen, Hao Wei and others},
  journal={arXiv preprint arXiv:2112.07219},
  year={2021}
}

@inproceedings{liu2023efficientvit,
  title={Efficientvit: Memory efficient vision transformer with cascaded group attention},
  author={Liu, Xinyu and Peng, Houwen and Zheng, Ningxin and Yang, Yuqing and Hu, Han and Yuan, Yixuan},
  booktitle={Proceedings of the IEEE/CVF Conference on Computer Vision and Pattern Recognition},
  pages={14420--14430},
  year={2023}
}

@article{twinanda2016endonet,
  title={{EndoNet}: a deep architecture for recognition tasks on laparoscopic videos},
  author={Twinanda, Andru P and Shehata, Sherif and Mutter, Didier and Marescaux, Jacques and De Mathelin, Michel and Padoy, Nicolas},
  journal={IEEE transactions on medical imaging},
  volume={36},
  number={1},
  pages={86--97},
  year={2016},
  publisher={IEEE}
}

@article{dergachyova2016automatic,
  title={Automatic data-driven real-time segmentation and recognition of surgical workflow},
  author={Dergachyova, Olga and Bouget, David and Huaulm{\'e}, Arnaud and Morandi, Xavier and Jannin, Pierre},
  journal={International journal of computer assisted radiology and surgery},
  volume={11},
  pages={1081--1089},
  year={2016},
  publisher={Springer}
}

@inproceedings{blum2010modeling,
  title={Modeling and segmentation of surgical workflow from laparoscopic video},
  author={Blum, Tobias and Feu{\ss}ner, Hubertus and Navab, Nassir},
  booktitle={Medical Image Computing and Computer-Assisted Intervention--MICCAI 2010: 13th International Conference, Beijing, China, September 20-24, 2010, Proceedings, Part III 13},
  pages={400--407},
  year={2010},
  organization={Springer}
}

@article{fecso2017effect,
  title={The effect of technical performance on patient outcomes in surgery},
  author={Fecso, Andras B and Szasz, Peter and Kerezov, Georgi and Grantcharov, Teodor P},
  journal={Annals of surgery},
  volume={265},
  number={3},
  pages={492--501},
  year={2017},
  publisher={Wolters Kluwer}
}

@article{nataraja2018simulation,
  title={Simulation in paediatric urology and surgery, part 2: An overview of simulation modalities and their applications},
  author={Nataraja, RM and Webb, N and Lopez, PJ},
  journal={Journal of pediatric urology},
  volume={14},
  number={2},
  pages={125--131},
  year={2018},
  publisher={Elsevier}
}

@article{stulberg2020association,
  title={Association between surgeon technical skills and patient outcomes},
  author={Stulberg, Jonah J and Huang, Reiping and Kreutzer, Lindsey and Ban, Kristen and Champagne, Bradley J and Steele, Scott R and Johnson, Julie K and Holl, Jane L and Greenberg, Caprice C and Bilimoria, Karl Y},
  journal={JAMA surgery},
  volume={155},
  number={10},
  pages={960--968},
  year={2020},
  publisher={American Medical Association}
}

@article{katic2013context,
  title={Context-aware augmented reality in laparoscopic surgery},
  author={Kati{\'c}, Darko and Wekerle, Anna-Laura and G{\"o}rtler, Jochen and Spengler, Patrick and Bodenstedt, Sebastian and R{\"o}hl, Sebastian and Suwelack, Stefan and Kenngott, Hannes G{\"o}tz and Wagner, Martin and M{\"u}ller-Stich, Beat Peter and others},
  journal={Computerized Medical Imaging and Graphics},
  volume={37},
  number={2},
  pages={174--182},
  year={2013},
  publisher={Elsevier}
}

@article{kiyasseh2023vision,
  title={A vision transformer for decoding surgeon activity from surgical videos},
  author={Kiyasseh, Dani and Ma, Runzhuo and Haque, Taseen F and Miles, Brian J and Wagner, Christian and Donoho, Daniel A and Anandkumar, Animashree and Hung, Andrew J},
  journal={Nature Biomedical Engineering},
  pages={1--17},
  year={2023},
  publisher={Nature Publishing Group UK London}
}

@article{reznick1993teaching,
  title={Teaching and testing technical skills},
  author={Reznick, Richard K},
  journal={The American journal of surgery},
  volume={165},
  number={3},
  pages={358--361},
  year={1993},
  publisher={Elsevier}
}

@article{bjerrum2018surgical,
  title={Surgical simulation: current practices and future perspectives for technical skills training},
  author={Bjerrum, Flemming and Thomsen, Ann Sofia Skou and Nayahangan, Leizl Joy and Konge, Lars},
  journal={Medical teacher},
  volume={40},
  number={7},
  pages={668--675},
  year={2018},
  publisher={Taylor \& Francis}
}

@article{ahmidi2017dataset,
  title={A dataset and benchmarks for segmentation and recognition of gestures in robotic surgery},
  author={Ahmidi, Narges and Tao, Lingling and Sefati, Shahin and Gao, Yixin and Lea, Colin and Haro, Benjamin Bejar and Zappella, Luca and Khudanpur, Sanjeev and Vidal, Ren{\'e} and Hager, Gregory D},
  journal={IEEE Transactions on Biomedical Engineering},
  volume={64},
  number={9},
  pages={2025--2041},
  year={2017},
  publisher={IEEE}
}

@article{dipietro2019segmenting,
  title={Segmenting and classifying activities in robot-assisted surgery with recurrent neural networks},
  author={DiPietro, Robert and Ahmidi, Narges and Malpani, Anand and Waldram, Madeleine and Lee, Gyusung I and Lee, Mija R and Vedula, S Swaroop and Hager, Gregory D},
  journal={International journal of computer assisted radiology and surgery},
  volume={14},
  number={11},
  pages={2005--2020},
  year={2019},
  publisher={Springer}
}

@article{paysan2021self,
  title={Self-supervised representation learning for surgical activity recognition},
  author={Paysan, Daniel and Haug, Luis and Bajka, Michael and Oelhafen, Markus and Buhmann, Joachim M},
  journal={International Journal of Computer Assisted Radiology and Surgery},
  volume={16},
  pages={2037--2044},
  year={2021},
  publisher={Springer}
}

@article{kadkhodamohammadi2021towards,
  title={Towards video-based surgical workflow understanding in open orthopaedic surgery},
  author={Kadkhodamohammadi, Abdolrahim and Sivanesan Uthraraj, Nachappa and Giataganas, Petros and Gras, Gauthier and Kerr, Karen and Luengo, Imanol and Oussedik, Sam and Stoyanov, Danail},
  journal={Computer Methods in Biomechanics and Biomedical Engineering: Imaging \& Visualization},
  volume={9},
  number={3},
  pages={286--293},
  year={2021},
  publisher={Taylor \& Francis}
}

@article{holden2014feasibility,
  title={Feasibility of real-time workflow segmentation for tracked needle interventions},
  author={Holden, Matthew Stephen and Ungi, Tamas and Sargent, Derek and McGraw, Robert C and Chen, Elvis CS and Ganapathy, Sugantha and Peters, Terry M and Fichtinger, Gabor},
  journal={IEEE Transactions on Biomedical Engineering},
  volume={61},
  number={6},
  pages={1720--1728},
  year={2014},
  publisher={IEEE}
}

@article{padoy2012statistical,
  title={Statistical modeling and recognition of surgical workflow},
  author={Padoy, Nicolas and Blum, Tobias and Ahmadi, Seyed-Ahmad and Feussner, Hubertus and Berger, Marie-Odile and Navab, Nassir},
  journal={Medical image analysis},
  volume={16},
  number={3},
  pages={632--641},
  year={2012},
  publisher={Elsevier}
}

@inproceedings{lin2005automatic,
  title={Automatic detection and segmentation of robot-assisted surgical motions},
  author={Lin, Henry C and Shafran, Izhak and Murphy, Todd E and Okamura, Allison M and Yuh, David D and Hager, Gregory D},
  booktitle={International conference on medical image computing and computer-assisted intervention},
  pages={802--810},
  year={2005},
  organization={Springer}
}

@article{jin2017sv,
  title={SV-RCNet: workflow recognition from surgical videos using recurrent convolutional network},
  author={Jin, Yueming and Dou, Qi and Chen, Hao and Yu, Lequan and Qin, Jing and Fu, Chi-Wing and Heng, Pheng-Ann},
  journal={IEEE transactions on medical imaging},
  volume={37},
  number={5},
  pages={1114--1126},
  year={2017},
  publisher={IEEE}
}

@article{zappella2013surgical,
  title={Surgical gesture classification from video and kinematic data},
  author={Zappella, Luca and B{\'e}jar, Benjam{\'\i}n and Hager, Gregory and Vidal, Ren{\'e}},
  journal={Medical image analysis},
  volume={17},
  number={7},
  pages={732--745},
  year={2013},
  publisher={Elsevier}
}


@article{krishnan2017transition,
  title={Transition state clustering: Unsupervised surgical trajectory segmentation for robot learning},
  author={Krishnan, Sanjay and Garg, Animesh and Patil, Sachin and Lea, Colin and Hager, Gregory and Abbeel, Pieter and Goldberg, Ken},
  journal={The International Journal of Robotics Research},
  volume={36},
  number={13-14},
  pages={1595--1618},
  year={2017},
  publisher={SAGE Publications Sage UK: London, England}
}

@article{mascagni2022computer,
  title={Computer vision in surgery: from potential to clinical value},
  author={Mascagni, Pietro and Alapatt, Deepak and Sestini, Luca and Altieri, Maria S and Madani, Amin and Watanabe, Yusuke and Alseidi, Adnan and Redan, Jay A and Alfieri, Sergio and Costamagna, Guido and others},
  journal={npj Digital Medicine},
  volume={5},
  number={1},
  pages={163},
  year={2022},
  publisher={Nature Publishing Group UK London}
}

@article{vercauteren2019cai4cai,
  title={{CAI4CAI}: the rise of contextual artificial intelligence in computer-assisted interventions},
  author={Vercauteren, Tom and Unberath, Mathias and Padoy, Nicolas and Navab, Nassir},
  journal={Proceedings of the IEEE},
  volume={108},
  number={1},
  pages={198--214},
  year={2019},
  publisher={IEEE}
}

@inproceedings{nwoye2020recognition,
  title={Recognition of instrument-tissue interactions in endoscopic videos via action triplets},
  author={Nwoye, Chinedu Innocent and Gonzalez, Cristians and Yu, Tong and Mascagni, Pietro and Mutter, Didier and Marescaux, Jacques and Padoy, Nicolas},
  booktitle={Medical Image Computing and Computer Assisted Intervention--MICCAI 2020: 23rd International Conference, Lima, Peru, October 4--8, 2020, Proceedings, Part III 23},
  pages={364--374},
  year={2020},
  organization={Springer}
}

@article{nwoye2023cholectriplet2022,
  title={{CholecTriplet2022}: Show me a tool and tell me the tripletâ€”An endoscopic vision challenge for surgical action triplet detection},
  author={Nwoye, Chinedu Innocent and Yu, Tong and Sharma, Saurav and Murali, Aditya and Alapatt, Deepak and Vardazaryan, Armine and Yuan, Kun and Hajek, Jonas and Reiter, Wolfgang and Yamlahi, Amine and others},
  journal={Medical Image Analysis},
  volume={89},
  pages={102888},
  year={2023},
  publisher={Elsevier}
}

@article{ramesh2021multi,
  title={Multi-task temporal convolutional networks for joint recognition of surgical phases and steps in gastric bypass procedures},
  author={Ramesh, Sanat and Dall'Alba, Diego and Gonzalez, Cristians and Yu, Tong and Mascagni, Pietro and Mutter, Didier and Marescaux, Jacques and Fiorini, Paolo and Padoy, Nicolas},
  journal={International journal of computer assisted radiology and surgery},
  volume={16},
  pages={1111--1119},
  year={2021},
  publisher={Springer}
}

@inproceedings{gao2021trans,
  title={{Trans-SVNet}: Accurate phase recognition from surgical videos via hybrid embedding aggregation transformer},
  author={Gao, Xiaojie and Jin, Yueming and Long, Yonghao and Dou, Qi and Heng, Pheng-Ann},
  booktitle={Medical Image Computing and Computer Assisted Intervention--MICCAI 2021: 24th International Conference, Strasbourg, France, September 27--October 1, 2021, Proceedings, Part IV 24},
  pages={593--603},
  year={2021},
  organization={Springer}
}

@article{funke2023tunes,
  title={{TUNeS: A Temporal U-Net with Self-Attention for Video-based Surgical Phase Recognition}},
  author={Funke, Isabel and Rivoir, Dominik and Krell, Stefanie and Speidel, Stefanie},
  journal={arXiv preprint arXiv:2307.09997},
  year={2023}
}

@article{weiser2015estimate,
  title={Estimate of the global volume of surgery in 2012: an assessment supporting improved health outcomes},
  author={Weiser, Thomas G and Haynes, Alex B and Molina, George and Lipsitz, Stuart R and Esquivel, Micaela M and Uribe-Leitz, Tarsicio and Fu, Rui and Azad, Tej and Chao, Tiffany E and Berry, William R and others},
  journal={The Lancet},
  volume={385},
  pages={S11},
  year={2015},
  publisher={Elsevier}
}

@article{lewandrowski2020regional,
  title={Regional variations in acceptance, and utilization of minimally invasive spinal surgery techniques among spine surgeons: results of a global survey},
  author={Lewandrowski, Kai-Uwe and Soriano-S{\'a}nchez, Jos{\'e}-Antonio and Zhang, Xifeng and Le{\'o}n, Jorge Felipe Ram{\'\i}rez and Solis, Sergio Soriano and Ort{\'\i}z, Jos{\'e} Gabriel Rugeles and Mart{\'\i}nez, Carolina Ram{\'\i}rez and Cu{\'e}llar, Gabriel Oswaldo Alonso and Liu, Kaixuan and Fu, Qiang and others},
  journal={Journal of Spine Surgery},
  volume={6},
  number={Suppl 1},
  pages={S260},
  year={2020},
  publisher={OSS Press}
}

@book{liu2009encyclopedia,
  title={Encyclopedia of database systems},
  author={Liu, Ling and {\"O}zsu, M Tamer},
  volume={6},
  year={2009},
  publisher={Springer New York}
}

@article{hashimoto2019computer,
  title={Computer vision analysis of intraoperative video: automated recognition of operative steps in laparoscopic sleeve gastrectomy},
  author={Hashimoto, Daniel A and Rosman, Guy and Witkowski, Elan R and Stafford, Caitlin and Navarette-Welton, Allison J and Rattner, David W and Lillemoe, Keith D and Rus, Daniela L and Meireles, Ozanan R},
  journal={Annals of surgery},
  volume={270},
  number={3},
  pages={414--421},
  year={2019},
  publisher={LWW}
}
@article{nwoye2019weakly,
  title={Weakly supervised convolutional LSTM approach for tool tracking in laparoscopic videos},
  author={Nwoye, Chinedu Innocent and Mutter, Didier and Marescaux, Jacques and Padoy, Nicolas},
  journal={International journal of computer assisted radiology and surgery},
  volume={14},
  pages={1059--1067},
  year={2019},
  publisher={Springer}
}

@article{twinanda2018rsdnet,
  title={{RSDNet}: Learning to predict remaining surgery duration from laparoscopic videos without manual annotations},
  author={Twinanda, Andru Putra and Yengera, Gaurav and Mutter, Didier and Marescaux, Jacques and Padoy, Nicolas},
  journal={IEEE transactions on medical imaging},
  volume={38},
  number={4},
  pages={1069--1078},
  year={2018},
  publisher={IEEE}
}

@article{mascagni2021computer,
  title={A computer vision platform to automatically locate critical events in surgical videos: documenting safety in laparoscopic cholecystectomy},
  author={Mascagni, Pietro and Alapatt, Deepak and Urade, Takeshi and Vardazaryan, Armine and Mutter, Didier and Marescaux, Jacques and Costamagna, Guido and Dallemagne, Bernard and Padoy, Nicolas},
  journal={Annals of surgery},
  volume={274},
  number={1},
  pages={e93--e95},
  year={2021},
  publisher={LWW}
}

@article{lavanchy2021automation,
  title={Automation of surgical skill assessment using a three-stage machine learning algorithm},
  author={Lavanchy, Jo{\"e}l L and Zindel, Joel and Kirtac, Kadir and Twick, Isabell and Hosgor, Enes and Candinas, Daniel and Beldi, Guido},
  journal={Scientific reports},
  volume={11},
  number={1},
  pages={5197},
  year={2021},
  publisher={Nature Publishing Group UK London}
}

@article{aspart2022clipassistnet,
  title={ClipAssistNet: bringing real-time safety feedback to operating rooms},
  author={Aspart, Florian and Bolmgren, Jon L and Lavanchy, Jo{\"e}l L and Beldi, Guido and Woods, Michael S and Padoy, Nicolas and Hosgor, Enes},
  journal={International journal of computer assisted radiology and surgery},
  volume={17},
  pages={5--13},
  year={2022},
  publisher={Springer}
}

@article{yamashita2018convolutional,
  title={Convolutional neural networks: an overview and application in radiology},
  author={Yamashita, Rikiya and Nishio, Mizuho and Do, Richard Kinh Gian and Togashi, Kaori},
  journal={Insights into imaging},
  volume={9},
  pages={611--629},
  year={2018},
  publisher={Springer}
}

@article{Gurevych2013-uo,
  title = {WebAnno: A flexible, web-based and visually supported system for distributed annotations},
  author = {Gurevych, I and De Castilho, R E and Biemann, C},
  journal = {51st Annual Meeting...},
  publisher = {aclanthology.org},
  year = {2013}
}

@book{Barolli2022-ua,
   title = {Complex, Intelligent and Software Intensive Systems: Proceedings of the 16th International Conference on Complex, Intelligent and Software Intensive Systems (CISIS-2022)},
   author = {Barolli, Leonard},
   publisher = {Springer Nature},
   month = jun,
   year = 2022,
   language = {en}
}

@article{zhang2022large,
  title={Large-scale surgical workflow segmentation for laparoscopic sacrocolpopexy},
  author={Zhang, Yitong and Bano, Sophia and Page, Ann-Sophie and Deprest, Jan and Stoyanov, Danail and Vasconcelos, Francisco},
  journal={International Journal of Computer Assisted Radiology and Surgery},
  volume={17},
  number={3},
  pages={467--477},
  year={2022},
  publisher={Springer}
}

@article{maier2017surgical,
  title={Surgical data science for next-generation interventions},
  author={Maier-Hein, Lena and Vedula, Swaroop S and Speidel, Stefanie and Navab, Nassir and Kikinis, Ron and Park, Adrian and Eisenmann, Matthias and Feussner, Hubertus and Forestier, Germain and Giannarou, Stamatia and others},
  journal={Nature Biomedical Engineering},
  volume={1},
  number={9},
  pages={691--696},
  year={2017},
  publisher={Nature Publishing Group}
}

@article{reiley2011review,
  title={Review of methods for objective surgical skill evaluation},
  author={Reiley, Carol E and Lin, Henry C and Yuh, David D and Hager, Gregory D},
  journal={Surgical endoscopy},
  volume={25},
  pages={356--366},
  year={2011},
  publisher={Springer}
}

@article{seenivasan2022global,
  title={Global-reasoned multi-task learning model for surgical scene understanding},
  author={Seenivasan, Lalithkumar and Mitheran, Sai and Islam, Mobarakol and Ren, Hongliang},
  journal={IEEE Robotics and Automation Letters},
  volume={7},
  number={2},
  pages={3858--3865},
  year={2022},
  publisher={IEEE}
}

@article{hou2022adaptive,
  title={Adaptive kernel selection network with attention constraint for surgical instrument classification},
  author={Hou, Yaqing and Zhang, Wenkai and Liu, Qian and Ge, Hongwei and Meng, Jun and Zhang, Qiang and Wei, Xiaopeng},
  journal={Neural Computing and Applications},
  pages={1--15},
  year={2022},
  publisher={Springer}
}

@article{konduri2024full,
  title={Full resolution convolutional neural network based organ and surgical instrument classification on laparoscopic image data},
  author={Konduri, Praveen SR and Rao, G Siva Nageswara},
  journal={Biomedical Signal Processing and Control},
  volume={87},
  pages={105533},
  year={2024},
  publisher={Elsevier}
}
@article{lu2023analysis,
  title={Analysis and design of surgical instrument localization algorithm},
  author={Lu, Siyu and Yang, Jun and Yang, Bo and Yin, Zhengtong and Liu, Mingzhe and Yin, Lirong and Zheng, Wenfeng},
  journal={Comput. Model. Eng. Sci},
  volume={137},
  number={1},
  pages={669--685},
  year={2023}
}
@inproceedings{kanakatte2020surgical,
  title={Surgical tool segmentation and localization using spatio-temporal deep network},
  author={Kanakatte, Aparna and Ramaswamy, Akshaya and Gubbi, Jayavardhana and Ghose, Avik and Purushothaman, Balamuralidhar},
  booktitle={2020 42nd annual international conference of the IEEE engineering in medicine \& biology society (EMBC)},
  pages={1658--1661},
  year={2020},
  organization={IEEE}
}
Mahmood Alam:

@inproceedings{yue2024surgicalsam,
  title={Surgical{SAM}: Efficient class promptable surgical instrument segmentation},
  author={Yue, Wenxi and Zhang, Jing and Hu, Kun and Xia, Yong and Luo, Jiebo and Wang, Zhiyong},
  booktitle={Proceedings of the AAAI Conference on Artificial Intelligence},
  volume={38},
  number={7},
  pages={6890--6898},
  year={2024}
}

@article{zhou2024text,
  title={Text promptable surgical instrument segmentation with vision-language models},
  author={Zhou, Zijian and Alabi, Oluwatosin and Wei, Meng and Vercauteren, Tom and Shi, Miaojing},
  journal={Advances in Neural Information Processing Systems},
  volume={36},
  year={2024}
}

@article{chen2023intelligent,
  title={An intelligent tracking system for surgical instruments in complex surgical environment},
  author={Chen, Long and Ma, Li and Zhang, Fengfeng and Yang, Xinrong and Sun, Lining},
  journal={Expert Systems with Applications},
  volume={230},
  pages={120743},
  year={2023},
  publisher={Elsevier}
}

@inproceedings{scheikl2020deep,
  title={Deep learning for semantic segmentation of organs and tissues in laparoscopic surgery},
  author={Scheikl, Paul Maria and Laschewski, Stefan and Kisilenko, Anna and Davitashvili, Tornike and M{\"u}ller, Benjamin and Capek, Manuela and M{\"u}ller-Stich, Beat P and Wagner, Martin and Mathis-Ullrich, Franziska},
  booktitle={Current Directions in Biomedical Engineering},
  volume={6},
  number={1},
  pages={20200016},
  year={2020},
  organization={De Gruyter}
}

@inproceedings{arnold2013hyper,
  title={Hyper-spectral video endoscopy system for intra-surgery tissue classification},
  author={Arnold, Thomas and De Biasio, Martin and Leitner, Raimund},
  booktitle={2013 Seventh International Conference on Sensing Technology (ICST)},
  pages={145--150},
  year={2013},
  organization={IEEE}
}

@article{cervantes2021automatic,
  title={Automatic tissue segmentation of hyperspectral images in liver and head neck surgeries using machine learning},
  author={Cervantes-Sanchez, Fernando and Maktabi, Marianne and K{\"o}hler, Hannes and Sucher, Robert and Rayes, Nada and Avina-Cervantes, Juan Gabriel and Cruz-Aceves, Ivan and Chalopin, Claire},
  journal={Artif Intell Surg},
  volume={1},
  number={22-37},
  pages={3},
  year={2021}
}

@article{cahill2021artificial,
  title={Artificial intelligence indocyanine green ({ICG}) perfusion for colorectal cancer intra-operative tissue classification},
  author={Cahill, Ronan A and O'Shea, Donal F and Khan, MF and Khokhar, HA and Epperlein, Jonathan P and Mac Aonghusa, PG and Nair, R and Zhuk, SM},
  journal={British Journal of Surgery},
  volume={108},
  number={1},
  pages={5--9},
  year={2021},
  publisher={Oxford University Press}
}

@article{mascagni2022artificial,
  title={Artificial intelligence for surgical safety: automatic assessment of the critical view of safety in laparoscopic cholecystectomy using deep learning},
  author={Mascagni, Pietro and Vardazaryan, Armine and Alapatt, Deepak and Urade, Takeshi and Emre, Taha and Fiorillo, Claudio and Pessaux, Patrick and Mutter, Didier and Marescaux, Jacques and Costamagna, Guido and others},
  journal={Annals of surgery},
  volume={275},
  number={5},
  pages={955--961},
  year={2022},
  publisher={LWW}
}

@article{demir2023deep,
  title={Deep learning in surgical workflow analysis: A review of phase and step recognition},
  author={Demir, Kubilay Can and Schieber, Hannah and WeiseRoth, TobiasDaniel and May, Matthias and Maier, Andreas and Yang, Seung Hee},
  journal={IEEE Journal of Biomedical and Health Informatics},
  year={2023},
  publisher={IEEE}
}

@article{metchik2024novel,
  title={A novel approach to quantifying surgical workflow in robotic-assisted lobectomy},
  author={Metchik, Ariana and Bhattacharyya, Kiran and Yousaf, Sadia and Jarc, Anthony and Oh, Daniel and Lazar, John F},
  journal={The International Journal of Medical Robotics and Computer Assisted Surgery},
  volume={20},
  number={1},
  pages={e2546},
  year={2024},
  publisher={Wiley Online Library}
}

@article{guo2023current,
  title={Current applications of artificial intelligence-based computer vision in laparoscopic surgery},
  author={Guo, Kangwei and Tao, Haisu and Zhu, Yilin and Li, Baihong and Fang, Chihua and Qian, Yinling and Yang, Jian},
  journal={Laparoscopic, Endoscopic and Robotic Surgery},
  year={2023},
  publisher={Elsevier}
}

@article{Seenivasan_2022,
   title={Global-Reasoned Multi-Task Learning Model for Surgical Scene Understanding},
   volume={7},
   ISSN={2377-3774},
   url={http://dx.doi.org/10.1109/LRA.2022.3146544},
   DOI={10.1109/lra.2022.3146544},
   number={2},
   journal={IEEE Robotics and Automation Letters},
   publisher={Institute of Electrical and Electronics Engineers (IEEE)},
   author={Seenivasan, Lalithkumar and Mitheran, Sai and Islam, Mobarakol and Ren, Hongliang},
   year={2022},
   month=apr, pages={3858â€“3865} }

@incollection{huber2020video,
  author    = {Matthias Huber},
  title     = {Video-Based Content Analysis},
  booktitle = {Handbook of Research on Multimodal Human Computer Interaction and Pervasive Services},
  editor    = {Abraham G. Campbell and Liangjie Hong and Florian Meinel and Matteo Zallio},
  year      = {2020},
  publisher = {CRC Press},
  doi       = {10.4324/9780429316647-5},
  url       = {https://www.taylorfrancis.com/chapters/edit/10.4324/9780429316647-5/video-based-content-analysis-matthias-huber},
}
@article{zhou2021towards,
  title={Towards Holistic Surgical Scene Understanding},
  author={Zhou, Zhen and Li, Xiang and Xiong, Hui and Zhou, Bolei and Fei-Fei, Li},
  journal={International Journal of Computer Vision},
  volume={129},
  number={8},
  pages={2325--2346},
  year={2021},
  publisher={Springer}
}
@inproceedings{gu2018ava,
  title={AVA: A video dataset of spatiotemporally localized atomic visual actions},
  author={Gu, Chunhui and Sun, Chen and Ross, David A and Vondrick, Carl and Pantofaru, Caroline and Li, Yeqing and Vijayanarasimhan, Sudheendra and Toderici, George and Ricco, Susanna and Sukthankar, Rahul and others},
  booktitle={Proceedings of the IEEE Conference on Computer Vision and Pattern Recognition},
  pages={6047--6056},
  year={2018}
}
@article{demir2023deep,
  title={Deep learning in surgical workflow analysis: A review of phase and step recognition},
  author={Demir, Kubilay Can and Schieber, Hannah and WeiseRoth, TobiasDaniel and May, Matthias and Maier, Andreas and Yang, Seung Hee},
  journal={IEEE Journal of Biomedical and Health Informatics},
  year={2023},
  publisher={IEEE}
}
@article{gupta2022maskvit,
  title={{MaskViT}: Masked visual pre-training for video prediction},
  author={Gupta, Agrim and Tian, Stephen and Zhang, Yunzhi and Wu, Jiajun and Mart{\'\i}n-Mart{\'\i}n, Roberto and Fei-Fei, Li},
  journal={arXiv preprint arXiv:2206.11894},
  year={2022}
}
@inproceedings{gao2022simvp,
  title={Sim{VP}: Simpler yet better video prediction},
  author={Gao, Zhangyang and Tan, Cheng and Wu, Lirong and Li, Stan Z},
  booktitle={Proceedings of the IEEE/CVF conference on computer vision and pattern recognition},
  pages={3170--3180},
  year={2022}
}
@inproceedings{li2019understanding,
  title={Understanding the disharmony between dropout and batch normalization by variance shift},
  author={Li, Xiang and Chen, Shuo and Hu, Xiaolin and Yang, Jian},
  booktitle={Proceedings of the IEEE/CVF conference on computer vision and pattern recognition},
  pages={2682--2690},
  year={2019}
}
@article{howard2020fastai,
  title={Fastai: a layered API for deep learning},
  author={Howard, Jeremy and Gugger, Sylvain},
  journal={Information},
  volume={11},
  number={2},
  pages={108},
  year={2020},
  publisher={MDPI}
}
@article{BACH202192,
 title={Radical surgery versus organ preservation via short-course radiotherapy followed by transanal endoscopic microsurgery for early-stage rectal cancer (TREC): a randomised, open-label feasibility study},
 author={Simon P Bach and Alexandra Gilbert and Kristian Brock and Stephan Korsgen and Ian Geh and James Hill and Talvinder Gill and Paul Hainsworth and Matthew G Tutton and Jim Khan and Jonathan Robinson and Mark Steward and Christopher Cunningham and Bruce Levy and Alan Beveridge and Kelly Handley and Manjinder Kaur and Natalie Marchevsky and Laura Magill and Ann Russell and Philip Quirke and Nicholas P West and David Sebag-Montefiore and TREC collaborators},
 journal={The Lancet Gastroenterology \& Hepatology},
 volume={6},
 number={2},
 pages={92--105},
 year={2021},
 publisher={Elsevir}
}


@article{SDE,
 title={Secure Data Environment},
 author={NHS England},
 journal={www.digital.nhs.uk/services/secure-data-environment-service},
 volume={},
 number={},
 pages={},
 year={2021},
 publisher={NHS}
}

@article{Green,
 title={Delivering a net zero NHS},
 author={NHS, Net Zero},
 journal={https://www.england.nhs.uk/greenernhs/a-net-zero-nhs/},
 volume={},
 number={},
 pages={},
 year={2020},
 publisher={NHS}
}

