
@article{Xiao2023ExploringTF,
  title={Exploring the factors influencing consumer engagement behavior regarding short-form video advertising: A big data perspective},
  author={Lin Xiao and Xiaofeng Li and Yucheng Zhang},
  journal={Journal of Retailing and Consumer Services},
  volume = {70},
  pages = {103170},
  year = {2023},
  issn = {0969-6989},
  doi = {https://doi.org/10.1016/j.jretconser.2022.103170},
  url={https://www.sciencedirect.com/science/article/pii/S0969698922002636}
}

@article{Li2023MultimodalFM,
  title={Multimodal Foundation Models: From Specialists to General-Purpose Assistants},
  author={Chunyuan Li and Zhe Gan and Zhengyuan Yang and Jianwei Yang and Linjie Li and Lijuan Wang and Jianfeng Gao},
  journal={Found. Trends Comput. Graph. Vis.},
  year = {2024},
  volume = {16},
  number = {1–2},
  issn = {1572-2740},
  issue_date = {May 2024},
  publisher = {Now Publishers Inc.},
  url = {https://doi.org/10.1561/0600000110},
}

@inproceedings{Ye2023QueryawareMB,
  title={Query-aware Multi-modal based Ranking Relevance in Video Search},
  author={Chengcan Ye and Ting Peng and Tim Chang and Zhiyi Zhou and Feng Wang},
  booktitle={Conference on Empirical Methods in Natural Language Processing},
  year={2023},
  publisher = "Association for Computational Linguistics",
  url = "https://aclanthology.org/2023.emnlp-industry.31/",
  doi = "10.18653/v1/2023.emnlp-industry.31",
}

@inproceedings{Zhu2023QueryLIFEQL,
  title={Query-LIFE: Query-aware Language Image Fusion Embedding for E-Commerce Relevance},
  author={Hai Zhu and Yuankai Guo and Ronggang Dou and Kai Liu},
  booktitle={International Conference on Computational Linguistics},
  year={2025},
  publisher = "Association for Computational Linguistics",
  url = "https://aclanthology.org/2025.coling-industry.2/",
}

@inproceedings{Li2021AlignBF,
  title={Align before Fuse: Vision and Language Representation Learning with Momentum Distillation},
  author={Junnan Li and Ramprasaath R. Selvaraju and Akhilesh Deepak Gotmare and Shafiq R. Joty and Caiming Xiong and Steven C. H. Hoi},
  booktitle={Advances in Neural Information Processing Systems},
  year={2021},
  url={https://openreview.net/forum?id=OJLaKwiXSbx}
}

@InProceedings{Li2022BLIPBL,
  title = 	 {{BLIP}: Bootstrapping Language-Image Pre-training for Unified Vision-Language Understanding and Generation},
  author =       {Li, Junnan and Li, Dongxu and Xiong, Caiming and Hoi, Steven},
  booktitle = 	 {Proceedings of the 39th International Conference on Machine Learning},
  pages = 	 {12888--12900},
  year = 	 {2022},
  editor = 	 {Chaudhuri, Kamalika and Jegelka, Stefanie and Song, Le and Szepesvari, Csaba and Niu, Gang and Sabato, Sivan},
  volume = 	 {162},
  series = 	 {Proceedings of Machine Learning Research},
  month = 	 {17--23 Jul},
  publisher =    {PMLR},
  url = 	 {https://proceedings.mlr.press/v162/li22n.html},
}

@inproceedings{Devlin2019BERTPO,
    title = "{BERT}: Pre-training of Deep Bidirectional Transformers for Language Understanding",
    author = "Devlin, Jacob  and
      Chang, Ming-Wei  and
      Lee, Kenton  and
      Toutanova, Kristina",
    booktitle = "Proceedings of the 2019 Conference of the North {A}merican Chapter of the Association for Computational Linguistics: Human Language Technologies, Volume 1 (Long and Short Papers)",
    month = jun,
    year = "2019",
    address = "Minneapolis, Minnesota",
    publisher = "Association for Computational Linguistics",
    url = "https://aclanthology.org/N19-1423/",
    doi = "10.18653/v1/N19-1423",
    pages = "4171--4186",
}

@inproceedings{Dosovitskiy2020AnII,
  title={An Image is Worth 16x16 Words: Transformers for Image Recognition at Scale},
  author={Alexey Dosovitskiy and Lucas Beyer and Alexander Kolesnikov and Dirk Weissenborn and Xiaohua Zhai and Thomas Unterthiner and Mostafa Dehghani and Matthias Minderer and Georg Heigold and Sylvain Gelly and Jakob Uszkoreit and Neil Houlsby},
  booktitle={International Conference on Learning Representations},
  year={2021},
  url={https://openreview.net/forum?id=YicbFdNTTy}
}

@article{Yu2022CoCaCC,
title={CoCa: Contrastive Captioners are Image-Text Foundation Models},
author={Jiahui Yu and Zirui Wang and Vijay Vasudevan and Legg Yeung and Mojtaba Seyedhosseini and Yonghui Wu},
journal={Transactions on Machine Learning Research},
issn={2835-8856},
year={2022},
url={https://openreview.net/forum?id=Ee277P3AYC},
}

@InProceedings{Radford2021LearningTV,
  title = 	 {Learning Transferable Visual Models From Natural Language Supervision},
  author =       {Radford, Alec and Kim, Jong Wook and Hallacy, Chris and Ramesh, Aditya and Goh, Gabriel and Agarwal, Sandhini and Sastry, Girish and Askell, Amanda and Mishkin, Pamela and Clark, Jack and Krueger, Gretchen and Sutskever, Ilya},
  booktitle = 	 {Proceedings of the 38th International Conference on Machine Learning},
  pages = 	 {8748--8763},
  year = 	 {2021},
  editor = 	 {Meila, Marina and Zhang, Tong},
  volume = 	 {139},
  series = 	 {Proceedings of Machine Learning Research},
  month = 	 {18--24 Jul},
  publisher =    {PMLR},
  url = 	 {https://proceedings.mlr.press/v139/radford21a.html},
}

@InProceedings{Fang2022EVAET,
  title={EVA: Exploring the Limits of Masked Visual Representation Learning at Scale},
  author={Yuxin Fang and Wen Wang and Binhui Xie and Quan-Sen Sun and Ledell Yu Wu and Xinggang Wang and Tiejun Huang and Xinlong Wang and Yue Cao},
  booktitle={2023 IEEE/CVF Conference on Computer Vision and Pattern Recognition (CVPR)},
  year={2023},
  pages={19358-19369},
  doi = {10.1109/CVPR52729.2023.01855},
  publisher = {IEEE Computer Society},
  address = {Los Alamitos, CA, USA},
  url = {https://doi.ieeecomputersociety.org/10.1109/CVPR52729.2023.01855},
}

@article{Huang2022CloverTA,
  title={Clover: Towards A Unified Video-Language Alignment and Fusion Model},
  author={Jingjia Huang and Yinan Li and Jiashi Feng and Xiaoshuai Sun and Rongrong Ji},
  journal={2023 IEEE/CVF Conference on Computer Vision and Pattern Recognition (CVPR)},
  year={2022},
  pages={14856-14866},
  url={https://cvpr.thecvf.com/virtual/2023/poster/22766}
}

@article{Luo2021CLIP4ClipAE,
author = {Luo, Huaishao and Ji, Lei and Zhong, Ming and Chen, Yang and Lei, Wen and Duan, Nan and Li, Tianrui},
title = {CLIP4Clip: An empirical study of CLIP for end to end video clip retrieval and captioning},
year = {2022},
issue_date = {Oct 2022},
publisher = {Elsevier Science Publishers B. V.},
address = {NLD},
volume = {508},
number = {C},
issn = {0925-2312},
url = {https://doi.org/10.1016/j.neucom.2022.07.028},
doi = {10.1016/j.neucom.2022.07.028},
journal = {Neurocomput.},
month = oct,
pages = {293–304},
numpages = {12},
}

@article{Bain2021FrozenIT,
  title={Frozen in Time: A Joint Video and Image Encoder for End-to-End Retrieval},
  author={Max Bain and Arsha Nagrani and G{\"u}l Varol and Andrew Zisserman},
  journal={2021 IEEE/CVF International Conference on Computer Vision (ICCV)},
  year={2021},
  pages={1708-1718},
  doi={10.1109/ICCV48922.2021.00175}
}

@inproceedings{Xu2023mPLUG2AM,
  title={mPLUG-2: A Modularized Multi-modal Foundation Model Across Text, Image and Video},
  author={Haiyang Xu and Qinghao Ye and Mingshi Yan and Yaya Shi and Jiabo Ye and Yuanhong Xu and Chenliang Li and Bin Bi and Qiuchen Qian and Wei Wang and Guohai Xu and Ji Zhang and Songfang Huang and Feiran Huang and Jingren Zhou},
  booktitle={International Conference on Machine Learning},
  publisher = {JMLR.org},
  year={2023},
  articleno = {1614},
  numpages = {21},
  series = {ICML'23}
}

@InProceedings{Jia2021ScalingUV,
  title = 	 {Scaling Up Visual and Vision-Language Representation Learning With Noisy Text Supervision},
  author =       {Jia, Chao and Yang, Yinfei and Xia, Ye and Chen, Yi-Ting and Parekh, Zarana and Pham, Hieu and Le, Quoc and Sung, Yun-Hsuan and Li, Zhen and Duerig, Tom},
  booktitle = 	 {Proceedings of the 38th International Conference on Machine Learning},
  pages = 	 {4904--4916},
  year = 	 {2021},
  volume = 	 {139},
  series = 	 {Proceedings of Machine Learning Research},
  month = 	 {18--24 Jul},
  publisher =    {PMLR},
  url = 	 {https://proceedings.mlr.press/v139/jia21b.html}
}

@inproceedings{Mu2021SLIPSM,
  author       = {Norman Mu and
                  Alexander Kirillov and
                  David A. Wagner and
                  Saining Xie},
  title        = {{SLIP:} Self-supervision Meets Language-Image Pre-training},
  booktitle    = {Computer Vision - {ECCV} 2022 - 17th European Conference, Tel Aviv,
                  Israel, October 23-27, 2022, Proceedings, Part {XXVI}},
  series       = {Lecture Notes in Computer Science},
  volume       = {13686},
  pages        = {529--544},
  publisher    = {Springer},
  year         = {2022},
  url          = {https://doi.org/10.1007/978-3-031-19809-0\_30}
}

@inproceedings{Li2021SupervisionEE,
      title={Supervision Exists Everywhere: A Data Efficient Contrastive Language-Image  Pre-training Paradigm},
      author={Yangguang Li and Feng Liang and Lichen Zhao and Yufeng Cui and Wanli Ouyang and Jing Shao and Fengwei Yu and Junjie Yan},
      booktitle={International Conference on Learning Representations},
      year={2022},
      url={https://openreview.net/forum?id=zq1iJkNk3uN}
}

@inproceedings{Xu2021VideoCLIPCP,
    title = "{V}ideo{CLIP}: Contrastive Pre-training for Zero-shot Video-Text Understanding",
    author = "Xu, Hu  and
      Ghosh, Gargi  and
      Huang, Po-Yao  and
      Okhonko, Dmytro  and
      Aghajanyan, Armen  and
      Metze, Florian  and
      Zettlemoyer, Luke  and
      Feichtenhofer, Christoph",
    booktitle = "Conference on Empirical Methods in Natural Language Processing",
    month = nov,
    year = "2021",
    publisher = "Association for Computational Linguistics",
    url = "https://aclanthology.org/2021.emnlp-main.544/",
    doi = "10.18653/v1/2021.emnlp-main.544",
    pages = "6787--6800",
}

@inproceedings{Ma2022XCLIPEM,
author = {Ma, Yiwei and Xu, Guohai and Sun, Xiaoshuai and Yan, Ming and Zhang, Ji and Ji, Rongrong},
title = {X-CLIP: End-to-End Multi-grained Contrastive Learning for Video-Text Retrieval},
year = {2022},
isbn = {9781450392037},
publisher = {Association for Computing Machinery},
url = {https://doi.org/10.1145/3503161.3547910},
doi = {10.1145/3503161.3547910},
booktitle = {Proceedings of the 30th ACM International Conference on Multimedia},
pages = {638–647},
numpages = {10},
series = {MM '22}
}

@article{Singh2021FLAVAAF,
  title={FLAVA: A Foundational Language And Vision Alignment Model},
  author={Amanpreet Singh and Ronghang Hu and Vedanuj Goswami and Guillaume Couairon and Wojciech Galuba and Marcus Rohrbach and Douwe Kiela},
  journal={2022 IEEE/CVF Conference on Computer Vision and Pattern Recognition (CVPR)},
  year={2021},
  pages={15617-15629},
  doi={10.1109/CVPR52688.2022.01519}
}

@inproceedings{Wang2021SimVLMSV,
  title={SimVLM: Simple Visual Language Model Pretraining with Weak Supervision},
  author={Zirui Wang and Jiahui Yu and Adams Wei Yu and Zihang Dai and Yulia Tsvetkov and Yuan Cao},
  booktitle={International Conference on Learning Representations},
  year={2022},
  url={https://openreview.net/forum?id=GUrhfTuf_3}
}

@inproceedings{Li2023BLIP2BL,
  title={BLIP-2: Bootstrapping Language-Image Pre-training with Frozen Image Encoders and Large Language Models},
  author={Junnan Li and Dongxu Li and Silvio Savarese and Steven C. H. Hoi},
  booktitle={International Conference on Machine Learning},
  year={2023},
  volume={202},
  pages={19730--19742},
  series={Proceedings of Machine Learning Research},
  month={23--29 Jul},
  publisher={PMLR},
  url={https://proceedings.mlr.press/v202/li23q.html}
}

@inproceedings{Liu2023VisualIT,
  title={Visual Instruction Tuning},
  author={Haotian Liu and Chunyuan Li and Qingyang Wu and Yong Jae Lee},
  booktitle={Thirty-seventh Conference on Neural Information Processing Systems},
  year={2023},
  pages = {34892--34916},
  publisher = {Curran Associates, Inc.},
  volume = {36},
  url={https://openreview.net/forum?id=w0H2xGHlkw}
}

@inproceedings{li2024llava,
  title={LLaVA-NeXT-Interleave: Tackling Multi-image, Video, and 3D in Large Multimodal Models},
  author={Li, Feng and Zhang, Renrui and Zhang, Hao and Zhang, Yuanhan and Li, Bo and Li, Wei and Ma, Zejun and Li, Chunyuan},
  booktitle={The Thirteenth International Conference on Learning Representations},
  year={2025},
  url={https://openreview.net/forum?id=oSQiao9GqB}
}

@article{Bai2023QwenVLAV,
  title={Qwen-VL: A Versatile Vision-Language Model for Understanding, Localization, Text Reading, and Beyond},
  author={Jinze Bai and Shuai Bai and Shusheng Yang and Shijie Wang and Sinan Tan and Peng Wang and Junyang Lin and Chang Zhou and Jingren Zhou},
  year={2023},
  journal={ArXiv},
  url={https://arxiv.org/abs/2308.12966}
}

@article{Yin2023ASO,
  title={A Survey on Multimodal Large Language Models},
  author={Shukang Yin and Chaoyou Fu and Sirui Zhao and Ke Li and Xing Sun and Tong Xu and Enhong Chen},
  journal={ArXiv},
  year={2023},
  volume={abs/2306.13549},
  url={https://arxiv.org/pdf/2306.13549}
}

@inproceedings{Zhang2024MMLLMsRA,
    title = "{MM}-{LLM}s: Recent Advances in {M}ulti{M}odal Large Language Models",
    author = "Zhang, Duzhen  and
      Yu, Yahan  and
      Dong, Jiahua  and
      Li, Chenxing  and
      Su, Dan  and
      Chu, Chenhui  and
      Yu, Dong",
    booktitle = "Findings of the Association for Computational Linguistics: ACL 2024",
    month = aug,
    year = "2024",
    address = "Bangkok, Thailand",
    publisher = "Association for Computational Linguistics",
    url = "https://aclanthology.org/2024.findings-acl.738/",
    doi = "10.18653/v1/2024.findings-acl.738",
    pages = "12401--12430",
}

@inproceedings{Yao2021LearningAP,
author = {Yao, Shaowei and Tan, Jiwei and Chen, Xi and Yang, Keping and Xiao, Rong and Deng, Hongbo and Wan, Xiaojun},
title = {Learning a Product Relevance Model from Click-Through Data in E-Commerce},
year = {2021},
isbn = {9781450383127},
publisher = {Association for Computing Machinery},
url = {https://doi.org/10.1145/3442381.3450129},
doi = {10.1145/3442381.3450129},
booktitle = {Proceedings of the Web Conference 2021},
pages = {2890–2899},
numpages = {10},
series = {WWW '21}
}

@inproceedings{Chang2021ExtremeML,
author = {Chang, Wei-Cheng and Jiang, Daniel and Yu, Hsiang-Fu and Teo, Choon Hui and Zhang, Jiong and Zhong, Kai and Kolluri, Kedarnath and Hu, Qie and Shandilya, Nikhil and Ievgrafov, Vyacheslav and Singh, Japinder and Dhillon, Inderjit S.},
title = {Extreme Multi-label Learning for Semantic Matching in Product Search},
year = {2021},
isbn = {9781450383325},
publisher = {Association for Computing Machinery},
url = {https://doi.org/10.1145/3447548.3467092},
doi = {10.1145/3447548.3467092},
booktitle = {Proceedings of the 27th ACM SIGKDD Conference on Knowledge Discovery \& Data Mining},
pages = {2643–2651},
numpages = {9},
series = {KDD '21}
}

@inproceedings{Zou2021PretrainedLM,
author = {Zou, Lixin and Zhang, Shengqiang and Cai, Hengyi and Ma, Dehong and Cheng, Suqi and Wang, Shuaiqiang and Shi, Daiting and Cheng, Zhicong and Yin, Dawei},
title = {Pre-trained Language Model based Ranking in Baidu Search},
year = {2021},
isbn = {9781450383325},
publisher = {Association for Computing Machinery},
url = {https://doi.org/10.1145/3447548.3467147},
doi = {10.1145/3447548.3467147},
booktitle = {Proceedings of the 27th ACM SIGKDD Conference on Knowledge Discovery \& Data Mining},
pages = {4014–4022},
numpages = {9},
series = {KDD '21}
}

@inproceedings{Liu2021Que2SearchFA,
author = {Liu, Yiqun and Rangadurai, Kaushik and He, Yunzhong and Malreddy, Siddarth and Gui, Xunlong and Liu, Xiaoyi and Borisyuk, Fedor},
title = {Que2Search: Fast and Accurate Query and Document Understanding for Search at Facebook},
year = {2021},
isbn = {9781450383325},
publisher = {Association for Computing Machinery},
url = {https://doi.org/10.1145/3447548.3467127},
doi = {10.1145/3447548.3467127},
booktitle = {Proceedings of the 27th ACM SIGKDD Conference on Knowledge Discovery \& Data Mining},
pages = {3376–3384},
numpages = {9},
series = {KDD '21}
}

@inproceedings{Tansey2018LeafSmoothedHS,
  title={Leaf-Smoothed Hierarchical Softmax for Ordinal Prediction},
  author={Wesley Tansey and Karl Pichotta and James G. Scott},
  booktitle={AAAI Conference on Artificial Intelligence},
  year={2018},
  month={Apr.},
  volume={32},
  url={https://ojs.aaai.org/index.php/AAAI/article/view/11754},
  doi={https://doi.org/10.1609/aaai.v32i1.11754}
}

@inproceedings{Kim2021ViLTVT,
  title={ViLT: Vision-and-Language Transformer Without Convolution or Region Supervision},
  author =       {Kim, Wonjae and Son, Bokyung and Kim, Ildoo},
  booktitle = 	 {Proceedings of the 38th International Conference on Machine Learning},
  pages = 	 {5583--5594},
  year = 	 {2021},
  volume = 	 {139},
  series = 	 {Proceedings of Machine Learning Research},
  month = 	 {18--24 Jul},
  publisher =    {PMLR},
  url={https://proceedings.mlr.press/v139/kim21k.html}
}

@inproceedings{Sandler2018MobileNetV2IR,
  title={MobileNetV2: Inverted Residuals and Linear Bottlenecks},
  author={Mark Sandler and Andrew G. Howard and Menglong Zhu and Andrey Zhmoginov and Liang-Chieh Chen},
  booktitle={2018 IEEE/CVF Conference on Computer Vision and Pattern Recognition},
  year={2018},
  pages = {4510-4520},
  doi = {10.1109/CVPR.2018.00474},
  url = {https://doi.ieeecomputersociety.org/10.1109/CVPR.2018.00474},
  publisher = {IEEE Computer Society},
}

@article{Yao2024MiniCPMVAG,
  title={MiniCPM-V: A GPT-4V Level MLLM on Your Phone},
  author={Yuan Yao and Tianyu Yu and Ao Zhang and Chongyi Wang and Junbo Cui and Hongji Zhu and Tianchi Cai and Haoyu Li and Weilin Zhao and Zhihui He and Qi-An Chen and Huarong Zhou and Zhensheng Zou and Haoye Zhang and Shengding Hu and Zhi Zheng and Jie Zhou and Jie Cai and Xu Han and Guoyang Zeng and Dahai Li and Zhiyuan Liu and Maosong Sun},
  journal={ArXiv},
  year={2024},
  url={https://arxiv.org/abs/2408.01800}
}

@inproceedings{Wen2023EnhancingDI,
author = {Wen, Zhoufutu and Zhao, Xinyu and Jin, Zhipeng and Yang, Yi and Jia, Wei and Chen, Xiaodong and Li, Shuanglong and Liu, Lin},
title = {Enhancing Dynamic Image Advertising with Vision-Language Pre-training},
year = {2023},
isbn = {9781450394086},
publisher = {Association for Computing Machinery},
url = {https://doi.org/10.1145/3539618.3591844},
doi = {10.1145/3539618.3591844},
booktitle = {Proceedings of the 46th International ACM SIGIR Conference on Research and Development in Information Retrieval},
location = {Taipei, Taiwan},
series = {SIGIR '23}
}


@InProceedings{Chen2023InternVS,
  title={Intern VL: Scaling up Vision Foundation Models and Aligning for Generic Visual-Linguistic Tasks},
  author={Zhe Chen and Jiannan Wu and Wenhai Wang and Weijie Su and Guo Chen and Sen Xing and Zhong Muyan and Qinglong Zhang and Xizhou Zhu and Lewei Lu and Bin Li and Ping Luo and Tong Lu and Yu Qiao and Jifeng Dai},
  booktitle={2024 IEEE/CVF Conference on Computer Vision and Pattern Recognition (CVPR)},
  year={2023},
  pages={24185-24198},
  url={https://cvpr.thecvf.com/virtual/2024/poster/30014}
}