@article{3dmambaipf,
  title={3dmambaipf: A state space model for iterative point cloud filtering via differentiable rendering},
  author={Zhou, Qingyuan and Yang, Weidong and Fei, Ben and Xu, Jingyi and Zhang, Rui and Liu, Keyi and Luo, Yeqi and He, Ying},
  journal={arXiv preprint arXiv:2404.05522},
  year={2024}
}

@article{Chang_Funkhouser_Guibas_Hanrahan_Huang_Li_Savarese_Savva_Song_Su_etal._2015,  
 title={ShapeNet: An Information-Rich 3D Model Repository}, 
 journal={arXiv: Graphics,arXiv: Graphics}, 
 author={Chang, AngelX. and Funkhouser, Thomas and Guibas, LeonidasJ. and Hanrahan, Pat and Huang, Qixing and Li, Zimo and Savarese, Silvio and Savva, Manolis and Song, Shuran and Su, Hao and Xiao, Jianxiong and Yi, Li and Yu, Fisher}, 
 year={2015}, 
 month={Dec}, 
 language={en-US} 
 }

@article{Jund_Sweeney_Abdo_Chen_Shlens_2022,   title={Scalable Scene Flow From Point Clouds in the Real World},  url={http://dx.doi.org/10.1109/lra.2021.3139542},  DOI={10.1109/lra.2021.3139542},  journal={IEEE Robotics and Automation Letters},  author={Jund, Philipp and Sweeney, Chris and Abdo, Nichola and Chen, Zhifeng and Shlens, Jonathon},  year={2022},  month={Apr},  pages={1589–1596},  language={en-US}  }

@inproceedings{argoverse2,
 author = {Wilson, Benjamin and Qi, William and Agarwal, Tanmay and Lambert, John and Singh, Jagjeet and Khandelwal, Siddhesh and Pan, Bowen and Kumar, Ratnesh and Hartnett, Andrew and Kaesemodel Pontes, Jhony and Ramanan, Deva and Carr, Peter and Hays, James},
 booktitle = {Proceedings of the Neural Information Processing Systems Track on Datasets and Benchmarks},
 editor = {J. Vanschoren and S. Yeung},
 pages = {},
 title = {Argoverse 2: Next Generation Datasets for Self-Driving Perception and Forecasting},
 url = {https://datasets-benchmarks-proceedings.neurips.cc/paper_files/paper/2021/file/4734ba6f3de83d861c3176a6273cac6d-Paper-round2.pdf},
 volume = {1},
 year = {2021}
}

@article{efficientvmamba,
  title={Efficientvmamba: Atrous selective scan for light weight visual mamba},
  author={Pei, Xiaohuan and Huang, Tao and Xu, Chang},
  journal={arXiv preprint arXiv:2403.09977},
  year={2024}
}

@article{gu2023mamba,
  title={Mamba: Linear-time sequence modeling with selective state spaces},
  author={Gu, Albert and Dao, Tri},
  journal={arXiv preprint arXiv:2312.00752},
  year={2023}
}

@article{kim2024flow4d,
  title={Flow4D: Leveraging 4D Voxel Network for LiDAR Scene Flow Estimation},
  author={Kim, Jaeyeul and Woo, Jungwan and Shin, Ukcheol and Oh, Jean and Im, Sunghoon},
  journal={arXiv preprint arXiv:2407.07995},
  year={2024}
}

@article{liang2024pointmamba,
  title={Pointmamba: A simple state space model for point cloud analysis},
  author={Liang, Dingkang and Zhou, Xin and Xu, Wei and Zhu, Xingkui and Zou, Zhikang and Ye, Xiaoqing and Tan, Xiao and Bai, Xiang},
  journal={arXiv preprint arXiv:2402.10739},
  year={2024}
}

@inproceedings{lin2024icp,
  title={Icp-flow: Lidar scene flow estimation with icp},
  author={Lin, Yancong and Caesar, Holger},
  booktitle={Proceedings of the IEEE/CVF Conference on Computer Vision and Pattern Recognition},
  pages={15501--15511},
  year={2024}
}

@inproceedings{liu2019flownet3d,
  title={Flownet3d: Learning scene flow in 3d point clouds},
  author={Liu, Xingyu and Qi, Charles R and Guibas, Leonidas J},
  booktitle={Proceedings of the IEEE/CVF conference on computer vision and pattern recognition},
  pages={529--537},
  year={2019}
}

@inproceedings{liu2024difflow3d,
  title={DifFlow3D: Toward Robust Uncertainty-Aware Scene Flow Estimation with Iterative Diffusion-Based Refinement},
  author={Liu, Jiuming and Wang, Guangming and Ye, Weicai and Jiang, Chaokang and Han, Jinru and Liu, Zhe and Zhang, Guofeng and Du, Dalong and Wang, Hesheng},
  booktitle={Proceedings of the IEEE/CVF Conference on Computer Vision and Pattern Recognition},
  pages={15109--15119},
  year={2024}
}

@article{mamba3d,
  title={Mamba3d: Enhancing local features for 3d point cloud analysis via state space model},
  author={Han, Xu and Tang, Yuan and Wang, Zhaoxuan and Li, Xianzhi},
  journal={arXiv preprint arXiv:2404.14966},
  year={2024}
}

@misc{mambamos,
      title={MambaMOS: LiDAR-based 3D Moving Object Segmentation with Motion-aware State Space Model}, 
      author={Kang Zeng and Hao Shi and Jiacheng Lin and Siyu Li and Jintao Cheng and Kaiwei Wang and Zhiyong Li and Kailun Yang},
      year={2024},
      eprint={2404.12794},
      archivePrefix={arXiv},
      primaryClass={cs.CV},
      url={https://arxiv.org/abs/2404.12794}, 
}

@inproceedings{mayer2016large,
  title={A large dataset to train convolutional networks for disparity, optical flow, and scene flow estimation},
  author={Mayer, Nikolaus and Ilg, Eddy and Hausser, Philip and Fischer, Philipp and Cremers, Daniel and Dosovitskiy, Alexey and Brox, Thomas},
  booktitle={Proceedings of the IEEE conference on computer vision and pattern recognition},
  pages={4040--4048},
  year={2016}
}

@article{ssm2,
  title={Efficiently modeling long sequences with structured state spaces},
  author={Gu, Albert and Goel, Karan and R{\'e}, Christopher},
  journal={arXiv preprint arXiv:2111.00396},
  year={2021}
}

@article{ssm3,
  title={Simplified state space layers for sequence modeling},
  author={Smith, Jimmy TH and Warrington, Andrew and Linderman, Scott W},
  journal={arXiv preprint arXiv:2208.04933},
  year={2022}
}

@article{ssm5,
  title={Hungry hungry hippos: Towards language modeling with state space models},
  author={Fu, Daniel Y and Dao, Tri and Saab, Khaled K and Thomas, Armin W and Rudra, Atri and R{\'e}, Christopher},
  journal={arXiv preprint arXiv:2212.14052},
  year={2022}
}

@inproceedings{vedder2022sparse,
  title={Sparse pointpillars: Maintaining and exploiting input sparsity to improve runtime on embedded systems},
  author={Vedder, Kyle and Eaton, Eric},
  booktitle={2022 IEEE/RSJ International Conference on Intelligent Robots and Systems (IROS)},
  pages={2025--2031},
  year={2022},
  organization={IEEE}
}

@article{vedder2024scene,
  title={Scene Flow as a Partial Differential Equation},
  author={Vedder, Kyle and Peri, Neehar and Khatri, Ishan and Li, Siyi and Eaton, Eric and Kocamaz, Mehmet and Wang, Yue and Yu, Zhiding and Ramanan, Deva and Pehserl, Joachim},
  journal={arXiv preprint arXiv:2410.02031},
  year={2024}
}

@article{visionmamba,
  title={Vision mamba: Efficient visual representation learning with bidirectional state space model},
  author={Zhu, Lianghui and Liao, Bencheng and Zhang, Qian and Wang, Xinlong and Liu, Wenyu and Wang, Xinggang},
  journal={arXiv preprint arXiv:2401.09417},
  year={2024}
}

@article{wang20233d,
  title={3d point-voxel correlation fields for scene flow estimation},
  author={Wang, Ziyi and Wei, Yi and Rao, Yongming and Zhou, Jie and Lu, Jiwen},
  journal={IEEE Transactions on Pattern Analysis and Machine Intelligence},
  year={2023},
  publisher={IEEE}
}

@inproceedings{waymo,
  title={Scalability in perception for autonomous driving: Waymo open dataset},
  author={Sun, Pei and Kretzschmar, Henrik and Dotiwalla, Xerxes and Chouard, Aurelien and Patnaik, Vijaysai and Tsui, Paul and Guo, James and Zhou, Yin and Chai, Yuning and Caine, Benjamin and others},
  booktitle={Proceedings of the IEEE/CVF conference on computer vision and pattern recognition},
  pages={2446--2454},
  year={2020}
}

@inproceedings{zhang2024deflow,
  author={Zhang, Qingwen and Yang, Yi and Fang, Heng and Geng, Ruoyu and Jensfelt, Patric},
  booktitle={2024 IEEE International Conference on Robotics and Automation (ICRA)}, 
  title={{DeFlow}: Decoder of Scene Flow Network in Autonomous Driving}, 
  year={2024},
  pages={2105-2111},
  doi={10.1109/ICRA57147.2024.10610278}
}

@inproceedings{zhang2024seflow,
  author={Zhang, Qingwen and Yang, Yi and Li, Peizheng and Andersson, Olov and Jensfelt, Patric},
  title={{SeFlow}: A Self-Supervised Scene Flow Method in Autonomous Driving},
  booktitle={European Conference on Computer Vision (ECCV)},
  year={2024},
  pages={353–369},
  organization={Springer},
  doi={10.1007/978-3-031-73232-4_20},
}

