@inproceedings{zhang2024deflow,
  author={Zhang, Qingwen and Yang, Yi and Fang, Heng and Geng, Ruoyu and Jensfelt, Patric},
  booktitle={2024 IEEE International Conference on Robotics and Automation (ICRA)}, 
  title={{DeFlow}: Decoder of Scene Flow Network in Autonomous Driving}, 
  year={2024},
  pages={2105-2111},
  doi={10.1109/ICRA57147.2024.10610278}
}

@article{song2024ssf,
  title={SSF-MOS: Semantic Scene Flow Assisted Moving Object Segmentation for Autonomous Vehicles},
  author={Song, Tao and Liu, Yunhao and Yao, Ziying and Wu, Xinkai},
  journal={IEEE Transactions on Instrumentation and Measurement},
  year={2024},
  publisher={IEEE}
}
@article{chodosh2024simultaneous,
  title={Simultaneous Map and Object Reconstruction},
  author={Chodosh, Nathaniel and Madan, Anish and Ramanan, Deva and Lucey, Simon},
  journal={arXiv preprint arXiv:2406.13896},
  year={2024}
}
@article{yang2023emernerf,
    title={EmerNeRF: Emergent Spatial-Temporal Scene Decomposition via Self-Supervision},
    author={Jiawei Yang and Boris Ivanovic and Or Litany and Xinshuo Weng and Seung Wook Kim and Boyi Li and Tong Che and Danfei Xu and Sanja Fidler and Marco Pavone and Yue Wang},
    journal={arXiv preprint arXiv:2311.02077},
    year={2023}
}
@inproceedings{Baur2024ECCV,
  author = {Stefan Baur and Frank Moosmann and Andreas Geiger},
  title = {LISO: Lidar-only Self-Supervised 3D Object Detection},
  booktitle = {European Conference on Computer Vision (ECCV)},
  year = {2024}
}
@article{tang2024cv,
  title={CV-MOS: A Cross-View Model for Motion Segmentation},
  author={Tang, Xiaoyu and Chen, Zeyu and Cheng, Jintao and Chen, Xieyuanli and Wu, Jin and Xue, Bohuan},
  journal={IEEE Transactions on Instrumentation and Measurement},
  year={2024},
  publisher={IEEE}
}
@article{wang2022residual,
  title={Residual 3-d scene flow learning with context-aware feature extraction},
  author={Wang, Guangming and Hu, Yunzhe and Wu, Xinrui and Wang, Hesheng},
  journal={IEEE Transactions on Instrumentation and Measurement},
  volume={71},
  pages={1--9},
  year={2022},
  publisher={IEEE}
}
@article{Jund_Sweeney_Abdo_Chen_Shlens_2022,   title={Scalable Scene Flow From Point Clouds in the Real World},  url={http://dx.doi.org/10.1109/lra.2021.3139542},  DOI={10.1109/lra.2021.3139542},  journal={IEEE Robotics and Automation Letters},  author={Jund, Philipp and Sweeney, Chris and Abdo, Nichola and Chen, Zhifeng and Shlens, Jonathon},  year={2022},  month={Apr},  pages={1589–1596},  language={en-US}  }
@article{kim2024flow4d,
  title={Flow4D: Leveraging 4D Voxel Network for LiDAR Scene Flow Estimation},
  author={Kim, Jaeyeul and Woo, Jungwan and Shin, Ukcheol and Oh, Jean and Im, Sunghoon},
  journal={arXiv preprint arXiv:2407.07995},
  year={2024}
}
@article{guo2021pct,
  title={Pct: Point cloud transformer},
  author={Guo, Meng-Hao and Cai, Jun-Xiong and Liu, Zheng-Ning and Mu, Tai-Jiang and Martin, Ralph R and Hu, Shi-Min},
  journal={Computational Visual Media},
  volume={7},
  pages={187--199},
  year={2021},
  publisher={Springer}
}
@inproceedings{wu2024point,
  title={Point Transformer V3: Simpler Faster Stronger},
  author={Wu, Xiaoyang and Jiang, Li and Wang, Peng-Shuai and Liu, Zhijian and Liu, Xihui and Qiao, Yu and Ouyang, Wanli and He, Tong and Zhao, Hengshuang},
  booktitle={Proceedings of the IEEE/CVF Conference on Computer Vision and Pattern Recognition},
  pages={4840--4851},
  year={2024}
}
@inproceedings{liu2019flownet3d,
  title={Flownet3d: Learning scene flow in 3d point clouds},
  author={Liu, Xingyu and Qi, Charles R and Guibas, Leonidas J},
  booktitle={Proceedings of the IEEE/CVF conference on computer vision and pattern recognition},
  pages={529--537},
  year={2019}
}
@misc{mambamos,
      title={MambaMOS: LiDAR-based 3D Moving Object Segmentation with Motion-aware State Space Model}, 
      author={Kang Zeng and Hao Shi and Jiacheng Lin and Siyu Li and Jintao Cheng and Kaiwei Wang and Zhiyong Li and Kailun Yang},
      year={2024},
      eprint={2404.12794},
      archivePrefix={arXiv},
      primaryClass={cs.CV},
      url={https://arxiv.org/abs/2404.12794}, 
}

@article{daniel2024dufomap,
  author={Duberg, Daniel and Zhang, Qingwen and Jia, Mingkai and Jensfelt, Patric},
  journal={IEEE Robotics and Automation Letters}, 
  title={{DUFOMap}: Efficient Dynamic Awareness Mapping}, 
  year={2024},
  volume={9},
  number={6},
  pages={5038-5045},
  doi={10.1109/LRA.2024.3387658}
}
@inproceedings{puy2020flot,
  title={Flot: Scene flow on point clouds guided by optimal transport},
  author={Puy, Gilles and Boulch, Alexandre and Marlet, Renaud},
  booktitle={European conference on computer vision},
  pages={527--544},
  year={2020},
  organization={Springer}
}
@inproceedings{wei2021pv,
  title={Pv-raft: Point-voxel correlation fields for scene flow estimation of point clouds},
  author={Wei, Yi and Wang, Ziyi and Rao, Yongming and Lu, Jiwen and Zhou, Jie},
  booktitle={Proceedings of the IEEE/CVF conference on computer vision and pattern recognition},
  pages={6954--6963},
  year={2021}
}
@inproceedings{wu2020pointpwc,
  title={Pointpwc-net: Cost volume on point clouds for (self-) supervised scene flow estimation},
  author={Wu, Wenxuan and Wang, Zhi Yuan and Li, Zhuwen and Liu, Wei and Fuxin, Li},
  booktitle={Computer Vision--ECCV 2020: 16th European Conference, Glasgow, UK, August 23--28, 2020, Proceedings, Part V 16},
  pages={88--107},
  year={2020},
  organization={Springer}
}
@article{wang2022residual,
  title={Residual 3-d scene flow learning with context-aware feature extraction},
  author={Wang, Guangming and Hu, Yunzhe and Wu, Xinrui and Wang, Hesheng},
  journal={IEEE Transactions on Instrumentation and Measurement},
  volume={71},
  pages={1--9},
  year={2022},
  publisher={IEEE}
}
@inproceedings{zhang2024seflow,
  author={Zhang, Qingwen and Yang, Yi and Li, Peizheng and Andersson, Olov and Jensfelt, Patric},
  title={{SeFlow}: A Self-Supervised Scene Flow Method in Autonomous Driving},
  booktitle={European Conference on Computer Vision (ECCV)},
  year={2024},
  pages={353–369},
  organization={Springer},
  doi={10.1007/978-3-031-73232-4_20},
}
@inproceedings{lin2024icp,
  title={Icp-flow: Lidar scene flow estimation with icp},
  author={Lin, Yancong and Caesar, Holger},
  booktitle={Proceedings of the IEEE/CVF Conference on Computer Vision and Pattern Recognition},
  pages={15501--15511},
  year={2024}
}
@inproceedings{liu2024difflow3d,
  title={DifFlow3D: Toward Robust Uncertainty-Aware Scene Flow Estimation with Iterative Diffusion-Based Refinement},
  author={Liu, Jiuming and Wang, Guangming and Ye, Weicai and Jiang, Chaokang and Han, Jinru and Liu, Zhe and Zhang, Guofeng and Du, Dalong and Wang, Hesheng},
  booktitle={Proceedings of the IEEE/CVF Conference on Computer Vision and Pattern Recognition},
  pages={15109--15119},
  year={2024}
}
@inproceedings{jiang20243dsflabelling,
  title={3dsflabelling: Boosting 3d scene flow estimation by pseudo auto-labelling},
  author={Jiang, Chaokang and Wang, Guangming and Liu, Jiuming and Wang, Hesheng and Ma, Zhuang and Liu, Zhenqiang and Liang, Zhujin and Shan, Yi and Du, Dalong},
  booktitle={Proceedings of the IEEE/CVF Conference on Computer Vision and Pattern Recognition},
  pages={15173--15183},
  year={2024}
}
@article{vedder2024scene,
  title={Scene Flow as a Partial Differential Equation},
  author={Vedder, Kyle and Peri, Neehar and Khatri, Ishan and Li, Siyi and Eaton, Eric and Kocamaz, Mehmet and Wang, Yue and Yu, Zhiding and Ramanan, Deva and Pehserl, Joachim},
  journal={arXiv preprint arXiv:2410.02031},
  year={2024}
}
@book{gu2023modeling,
  title={Modeling Sequences with Structured State Spaces},
  author={Gu, Albert},
  year={2023},
  publisher={Stanford University}
}
@article{gu2023mamba,
  title={Mamba: Linear-time sequence modeling with selective state spaces},
  author={Gu, Albert and Dao, Tri},
  journal={arXiv preprint arXiv:2312.00752},
  year={2023}
}
@article{vedder2023zeroflow,
  title={ZeroFlow: Scalable Scene Flow via Distillation},
  author={Vedder, Kyle and Peri, Neehar and Chodosh, Nathaniel and Khatri, Ishan and Eaton, Eric and Jayaraman, Dinesh and Liu, Yang and Ramanan, Deva and Hays, James},
  journal={arXiv preprint arXiv:2305.10424},
  year={2023}
}
@article{li2021neural,
  title={Neural scene flow prior},
  author={Li, Xueqian and Kaesemodel Pontes, Jhony and Lucey, Simon},
  journal={Advances in Neural Information Processing Systems},
  volume={34},
  pages={7838--7851},
  year={2021}
}
@article{liu2024self,
  title={Self-Supervised Multi-Frame Neural Scene Flow},
  author={Liu, Dongrui and Liu, Daqi and Li, Xueqian and Lin, Sihao and Wang, Bing and Chang, Xiaojun and Chu, Lei and others},
  journal={arXiv preprint arXiv:2403.16116},
  year={2024}
}
@inproceedings{li2023fast,
  title={Fast neural scene flow},
  author={Li, Xueqian and Zheng, Jianqiao and Ferroni, Francesco and Pontes, Jhony Kaesemodel and Lucey, Simon},
  booktitle={Proceedings of the IEEE/CVF International Conference on Computer Vision},
  pages={9878--9890},
  year={2023}
}
@inproceedings{khatri2025can,
  title={I Can’t Believe It’s Not Scene Flow!},
  author={Khatri, Ishan and Vedder, Kyle and Peri, Neehar and Ramanan, Deva and Hays, James},
  booktitle={European Conference on Computer Vision},
  pages={242--257},
  year={2025},
  organization={Springer}
}
@inproceedings{argoverse2,
 author = {Wilson, Benjamin and Qi, William and Agarwal, Tanmay and Lambert, John and Singh, Jagjeet and Khandelwal, Siddhesh and Pan, Bowen and Kumar, Ratnesh and Hartnett, Andrew and Kaesemodel Pontes, Jhony and Ramanan, Deva and Carr, Peter and Hays, James},
 booktitle = {Proceedings of the Neural Information Processing Systems Track on Datasets and Benchmarks},
 editor = {J. Vanschoren and S. Yeung},
 pages = {},
 title = {Argoverse 2: Next Generation Datasets for Self-Driving Perception and Forecasting},
 url = {https://datasets-benchmarks-proceedings.neurips.cc/paper_files/paper/2021/file/4734ba6f3de83d861c3176a6273cac6d-Paper-round2.pdf},
 volume = {1},
 year = {2021}
}
@article{wang2023octformer,
  title={Octformer: Octree-based transformers for 3d point clouds},
  author={Wang, Peng-Shuai},
  journal={ACM Transactions on Graphics (TOG)},
  volume={42},
  number={4},
  pages={1--11},
  year={2023},
  publisher={ACM New York, NY, USA}
}

@inproceedings{ground_waymo,
  title={Dynamic 3d scene analysis by point cloud accumulation},
  author={Huang, Shengyu and Gojcic, Zan and Huang, Jiahui and Wieser, Andreas and Schindler, Konrad},
  booktitle={European Conference on Computer Vision},
  pages={674--690},
  year={2022},
  organization={Springer}
}

@article{ssm1,
  title={Combining recurrent, convolutional, and continuous-time models with linear state space layers},
  author={Gu, Albert and Johnson, Isys and Goel, Karan and Saab, Khaled and Dao, Tri and Rudra, Atri and R{\'e}, Christopher},
  journal={Advances in neural information processing systems},
  volume={34},
  pages={572--585},
  year={2021}
}


@article{ssm2,
  title={Efficiently modeling long sequences with structured state spaces},
  author={Gu, Albert and Goel, Karan and R{\'e}, Christopher},
  journal={arXiv preprint arXiv:2111.00396},
  year={2021}
}


@article{ssm4,
  title={Long range language modeling via gated state spaces},
  author={Mehta, Harsh and Gupta, Ankit and Cutkosky, Ashok and Neyshabur, Behnam},
  journal={arXiv preprint arXiv:2206.13947},
  year={2022}
}


@article{ssm5,
  title={Hungry hungry hippos: Towards language modeling with state space models},
  author={Fu, Daniel Y and Dao, Tri and Saab, Khaled K and Thomas, Armin W and Rudra, Atri and R{\'e}, Christopher},
  journal={arXiv preprint arXiv:2212.14052},
  year={2022}
}


@article{zigma,
  title={Zigma: Zigzag mamba diffusion model},
  author={Hu, Vincent Tao and Baumann, Stefan Andreas and Gui, Ming and Grebenkova, Olga and Ma, Pingchuan and Fischer, Johannes and Ommer, Bjorn},
  journal={arXiv preprint arXiv:2403.13802},
  year={2024}
}


@article{localmamba,
  title={Localmamba: Visual state space model with windowed selective scan},
  author={Huang, Tao and Pei, Xiaohuan and You, Shan and Wang, Fei and Qian, Chen and Xu, Chang},
  journal={arXiv preprint arXiv:2403.09338},
  year={2024}
}


@article{efficientvmamba,
  title={Efficientvmamba: Atrous selective scan for light weight visual mamba},
  author={Pei, Xiaohuan and Huang, Tao and Xu, Chang},
  journal={arXiv preprint arXiv:2403.09977},
  year={2024}
}


@article{simba,
  title={Simba: Simplified mamba-based architecture for vision and multivariate time series},
  author={Patro, Badri N and Agneeswaran, Vijay S},
  journal={arXiv preprint arXiv:2403.15360},
  year={2024}
}


@article{visionmamba,
  title={Vision mamba: Efficient visual representation learning with bidirectional state space model},
  author={Zhu, Lianghui and Liao, Bencheng and Zhang, Qian and Wang, Xinlong and Liu, Wenyu and Wang, Xinggang},
  journal={arXiv preprint arXiv:2401.09417},
  year={2024}
}


@article{ssm3,
  title={Simplified state space layers for sequence modeling},
  author={Smith, Jimmy TH and Warrington, Andrew and Linderman, Scott W},
  journal={arXiv preprint arXiv:2208.04933},
  year={2022}
}


@inproceedings{waymo,
  title={Scalability in perception for autonomous driving: Waymo open dataset},
  author={Sun, Pei and Kretzschmar, Henrik and Dotiwalla, Xerxes and Chouard, Aurelien and Patnaik, Vijaysai and Tsui, Paul and Guo, James and Zhou, Yin and Chai, Yuning and Caine, Benjamin and others},
  booktitle={Proceedings of the IEEE/CVF conference on computer vision and pattern recognition},
  pages={2446--2454},
  year={2020}
}


@INPROCEEDINGS{7759282,

  author={Dewan, Ayush and Caselitz, Tim and Tipaldi, Gian Diego and Burgard, Wolfram},

  booktitle={2016 IEEE/RSJ International Conference on Intelligent Robots and Systems (IROS)}, 

  title={Rigid scene flow for 3D LiDAR scans}, 

  year={2016},

  volume={},

  number={},

  pages={1765-1770},

  keywords={Three-dimensional displays;Laser radar;Dynamics;Robot sensing systems;Tracking;Minimization},

  doi={10.1109/IROS.2016.7759282}}

@article{mamba3d,
  title={Mamba3d: Enhancing local features for 3d point cloud analysis via state space model},
  author={Han, Xu and Tang, Yuan and Wang, Zhaoxuan and Li, Xianzhi},
  journal={arXiv preprint arXiv:2404.14966},
  year={2024}
}

@article{liang2024pointmamba,
  title={Pointmamba: A simple state space model for point cloud analysis},
  author={Liang, Dingkang and Zhou, Xin and Xu, Wei and Zhu, Xingkui and Zou, Zhikang and Ye, Xiaoqing and Tan, Xiao and Bai, Xiang},
  journal={arXiv preprint arXiv:2402.10739},
  year={2024}
}

@article{mvgamba,
  title={MVGamba: Unify 3D Content Generation as State Space Sequence Modeling},
  author={Yi, Xuanyu and Wu, Zike and Shen, Qiuhong and Xu, Qingshan and Zhou, Pan and Lim, Joo-Hwee and Yan, Shuicheng and Wang, Xinchao and Zhang, Hanwang},
  journal={arXiv preprint arXiv:2406.06367},
  year={2024}
}

@article{zhang2024point,
  title={Point could mamba: Point cloud learning via state space model},
  author={Zhang, Tao and Li, Xiangtai and Yuan, Haobo and Ji, Shunping and Yan, Shuicheng},
  journal={arXiv preprint arXiv:2403.00762},
  year={2024}
}
@article{3dmambaipf,
  title={3dmambaipf: A state space model for iterative point cloud filtering via differentiable rendering},
  author={Zhou, Qingyuan and Yang, Weidong and Fei, Ben and Xu, Jingyi and Zhang, Rui and Liu, Keyi and Luo, Yeqi and He, Ying},
  journal={arXiv preprint arXiv:2404.05522},
  year={2024}
}

@inproceedings{deng2023rsf,
  title={Rsf: Optimizing rigid scene flow from 3d point clouds without labels},
  author={Deng, David and Zakhor, Avideh},
  booktitle={Proceedings of the IEEE/CVF Winter Conference on Applications of Computer Vision},
  pages={1277--1286},
  year={2023}
}

@inproceedings{lang2023scoop,
  title={Scoop: Self-supervised correspondence and optimization-based scene flow},
  author={Lang, Itai and Aiger, Dror and Cole, Forrester and Avidan, Shai and Rubinstein, Michael},
  booktitle={Proceedings of the IEEE/CVF Conference on Computer Vision and Pattern Recognition},
  pages={5281--5290},
  year={2023}
}
@inproceedings{shen2023self,
  title={Self-supervised 3d scene flow estimation guided by superpoints},
  author={Shen, Yaqi and Hui, Le and Xie, Jin and Yang, Jian},
  booktitle={Proceedings of the IEEE/CVF Conference on Computer Vision and Pattern Recognition},
  pages={5271--5280},
  year={2023}
}

@article{wang20233d,
  title={3d point-voxel correlation fields for scene flow estimation},
  author={Wang, Ziyi and Wei, Yi and Rao, Yongming and Zhou, Jie and Lu, Jiwen},
  journal={IEEE Transactions on Pattern Analysis and Machine Intelligence},
  year={2023},
  publisher={IEEE}
}
 @article{Chang_Funkhouser_Guibas_Hanrahan_Huang_Li_Savarese_Savva_Song_Su_etal._2015,  
 title={ShapeNet: An Information-Rich 3D Model Repository}, 
 journal={arXiv: Graphics,arXiv: Graphics}, 
 author={Chang, AngelX. and Funkhouser, Thomas and Guibas, LeonidasJ. and Hanrahan, Pat and Huang, Qixing and Li, Zimo and Savarese, Silvio and Savva, Manolis and Song, Shuran and Su, Hao and Xiao, Jianxiong and Yi, Li and Yu, Fisher}, 
 year={2015}, 
 month={Dec}, 
 language={en-US} 
 }
@inproceedings{mayer2016large,
  title={A large dataset to train convolutional networks for disparity, optical flow, and scene flow estimation},
  author={Mayer, Nikolaus and Ilg, Eddy and Hausser, Philip and Fischer, Philipp and Cremers, Daniel and Dosovitskiy, Alexey and Brox, Thomas},
  booktitle={Proceedings of the IEEE conference on computer vision and pattern recognition},
  pages={4040--4048},
  year={2016}
}
@inproceedings{menze2015object,
  title={Object scene flow for autonomous vehicles},
  author={Menze, Moritz and Geiger, Andreas},
  booktitle={Proceedings of the IEEE conference on computer vision and pattern recognition},
  pages={3061--3070},
  year={2015}
}
@article{zhu2019class,
  title={Class-balanced grouping and sampling for point cloud 3d object detection},
  author={Zhu, Benjin and Jiang, Zhengkai and Zhou, Xiangxin and Li, Zeming and Yu, Gang},
  journal={arXiv preprint arXiv:1908.09492},
  year={2019}
}
@inproceedings{vedder2022sparse,
  title={Sparse pointpillars: Maintaining and exploiting input sparsity to improve runtime on embedded systems},
  author={Vedder, Kyle and Eaton, Eric},
  booktitle={2022 IEEE/RSJ International Conference on Intelligent Robots and Systems (IROS)},
  pages={2025--2031},
  year={2022},
  organization={IEEE}
}
@inproceedings{peri2022forecasting,
  title={Forecasting from lidar via future object detection},
  author={Peri, Neehar and Luiten, Jonathon and Li, Mengtian and O{\v{s}}ep, Aljo{\v{s}}a and Leal-Taix{\'e}, Laura and Ramanan, Deva},
  booktitle={Proceedings of the IEEE/CVF Conference on Computer Vision and Pattern Recognition},
  pages={17202--17211},
  year={2022}
}
@inproceedings{nuscenes,
  title={nuscenes: A multimodal dataset for autonomous driving},
  author={Caesar, Holger and Bankiti, Varun and Lang, Alex H and Vora, Sourabh and Liong, Venice Erin and Xu, Qiang and Krishnan, Anush and Pan, Yu and Baldan, Giancarlo and Beijbom, Oscar},
  booktitle={Proceedings of the IEEE/CVF conference on computer vision and pattern recognition},
  pages={11621--11631},
  year={2020}
}
@article{li2024fast,
  title={Fast-BEV: A Fast and Strong Bird's-Eye View Perception Baseline},
  author={Li, Yangguang and Huang, Bin and Chen, Zeren and Cui, Yufeng and Liang, Feng and Shen, Mingzhu and Liu, Fenggang and Xie, Enze and Sheng, Lu and Ouyang, Wanli and others},
  journal={IEEE Transactions on Pattern Analysis and Machine Intelligence},
  year={2024},
  publisher={IEEE}
}
@inproceedings{chen2023voxelnext,
  title={Voxelnext: Fully sparse voxelnet for 3d object detection and tracking},
  author={Chen, Yukang and Liu, Jianhui and Zhang, Xiangyu and Qi, Xiaojuan and Jia, Jiaya},
  booktitle={Proceedings of the IEEE/CVF Conference on Computer Vision and Pattern Recognition},
  pages={21674--21683},
  year={2023}
}
@inproceedings{wei2023surroundocc,
  title={Surroundocc: Multi-camera 3d occupancy prediction for autonomous driving},
  author={Wei, Yi and Zhao, Linqing and Zheng, Wenzhao and Zhu, Zheng and Zhou, Jie and Lu, Jiwen},
  booktitle={Proceedings of the IEEE/CVF International Conference on Computer Vision},
  pages={21729--21740},
  year={2023}
}

@ARTICLE{9265210,

  author={Gu, Changjun and Cong, Yang and Sun, Gan},

  journal={IEEE Transactions on Instrumentation and Measurement}, 

  title={Three Birds, One Stone: Unified Laser-Based 3-D Reconstruction Across Different Media}, 

  year={2021},

  volume={70},

  number={},

  pages={1-12},

  keywords={Cameras;Three-dimensional displays;Calibration;Glass;Media;Image reconstruction;Sensors;Laser-based scanner;pose optimization;refractive geometry calibration;underwater refractive 3-D reconstruction;underwater vision},

  doi={10.1109/TIM.2020.3039641}}

@ARTICLE{10582466,

  author={Zhu, Zunjie and Wei, Yuxin and Lu, Rongfeng and Xu, Chenghao and Le, Xiang and Zheng, Bolun and Yan, Chenggang and Xu, Feng},

  journal={IEEE Transactions on Instrumentation and Measurement}, 

  title={Indoor Scene Reconstruction Using a Rotating Device and Multiple RGB-D Cameras}, 

  year={2024},

  volume={73},

  number={},

  pages={1-11},

  keywords={Cameras;Optimization;Pose estimation;Image reconstruction;Visualization;Three-dimensional displays;Motors;3-D reconstruction;global optimization;multisensor (MS) systems;pose estimation;visual simultaneous localization and mapping (SLAM)},

  doi={10.1109/TIM.2024.3420266}}

@ARTICLE{9754543,

  author={Wang, Guangming and Hu, Yunzhe and Wu, Xinrui and Wang, Hesheng},

  journal={IEEE Transactions on Instrumentation and Measurement}, 

  title={Residual 3-D Scene Flow Learning With Context-Aware Feature Extraction}, 

  year={2022},

  volume={71},

  number={},

  pages={1-9},

  keywords={Three-dimensional displays;Point cloud compression;Estimation;Feature extraction;Convolution;Deep learning;Pattern recognition;3-D deep learning;3-D scene flow;context-aware feature extraction;point clouds;residual 3-D scene flow learning},

  doi={10.1109/TIM.2022.3166147}}

@ARTICLE{10258386,
  author={Yi, Zhonghua and Shi, Hao and Yang, Kailun and Jiang, Qi and Ye, Yaozu and Wang, Ze and Ni, Huajian and Wang, Kaiwei},
  journal={IEEE Transactions on Intelligent Vehicles}, 
  title={FocusFlow: Boosting Key-Points Optical Flow Estimation for Autonomous Driving}, 
  year={2024},
  volume={9},
  number={1},
  pages={2794-2807},
  keywords={Estimation;Optical flow;Autonomous vehicles;Image motion analysis;Feature extraction;Computer vision;Adaptation models;Optical flow estimation;autonomous driving;key points;conditional modeling},
  doi={10.1109/TIV.2023.3317933}}

@ARTICLE{10458341,
  author={Liu, Haochen and Huang, Zhiyu and Mo, Xiaoyu and Lv, Chen},
  journal={IEEE Transactions on Intelligent Vehicles}, 
  title={Augmenting Reinforcement Learning With Transformer-Based Scene Representation Learning for Decision-Making of Autonomous Driving}, 
  year={2024},
  volume={9},
  number={3},
  pages={4405-4421},
  keywords={Transformers;Decision making;Training;Task analysis;Vectors;Autonomous vehicles;Reinforcement learning;Autonomous driving;decision-making;reinforcement learning;scene representation},
  doi={10.1109/TIV.2024.3372625}}


@ARTICLE{10265176,
  author={Meng, Haitao and Li, Changcai and Chen, Gang and Chen, Long and Knoll, Alois},
  journal={IEEE Transactions on Intelligent Vehicles}, 
  title={Efficient 3D Object Detection Based on Pseudo-LiDAR Representation}, 
  year={2024},
  volume={9},
  number={1},
  pages={1953-1964},
  keywords={Three-dimensional displays;Object detection;Laser radar;Estimation;Task analysis;Detectors;Costs;Pseudo-light detection and ranging (LiDAR);3D object detection;stereo vision},
  doi={10.1109/TIV.2023.3319985}}

@ARTICLE{10640268,
  author={Kim, Seongjun and Kim, Chansoo and Jo, Kichun},
  journal={IEEE Transactions on Intelligent Vehicles}, 
  title={AWV-MOS-LIO: Adaptive Window Visibility based Moving Object Segmentation with LiDAR Inertial Odometry}, 
  year={2024},
  volume={},
  number={},
  pages={1-16},
  keywords={Laser radar;Vehicle dynamics;Simultaneous localization and mapping;Odometry;Accuracy;Dynamics;Autonomous vehicles;LiDAR moving object segmentation;automated driving;point cloud processing;simultaneous localization and mapping (SLAM)},
  doi={10.1109/TIV.2024.3446038}}

@ARTICLE{10570336,
  author={Shi, Hao and Jiang, Qi and Yang, Kailun and Yin, Xiaoting and Ni, Huajian and Wang, Kaiwei},
  journal={IEEE Transactions on Intelligent Vehicles}, 
  title={Beyond the Field-of-View: Enhancing Scene Visibility and Perception with Clip-Recurrent Transformer}, 
  year={2024},
  volume={},
  number={},
  pages={1-16},
  keywords={Transformers;Cameras;Streams;Streaming media;Sensors;Optical sensors;Optical flow;Scene perception;generative models;optical flow;information retrieval},
  doi={10.1109/TIV.2024.3418497}}

@ARTICLE{10504607,
  author={Li, Jiahang and Zhang, Yikang and Yun, Peng and Zhou, Guangliang and Chen, Qijun and Fan, Rui},
  journal={IEEE Transactions on Intelligent Vehicles}, 
  title={RoadFormer: Duplex Transformer for RGB-Normal Semantic Road Scene Parsing}, 
  year={2024},
  volume={9},
  number={7},
  pages={5163-5172},
  keywords={Roads;Transformers;Feature extraction;Decoding;Semantics;Semantic segmentation;Benchmark testing;Convolutional neural network;road scene parsing;freespace detection;semantic segmentation;driving safety and comfort;transformer},
  doi={10.1109/TIV.2024.3388726}}
@ARTICLE{10680561,
  author={Feng, Yi and Guo, Zizhan and Chen, Qijun and Fan, Rui},
  journal={IEEE Transactions on Intelligent Vehicles}, 
  title={SCIPaD: Incorporating Spatial Clues into Unsupervised Pose-Depth Joint Learning}, 
  year={2024},
  volume={},
  number={},
  pages={1-11},
  keywords={Cameras;Pose estimation;Semantics;Three-dimensional displays;Image reconstruction;Layout;Feature extraction;monocular depth estimation;autonomous driving;convolutional neural network;camera pose estimation},
  doi={10.1109/TIV.2024.3460868}}
