@article{agrawal2020scaling,
  title={Scaling up psychology via scientific regret minimization},
  author={Agrawal, Mayank and Peterson, Joshua C and Griffiths, Thomas L},
  journal={Proceedings of the National Academy of Sciences},
  volume={117},
  number={16},
  pages={8825--8835},
  year={2020},
  publisher={National Acad Sciences}
}

@article{alur2023auditing,
  title={Auditing for human expertise},
  author={Alur, Rohan and Laine, Loren and Li, Darrick and Raghavan, Manish and Shah, Devavrat and Shung, Dennis},
  journal={Advances in Neural Information Processing Systems},
  volume={36},
  pages={79439--79468},
  year={2023}
}

@inproceedings{bansal2019updates,
  title={Updates in human-ai teams: Understanding and addressing the performance/compatibility tradeoff},
  author={Bansal, Gagan and Nushi, Besmira and Kamar, Ece and Weld, Daniel S and Lasecki, Walter S and Horvitz, Eric},
  booktitle={Proceedings of the AAAI Conference on Artificial Intelligence},
  volume={33},
  number={01},
  pages={2429--2437},
  year={2019}
}

@inproceedings{bansal2021does,
author = {Bansal, Gagan and Wu, Tongshuang and Zhou, Joyce and Fok, Raymond and Nushi, Besmira and Kamar, Ece and Ribeiro, Marco Tulio and Weld, Daniel},
title = {Does the Whole Exceed its Parts? The Effect of AI Explanations on Complementary Team Performance},
year = {2021},
isbn = {9781450380966},
publisher = {Association for Computing Machinery},
address = {New York, NY, USA},
url = {https://doi.org/10.1145/3411764.3445717},
doi = {10.1145/3411764.3445717},
booktitle = {Proceedings of the 2021 CHI Conference on Human Factors in Computing Systems},
articleno = {81},
numpages = {16},
keywords = {Augmented intelligence, Explainable AI, Human-AI teams},
location = {, Yokohama, Japan, },
series = {CHI '21}
}

@inproceedings{bansal2021most,
  title={Is the most accurate ai the best teammate? optimizing ai for teamwork},
  author={Bansal, Gagan and Nushi, Besmira and Kamar, Ece and Horvitz, Eric and Weld, Daniel S},
  booktitle={Proceedings of the AAAI Conference on Artificial Intelligence},
  volume={35},
  number={13},
  pages={11405--11414},
  year={2021}
}

@article{ben2024does,
  title={Does AI help humans make better decisions? A statistical evaluation framework for experimental and observational studies},
  author={Ben-Michael, Eli and Greiner, D James and Huang, Melody and Imai, Kosuke and Jiang, Zhichao and Shin, Sooahn},
  journal={arXiv},
  volume={2403},
  pages={v3},
  year={2024}
}

@article{bo2021toward,
  title={Toward human intervention-free clinical diagnosis of intracranial aneurysm via deep neural network},
  author={Bo, Zi-Hao and Qiao, Hui and Tian, Chong and Guo, Yuchen and Li, Wuchao and Liang, Tiantian and Li, Dongxue and Liao, Dan and Zeng, Xianchun and Mei, Leilei and others},
  journal={Patterns},
  volume={2},
  number={2},
  year={2021},
  publisher={Elsevier}
}

@inproceedings{bondi2022role,
  title={Role of human-AI interaction in selective prediction},
  author={Bondi, Elizabeth and Koster, Raphael and Sheahan, Hannah and Chadwick, Martin and Bachrach, Yoram and Cemgil, Taylan and Paquet, Ulrich and Dvijotham, Krishnamurthy},
  booktitle={Proceedings of the AAAI Conference on Artificial Intelligence},
  volume={36},
  number={5},
  pages={5286--5294},
  year={2022}
}

@article{boskemper2022measuring,
  title={Measuring the efficiency of automation-aided performance in a simulated baggage screening task},
  author={Boskemper, Melanie M and Bartlett, Megan L and McCarley, Jason S},
  journal={Human factors},
  volume={64},
  number={6},
  pages={945--961},
  year={2022},
  publisher={Sage Publications Sage CA: Los Angeles, CA}
}

@article{corvelo2023human,
  title={Human-aligned calibration for ai-assisted decision making},
  author={Corvelo Benz, Nina and Rodriguez, Manuel},
  journal={Advances in Neural Information Processing Systems},
  volume={36},
  pages={14609--14636},
  year={2023}
}

@article{fudenberg2022measuring,
  title={Measuring the completeness of economic models},
  author={Fudenberg, Drew and Kleinberg, Jon and Liang, Annie and Mullainathan, Sendhil},
  journal={Journal of Political Economy},
  volume={130},
  number={4},
  pages={956--990},
  year={2022},
  publisher={The University of Chicago Press Chicago, IL}
}

@inproceedings{guo2024decision,
  title={A Decision Theoretic Framework for Measuring AI Reliance},
  author={Guo, Ziyang and Wu, Yifan and Hartline, Jason D and Hullman, Jessica},
  booktitle={The 2024 ACM Conference on Fairness, Accountability, and Transparency},
  pages={221--236},
  year={2024}
}

@inproceedings{keswani2021towards,
  title={Towards unbiased and accurate deferral to multiple experts},
  author={Keswani, Vijay and Lease, Matthew and Kenthapadi, Krishnaram},
  booktitle={Proceedings of the 2021 AAAI/ACM Conference on AI, Ethics, and Society},
  pages={154--165},
  year={2021}
}

@article{keswani2022designing,
  title={Designing closed human-in-the-loop deferral pipelines},
  author={Keswani, Vijay and Lease, Matthew and Kenthapadi, Krishnaram},
  journal={arXiv preprint arXiv:2202.04718},
  year={2022}
}

@article{kleinberg2015prediction,
  title={Prediction policy problems},
  author={Kleinberg, Jon and Ludwig, Jens and Mullainathan, Sendhil and Obermeyer, Ziad},
  journal={American Economic Review},
  volume={105},
  number={5},
  pages={491--495},
  year={2015},
  publisher={American Economic Association 2014 Broadway, Suite 305, Nashville, TN 37203}
}

@article{kleinberg2018human,
  title={Human decisions and machine predictions},
  author={Kleinberg, Jon and Lakkaraju, Himabindu and Leskovec, Jure and Ludwig, Jens and Mullainathan, Sendhil},
  journal={The quarterly journal of economics},
  volume={133},
  number={1},
  pages={237--293},
  year={2018},
  publisher={Oxford University Press}
}

@inproceedings{lakkaraju2017selective,
  title={The selective labels problem: Evaluating algorithmic predictions in the presence of unobservables},
  author={Lakkaraju, Himabindu and Kleinberg, Jon and Leskovec, Jure and Ludwig, Jens and Mullainathan, Sendhil},
  booktitle={Proceedings of the 23rd ACM SIGKDD International Conference on Knowledge Discovery and Data Mining},
  pages={275--284},
  year={2017}
}

@article{madras2018predict,
  title={Predict responsibly: improving fairness and accuracy by learning to defer},
  author={Madras, David and Pitassi, Toni and Zemel, Richard},
  journal={Advances in neural information processing systems},
  volume={31},
  year={2018}
}

@article{mozannar2024effective,
  title={Effective human-AI teams via learned natural language rules and onboarding},
  author={Mozannar, Hussein and Lee, Jimin and Wei, Dennis and Sattigeri, Prasanna and Das, Subhro and Sontag, David},
  journal={Advances in Neural Information Processing Systems},
  volume={36},
  year={2024}
}

@inproceedings{mozannar2024show,
  title={When to show a suggestion? Integrating human feedback in AI-assisted programming},
  author={Mozannar, Hussein and Bansal, Gagan and Fourney, Adam and Horvitz, Eric},
  booktitle={Proceedings of the AAAI Conference on Artificial Intelligence},
  volume={38},
  number={9},
  pages={10137--10144},
  year={2024}
}

@article{mullainathan2022diagnosing,
  title={Diagnosing physician error: A machine learning approach to low-value health care},
  author={Mullainathan, Sendhil and Obermeyer, Ziad},
  journal={The Quarterly Journal of Economics},
  volume={137},
  number={2},
  pages={679--727},
  year={2022},
  publisher={Oxford University Press}
}

@article{okati2021differentiable,
  title={Differentiable learning under triage},
  author={Okati, Nastaran and De, Abir and Rodriguez, Manuel},
  journal={Advances in Neural Information Processing Systems},
  volume={34},
  pages={9140--9151},
  year={2021}
}

@inproceedings{perdomo2020performative,
  title={Performative prediction},
  author={Perdomo, Juan and Zrnic, Tijana and Mendler-D{\"u}nner, Celestine and Hardt, Moritz},
  booktitle={International Conference on Machine Learning},
  pages={7599--7609},
  year={2020},
  organization={PMLR}
}

@article{raghu2019algorithmic,
  title={The algorithmic automation problem: Prediction, triage, and human effort},
  author={Raghu, Maithra and Blumer, Katy and Corrado, Greg and Kleinberg, Jon and Obermeyer, Ziad and Mullainathan, Sendhil},
  journal={arXiv preprint arXiv:1903.12220},
  year={2019}
}

@article{rambachan2024identifying,
  title={Identifying prediction mistakes in observational data},
  author={Rambachan, Ashesh},
  journal={The Quarterly Journal of Economics},
  pages={qjae013},
  year={2024},
  publisher={Oxford University Press}
}

@inproceedings{rastogi2023taxonomy,
  title={A Taxonomy of Human and ML Strengths in Decision-Making to Investigate Human-ML Complementarity},
  author={Rastogi, Charvi and Leqi, Liu and Holstein, Kenneth and Heidari, Hoda},
  booktitle={Proceedings of the AAAI Conference on Human Computation and Crowdsourcing},
  volume={11},
  number={1},
  pages={127--139},
  year={2023}
}

@inproceedings{schemmer2022meta,
  title={A meta-analysis of the utility of explainable artificial intelligence in human-AI decision-making},
  author={Schemmer, Max and Hemmer, Patrick and Nitsche, Maximilian and K{\"u}hl, Niklas and V{\"o}ssing, Michael},
  booktitle={Proceedings of the 2022 AAAI/ACM Conference on AI, Ethics, and Society},
  pages={617--626},
  year={2022}
}

@article{shreekumar2025x,
  title={X-raying Experts: Decomposing Predictable Mistakes in Radiology},
  author={Shreekumar, Advik},
  year={2025}
}

@article{vaccaro2024combinations,
  title={When combinations of humans and AI are useful: A systematic review and meta-analysis},
  author={Vaccaro, Michelle and Almaatouq, Abdullah and Malone, Thomas},
  journal={Nature Human Behaviour},
  pages={1--11},
  year={2024},
  publisher={Nature Publishing Group UK London}
}

@inproceedings{wilder2021learning,
  title={Learning to complement humans},
  author={Wilder, Bryan and Horvitz, Eric and Kamar, Ece},
  booktitle={Proceedings of the Twenty-Ninth International Conference on International Joint Conferences on Artificial Intelligence},
  pages={1526--1533},
  year={2021}
}

@article{wu2023rational,
  title={The rational agent benchmark for data visualization},
  author={Wu, Yifan and Guo, Ziyang and Mamakos, Michalis and Hartline, Jason and Hullman, Jessica},
  journal={IEEE transactions on visualization and computer graphics},
  year={2023},
  publisher={IEEE}
}

