@inproceedings{guo2024decision,
  title={A Decision Theoretic Framework for Measuring AI Reliance},
  author={Guo, Ziyang and Wu, Yifan and Hartline, Jason D and Hullman, Jessica},
  booktitle={The 2024 ACM Conference on Fairness, Accountability, and Transparency},
  pages={221--236},
  year={2024}
}

@article{hullman2021designing,
  title={Designing for interactive exploratory data analysis requires theories of graphical inference},
  author={Hullman, Jessica and Gelman, Andrew},
  journal={Harvard Data Science Review},
  volume={3},
  number={3},
  pages={10--1162},
  year={2021},
  publisher={The MIT Press}
}

@article{hullman2024decision,
  title={Decision Theoretic Foundations for Experiments Evaluating Human Decisions},
  author={Hullman, Jessica and Kale, Alex and Hartline, Jason},
  journal={arXiv preprint arXiv:2401.15106},
  year={2024}
}

@article{aegisdottir2006meta,
  title={The meta-analysis of clinical judgment project: Fifty-six years of accumulated research on clinical versus statistical prediction},
  author={{\AE}gisd{\'o}ttir, Stefan{\'\i}a and White, Michael J and Spengler, Paul M and Maugherman, Alan S and Anderson, Linda A and Cook, Robert S and Nichols, Cassandra N and Lampropoulos, Georgios K and Walker, Blain S and Cohen, Genna and others},
  journal={The Counseling Psychologist},
  volume={34},
  number={3},
  pages={341--382},
  year={2006},
  publisher={Sage Publications Sage CA: Thousand Oaks, CA}
}

@article{grove2000clinical,
  title={Clinical versus mechanical prediction: A meta-analysis},
  author={Grove, William M and Zald, David H and Lebow, Boyd S and Snitz, Beth E and Nelson, Chad},
  journal={Psychological Assessment},
  volume={12},
  number={1},
  pages={19},
  year={2000},
  publisher={American Psychological Association}
}

@book{meehl1954clinical,
  title={Clinical Versus Statistical Prediction: A Theoretical Analysis and a Review of the Evidence},
  author={Meehl, Paul E},
  year={1954},
  publisher={University of Minnesota Press}
}

@article{wu2023rational,
  title={The rational agent benchmark for data visualization},
  author={Wu, Yifan and Guo, Ziyang and Mamakos, Michalis and Hartline, Jason and Hullman, Jessica},
  journal={IEEE transactions on visualization and computer graphics},
  year={2023},
  publisher={IEEE}
}

@inproceedings{chen2016informational,
  title={Informational substitutes},
  author={Chen, Yiling and Waggoner, Bo},
  booktitle={2016 IEEE 57th Annual Symposium on Foundations of Computer Science (FOCS)},
  pages={239--247},
  year={2016},
  organization={IEEE}
}

@article{jussupow2020we,
  title={Why are we averse towards algorithms? A comprehensive literature review on algorithm aversion},
  author={Jussupow, Ekaterina and Benbasat, Izak and Heinzl, Armin},
  year={2020}
}

@article{felintheory,
  title={Theory Is All You Need: AI, Human Cognition, and Causal Reasoning},
  author={Felin, Teppo and Holweg, Matthias}
}

@article{alur2024distinguishing,
  title={Distinguishing the Indistinguishable: Human Expertise in Algorithmic Prediction},
  author={Alur, Rohan and Raghavan, Manish and Shah, Devavrat},
  journal={arXiv preprint arXiv:2402.00793},
  year={2024}
}


@inproceedings{bansal2021does,
author = {Bansal, Gagan and Wu, Tongshuang and Zhou, Joyce and Fok, Raymond and Nushi, Besmira and Kamar, Ece and Ribeiro, Marco Tulio and Weld, Daniel},
title = {Does the Whole Exceed its Parts? The Effect of AI Explanations on Complementary Team Performance},
year = {2021},
isbn = {9781450380966},
publisher = {Association for Computing Machinery},
address = {New York, NY, USA},
url = {https://doi.org/10.1145/3411764.3445717},
doi = {10.1145/3411764.3445717},
booktitle = {Proceedings of the 2021 CHI Conference on Human Factors in Computing Systems},
articleno = {81},
numpages = {16},
keywords = {Augmented intelligence, Explainable AI, Human-AI teams},
location = {, Yokohama, Japan, },
series = {CHI '21}
}

@inproceedings{buccinca2020proxy,
author = {Bu\c{c}inca, Zana and Lin, Phoebe and Gajos, Krzysztof Z. and Glassman, Elena L.},
title = {Proxy tasks and subjective measures can be misleading in evaluating explainable AI systems},
year = {2020},
isbn = {9781450371186},
publisher = {Association for Computing Machinery},
address = {New York, NY, USA},
url = {https://doi.org/10.1145/3377325.3377498},
doi = {10.1145/3377325.3377498},
booktitle = {Proceedings of the 25th International Conference on Intelligent User Interfaces},
pages = {454–464},
numpages = {11},
keywords = {trust, explanations, artificial intelligence},
location = {Cagliari, Italy},
series = {IUI '20}
}


@inproceedings{bussone2015role,
  author={Bussone, Adrian and Stumpf, Simone and O'Sullivan, Dympna},
  booktitle={2015 International Conference on Healthcare Informatics}, 
  title={The Role of Explanations on Trust and Reliance in Clinical Decision Support Systems}, 
  year={2015},
  volume={},
  number={},
  pages={160-169},
  keywords={Prototypes;Reliability;Medical diagnostic imaging;Medical services;Decision making;Cognition;History;CDSS;Trust;Reliance;Explanations;Reliability;User Study},
  doi={10.1109/ICHI.2015.26},
  ISSN={},
  month={Oct},}


@article{green2019principles,
  title={The principles and limits of algorithm-in-the-loop decision making},
  author={Green, Ben and Chen, Yiling},
  journal={Proceedings of the ACM on Human-Computer Interaction},
  volume={3},
  number={CSCW},
  pages={1--24},
  year={2019},
  publisher={ACM New York, NY, USA}
}

@article{jacobs2021machine,
  title={How machine-learning recommendations influence clinician treatment selections: the example of antidepressant selection},
  author={Jacobs, Maia and Pradier, Melanie F and McCoy Jr, Thomas H and Perlis, Roy H and Doshi-Velez, Finale and Gajos, Krzysztof Z},
  journal={Translational psychiatry},
  volume={11},
  number={1},
  pages={108},
  year={2021},
  publisher={Nature Publishing Group UK London}
}

@inproceedings{lai2019human,
  title={On human predictions with explanations and predictions of machine learning models: A case study on deception detection},
  author={Lai, Vivian and Tan, Chenhao},
  booktitle={Proceedings of the conference on fairness, accountability, and transparency},
  pages={29--38},
  year={2019}
}

@article{vaccaro2019effects,
  title={The effects of mixing machine learning and human judgment},
  author={Vaccaro, Michelle and Waldo, Jim},
  journal={Communications of the ACM},
  volume={62},
  number={11},
  pages={104--110},
  year={2019},
  publisher={ACM New York, NY, USA}
}

@inproceedings{lai2020chicago,
  title={" Why is' Chicago'deceptive?" Towards Building Model-Driven Tutorials for Humans},
  author={Lai, Vivian and Liu, Han and Tan, Chenhao},
  booktitle={Proceedings of the 2020 CHI Conference on Human Factors in Computing Systems},
  pages={1--13},
  year={2020}
}
@article{fogliato2021impact,
  title={The impact of algorithmic risk assessments on human predictions and its analysis via crowdsourcing studies},
  author={Fogliato, Riccardo and Chouldechova, Alexandra and Lipton, Zachary},
  journal={Proceedings of the ACM on Human-Computer Interaction},
  volume={5},
  number={CSCW2},
  pages={1--24},
  year={2021},
  publisher={ACM New York, NY, USA}
}

@article{kononenko2001machine,
  title={Machine learning for medical diagnosis: history, state of the art and perspective},
  author={Kononenko, Igor},
  journal={Artificial Intelligence in medicine},
  volume={23},
  number={1},
  pages={89--109},
  year={2001},
  publisher={Elsevier}
}

@article{alur2024auditing,
  title={Auditing for human expertise},
  author={Alur, Rohan and Laine, Loren and Li, Darrick and Raghavan, Manish and Shah, Devavrat and Shung, Dennis},
  journal={Advances in Neural Information Processing Systems},
  volume={36},
  year={2024}
}

@inproceedings{ghorbani2019data,
  title={Data shapley: Equitable valuation of data for machine learning},
  author={Ghorbani, Amirata and Zou, James},
  booktitle={International conference on machine learning},
  pages={2242--2251},
  year={2019},
  organization={PMLR}
}

@article{groh2022deepfake,
  title={Deepfake detection by human crowds, machines, and machine-informed crowds},
  author={Groh, Matthew and Epstein, Ziv and Firestone, Chaz and Picard, Rosalind},
  journal={Proceedings of the National Academy of Sciences},
  volume={119},
  number={1},
  pages={e2110013119},
  year={2022},
  publisher={National Acad Sciences}
}

@inproceedings{blackwell1951comparison,
  title={Comparison of experiments},
  author={Blackwell, David and others},
  booktitle={Proceedings of the second Berkeley symposium on mathematical statistics and probability},
  volume={1},
  number={93-102},
  pages={26},
  year={1951}
}

@article{buccinca2021trust,
  title={To trust or to think: cognitive forcing functions can reduce overreliance on AI in AI-assisted decision-making},
  author={Bu{\c{c}}inca, Zana and Malaya, Maja Barbara and Gajos, Krzysztof Z},
  journal={Proceedings of the ACM on Human-computer Interaction},
  volume={5},
  number={CSCW1},
  pages={1--21},
  year={2021},
  publisher={ACM New York, NY, USA}
}

@article{liu2021understanding,
  title={Understanding the effect of out-of-distribution examples and interactive explanations on human-ai decision making},
  author={Liu, Han and Lai, Vivian and Tan, Chenhao},
  journal={Proceedings of the ACM on Human-Computer Interaction},
  volume={5},
  number={CSCW2},
  pages={1--45},
  year={2021},
  publisher={ACM New York, NY, USA}
}

@article{shapley1953value,
  title={A value for n-person games},
  author={Shapley, Lloyd S},
  journal={Contributions to the Theory of Games},
  volume={2},
  year={1953}
}

@article{fok2023search,
  title={In search of verifiability: Explanations rarely enable complementary performance in AI-advised decision making},
  author={Fok, Raymond and Weld, Daniel S},
  journal={AI Magazine},
  year={2023},
  publisher={Wiley Online Library}
}

@inproceedings{li2022optimization,
  title={Optimization of scoring rules},
  author={Li, Yingkai and Hartline, Jason D and Shan, Liren and Wu, Yifan},
  booktitle={Proceedings of the 23rd ACM Conference on Economics and Computation},
  pages={988--989},
  year={2022}
}

@article{tang2020automated,
  title={Automated abnormality classification of chest radiographs using deep convolutional neural networks},
  author={Tang, Yu-Xing and Tang, You-Bao and Peng, Yifan and Yan, Ke and Bagheri, Mohammadhadi and Redd, Bernadette A and Brandon, Catherine J and Lu, Zhiyong and Han, Mei and Xiao, Jing and others},
  journal={NPJ digital medicine},
  volume={3},
  number={1},
  pages={70},
  year={2020},
  publisher={Nature Publishing Group UK London}
}

@article{dolhansky2020deepfake,
  title={The deepfake detection challenge (dfdc) dataset},
  author={Dolhansky, Brian and Bitton, Joanna and Pflaum, Ben and Lu, Jikuo and Howes, Russ and Wang, Menglin and Ferrer, Cristian Canton},
  journal={arXiv preprint arXiv:2006.07397},
  year={2020}
}

@article{rajpurkar2018deep,
  title={Deep learning for chest radiograph diagnosis: A retrospective comparison of the CheXNeXt algorithm to practicing radiologists},
  author={Rajpurkar, Pranav and Irvin, Jeremy and Ball, Robyn L and Zhu, Kaylie and Yang, Brandon and Mehta, Hershel and Duan, Tony and Ding, Daisy and Bagul, Aarti and Langlotz, Curtis P and others},
  journal={PLoS medicine},
  volume={15},
  number={11},
  pages={e1002686},
  year={2018},
  publisher={Public Library of Science San Francisco, CA USA}
}

@article{johnson2019mimic,
  title={MIMIC-CXR, a de-identified publicly available database of chest radiographs with free-text reports},
  author={Johnson, Alistair EW and Pollard, Tom J and Berkowitz, Seth J and Greenbaum, Nathaniel R and Lungren, Matthew P and Deng, Chih-ying and Mark, Roger G and Horng, Steven},
  journal={Scientific data},
  volume={6},
  number={1},
  pages={317},
  year={2019},
  publisher={Nature Publishing Group UK London}
}

@article{hartmann2023,
title = {More than a Feeling: Accuracy and Application of Sentiment Analysis},
journal = {International Journal of Research in Marketing},
volume = {40},
number = {1},
pages = {75-87},
year = {2023},
doi = {https://doi.org/10.1016/j.ijresmar.2022.05.005},
url = {https://www.sciencedirect.com/science/article/pii/S0167811622000477},
author = {Jochen Hartmann and Mark Heitmann and Christian Siebert and Christina Schamp},
}

@inproceedings{ni2019justifying,
  title={Justifying recommendations using distantly-labeled reviews and fine-grained aspects},
  author={Ni, Jianmo and Li, Jiacheng and McAuley, Julian},
  booktitle={Proceedings of the 2019 conference on empirical methods in natural language processing and the 9th international joint conference on natural language processing (EMNLP-IJCNLP)},
  pages={188--197},
  year={2019}
}

@incollection{angwin2022machine,
  title={Machine bias},
  author={Angwin, Julia and Larson, Jeff and Mattu, Surya and Kirchner, Lauren},
  booktitle={Ethics of data and analytics},
  pages={254--264},
  year={2022},
  publisher={Auerbach Publications}
}

@article{dressel2018accuracy,
  title={The accuracy, fairness, and limits of predicting recidivism},
  author={Dressel, Julia and Farid, Hany},
  journal={Science advances},
  volume={4},
  number={1},
  pages={eaao5580},
  year={2018},
  publisher={American Association for the Advancement of Science}
}
@inproceedings{mclaughlin2022algorithmic,
author = {Mclaughlin, Bryce and Spiess, Jann},
title = {Algorithmic Assistance with Recommendation-Dependent Preferences},
year = {2023},
isbn = {9798400701047},
publisher = {Association for Computing Machinery},
address = {New York, NY, USA},
url = {https://doi.org/10.1145/3580507.3597775},
doi = {10.1145/3580507.3597775},
booktitle = {Proceedings of the 24th ACM Conference on Economics and Computation},
pages = {991},
numpages = {1},
keywords = {human- algorithm interaction, reference dependence, risk assessments, algorithmic assistance},
location = {London, United Kingdom},
series = {EC '23}
}

@article{mclaughlin2024designing,
  title={Designing Algorithmic Recommendations to Achieve Human-AI Complementarity},
  author={McLaughlin, Bryce and Spiess, Jann},
  journal={arXiv preprint arXiv:2405.01484},
  year={2024}
}

@article{hu2024predict,
  title={Predict to Minimize Swap Regret for All Payoff-Bounded Tasks},
  author={Hu, Lunjia and Wu, Yifan},
  journal={arXiv preprint arXiv:2404.13503},
  year={2024}
}

@inproceedings{kleinberg2023u,
  title={U-calibration: Forecasting for an unknown agent},
  author={Kleinberg, Bobby and Leme, Renato Paes and Schneider, Jon and Teng, Yifeng},
  booktitle={The Thirty Sixth Annual Conference on Learning Theory},
  pages={5143--5145},
  year={2023},
  organization={PMLR}
}

@inproceedings{ribeiro2016lime,
  author    = {Marco Tulio Ribeiro and
               Sameer Singh and
               Carlos Guestrin},
  title     = {"Why Should {I} Trust You?": Explaining the Predictions of Any Classifier},
  booktitle = {Proceedings of the 22nd {ACM} {SIGKDD} International Conference on
               Knowledge Discovery and Data Mining, San Francisco, CA, USA, August
               13-17, 2016},
  pages     = {1135--1144},
  year      = {2016},
}

@incollection{lundberg2017unified,
title = {A Unified Approach to Interpreting Model Predictions},
author = {Lundberg, Scott M and Lee, Su-In},
booktitle = {Advances in Neural Information Processing Systems 30},
editor = {I. Guyon and U. V. Luxburg and S. Bengio and H. Wallach and R. Fergus and S. Vishwanathan and R. Garnett},
pages = {4765--4774},
year = {2017},
publisher = {Curran Associates, Inc.}
}

@article{goldberger2000physiobank,
  title={PhysioBank, PhysioToolkit, and PhysioNet: components of a new research resource for complex physiologic signals},
  author={Goldberger, Ary L and Amaral, Luis AN and Glass, Leon and Hausdorff, Jeffrey M and Ivanov, Plamen Ch and Mark, Roger G and Mietus, Joseph E and Moody, George B and Peng, Chung-Kang and Stanley, H Eugene},
  journal={circulation},
  volume={101},
  number={23},
  pages={e215--e220},
  year={2000},
  publisher={Am Heart Assoc}
}

@article{johnson2023mimic,
  title={MIMIC-IV, a freely accessible electronic health record dataset},
  author={Johnson, Alistair EW and Bulgarelli, Lucas and Shen, Lu and Gayles, Alvin and Shammout, Ayad and Horng, Steven and Pollard, Tom J and Hao, Sicheng and Moody, Benjamin and Gow, Brian and others},
  journal={Scientific data},
  volume={10},
  number={1},
  pages={1},
  year={2023},
  publisher={Nature Publishing Group UK London}
}

@article{shreekumar2025x,
  title={X-raying Experts: Decomposing Predictable Mistakes in Radiology},
  author={Shreekumar, Advik},
  year={2025}
}

@article{mueller2019heart,
  title={Heart Failure Association of the European Society of Cardiology practical guidance on the use of natriuretic peptide concentrations},
  author={Mueller, Christian and McDonald, Kenneth and de Boer, Rudolf A and Maisel, Alan and Cleland, John GF and Kozhuharov, Nikola and Coats, Andrew JS and Metra, Marco and Mebazaa, Alexandre and Ruschitzka, Frank and others},
  journal={European journal of heart failure},
  volume={21},
  number={6},
  pages={715--731},
  year={2019},
  publisher={Wiley Online Library}
}

@article{heidenreich20222022,
  title={2022 AHA/ACC/HFSA guideline for the management of heart failure: a report of the American College of Cardiology/American Heart Association Joint Committee on Clinical Practice Guidelines},
  author={Heidenreich, Paul A and Bozkurt, Biykem and Aguilar, David and Allen, Larry A and Byun, Joni J and Colvin, Monica M and Deswal, Anita and Drazner, Mark H and Dunlay, Shannon M and Evers, Linda R and others},
  journal={Journal of the American College of Cardiology},
  volume={79},
  number={17},
  pages={e263--e421},
  year={2022},
  publisher={American College of Cardiology Foundation Washington DC}
}

@inproceedings{irvin2019chexpert,
  title={Chexpert: A large chest radiograph dataset with uncertainty labels and expert comparison},
  author={Irvin, Jeremy and Rajpurkar, Pranav and Ko, Michael and Yu, Yifan and Ciurea-Ilcus, Silviana and Chute, Chris and Marklund, Henrik and Haghgoo, Behzad and Ball, Robyn and Shpanskaya, Katie and others},
  booktitle={Proceedings of the AAAI conference on artificial intelligence},
  volume={33},
  number={01},
  pages={590--597},
  year={2019}
}

@article{alexey2020image,
  title={An image is worth 16x16 words: Transformers for image recognition at scale},
  author={Alexey, Dosovitskiy},
  journal={arXiv preprint arXiv: 2010.11929},
  year={2020}
}

@inproceedings{liu2021swin,
  title={Swin transformer: Hierarchical vision transformer using shifted windows},
  author={Liu, Ze and Lin, Yutong and Cao, Yue and Hu, Han and Wei, Yixuan and Zhang, Zheng and Lin, Stephen and Guo, Baining},
  booktitle={Proceedings of the IEEE/CVF international conference on computer vision},
  pages={10012--10022},
  year={2021}
}

@inproceedings{he2016deep,
  title={Deep residual learning for image recognition},
  author={He, Kaiming and Zhang, Xiangyu and Ren, Shaoqing and Sun, Jian},
  booktitle={Proceedings of the IEEE conference on computer vision and pattern recognition},
  pages={770--778},
  year={2016}
}

@inproceedings{huang2017densely,
  title={Densely connected convolutional networks},
  author={Huang, Gao and Liu, Zhuang and Van Der Maaten, Laurens and Weinberger, Kilian Q},
  booktitle={Proceedings of the IEEE conference on computer vision and pattern recognition},
  pages={4700--4708},
  year={2017}
}

@inproceedings{szegedy2016rethinking,
  title={Rethinking the inception architecture for computer vision},
  author={Szegedy, Christian and Vanhoucke, Vincent and Ioffe, Sergey and Shlens, Jon and Wojna, Zbigniew},
  booktitle={Proceedings of the IEEE conference on computer vision and pattern recognition},
  pages={2818--2826},
  year={2016}
}

@article{lin2020limits,
  title={The limits of human predictions of recidivism},
  author={Lin, Zhiyuan “Jerry” and Jung, Jongbin and Goel, Sharad and Skeem, Jennifer},
  journal={Science advances},
  volume={6},
  number={7},
  pages={eaaz0652},
  year={2020},
  publisher={American Association for the Advancement of Science}
}

@inproceedings{chen2016xgboost,
  title={Xgboost: A scalable tree boosting system},
  author={Chen, Tianqi and Guestrin, Carlos},
  booktitle={Proceedings of the 22nd acm sigkdd international conference on knowledge discovery and data mining},
  pages={785--794},
  year={2016}
}

@article{corvelo2023human,
  title={Human-aligned calibration for ai-assisted decision making},
  author={Corvelo Benz, Nina and Rodriguez, Manuel},
  journal={Advances in Neural Information Processing Systems},
  volume={36},
  pages={14609--14636},
  year={2023}
}

@article{kleinberg2018human,
  title={Human decisions and machine predictions},
  author={Kleinberg, Jon and Lakkaraju, Himabindu and Leskovec, Jure and Ludwig, Jens and Mullainathan, Sendhil},
  journal={The quarterly journal of economics},
  volume={133},
  number={1},
  pages={237--293},
  year={2018},
  publisher={Oxford University Press}
}

@article{bo2021toward,
  title={Toward human intervention-free clinical diagnosis of intracranial aneurysm via deep neural network},
  author={Bo, Zi-Hao and Qiao, Hui and Tian, Chong and Guo, Yuchen and Li, Wuchao and Liang, Tiantian and Li, Dongxue and Liao, Dan and Zeng, Xianchun and Mei, Leilei and others},
  journal={Patterns},
  volume={2},
  number={2},
  year={2021},
  publisher={Elsevier}
}

@article{boskemper2022measuring,
  title={Measuring the efficiency of automation-aided performance in a simulated baggage screening task},
  author={Boskemper, Melanie M and Bartlett, Megan L and McCarley, Jason S},
  journal={Human factors},
  volume={64},
  number={6},
  pages={945--961},
  year={2022},
  publisher={Sage Publications Sage CA: Los Angeles, CA}
}

@inproceedings{bondi2022role,
  title={Role of human-AI interaction in selective prediction},
  author={Bondi, Elizabeth and Koster, Raphael and Sheahan, Hannah and Chadwick, Martin and Bachrach, Yoram and Cemgil, Taylan and Paquet, Ulrich and Dvijotham, Krishnamurthy},
  booktitle={Proceedings of the AAAI Conference on Artificial Intelligence},
  volume={36},
  number={5},
  pages={5286--5294},
  year={2022}
}

@inproceedings{schemmer2022meta,
  title={A meta-analysis of the utility of explainable artificial intelligence in human-AI decision-making},
  author={Schemmer, Max and Hemmer, Patrick and Nitsche, Maximilian and K{\"u}hl, Niklas and V{\"o}ssing, Michael},
  booktitle={Proceedings of the 2022 AAAI/ACM Conference on AI, Ethics, and Society},
  pages={617--626},
  year={2022}
}

@article{vaccaro2024combinations,
  title={When combinations of humans and AI are useful: A systematic review and meta-analysis},
  author={Vaccaro, Michelle and Almaatouq, Abdullah and Malone, Thomas},
  journal={Nature Human Behaviour},
  pages={1--11},
  year={2024},
  publisher={Nature Publishing Group UK London}
}

@inproceedings{bansal2019updates,
  title={Updates in human-ai teams: Understanding and addressing the performance/compatibility tradeoff},
  author={Bansal, Gagan and Nushi, Besmira and Kamar, Ece and Weld, Daniel S and Lasecki, Walter S and Horvitz, Eric},
  booktitle={Proceedings of the AAAI Conference on Artificial Intelligence},
  volume={33},
  number={01},
  pages={2429--2437},
  year={2019}
}

@inproceedings{bansal2021most,
  title={Is the most accurate ai the best teammate? optimizing ai for teamwork},
  author={Bansal, Gagan and Nushi, Besmira and Kamar, Ece and Horvitz, Eric and Weld, Daniel S},
  booktitle={Proceedings of the AAAI Conference on Artificial Intelligence},
  volume={35},
  number={13},
  pages={11405--11414},
  year={2021}
}

@inproceedings{wilder2021learning,
  title={Learning to complement humans},
  author={Wilder, Bryan and Horvitz, Eric and Kamar, Ece},
  booktitle={Proceedings of the Twenty-Ninth International Conference on International Joint Conferences on Artificial Intelligence},
  pages={1526--1533},
  year={2021}
}

@inproceedings{rastogi2023taxonomy,
  title={A Taxonomy of Human and ML Strengths in Decision-Making to Investigate Human-ML Complementarity},
  author={Rastogi, Charvi and Leqi, Liu and Holstein, Kenneth and Heidari, Hoda},
  booktitle={Proceedings of the AAAI Conference on Human Computation and Crowdsourcing},
  volume={11},
  number={1},
  pages={127--139},
  year={2023}
}

@article{mozannar2024effective,
  title={Effective human-AI teams via learned natural language rules and onboarding},
  author={Mozannar, Hussein and Lee, Jimin and Wei, Dennis and Sattigeri, Prasanna and Das, Subhro and Sontag, David},
  journal={Advances in Neural Information Processing Systems},
  volume={36},
  year={2024}
}

@article{kleinberg2015prediction,
  title={Prediction policy problems},
  author={Kleinberg, Jon and Ludwig, Jens and Mullainathan, Sendhil and Obermeyer, Ziad},
  journal={American Economic Review},
  volume={105},
  number={5},
  pages={491--495},
  year={2015},
  publisher={American Economic Association 2014 Broadway, Suite 305, Nashville, TN 37203}
}

@article{rambachan2024identifying,
  title={Identifying prediction mistakes in observational data},
  author={Rambachan, Ashesh},
  journal={The Quarterly Journal of Economics},
  pages={qjae013},
  year={2024},
  publisher={Oxford University Press}
}

@article{mullainathan2022diagnosing,
  title={Diagnosing physician error: A machine learning approach to low-value health care},
  author={Mullainathan, Sendhil and Obermeyer, Ziad},
  journal={The Quarterly Journal of Economics},
  volume={137},
  number={2},
  pages={679--727},
  year={2022},
  publisher={Oxford University Press}
}

@inproceedings{lakkaraju2017selective,
  title={The selective labels problem: Evaluating algorithmic predictions in the presence of unobservables},
  author={Lakkaraju, Himabindu and Kleinberg, Jon and Leskovec, Jure and Ludwig, Jens and Mullainathan, Sendhil},
  booktitle={Proceedings of the 23rd ACM SIGKDD International Conference on Knowledge Discovery and Data Mining},
  pages={275--284},
  year={2017}
}

@article{kleinberg2021algorithmic,
  title={Algorithmic monoculture and social welfare},
  author={Kleinberg, Jon and Raghavan, Manish},
  journal={Proceedings of the National Academy of Sciences},
  volume={118},
  number={22},
  pages={e2018340118},
  year={2021},
  publisher={National Acad Sciences}
}

@article{ben2024does,
  title={Does AI help humans make better decisions? A statistical evaluation framework for experimental and observational studies},
  author={Ben-Michael, Eli and Greiner, D James and Huang, Melody and Imai, Kosuke and Jiang, Zhichao and Shin, Sooahn},
  journal={arXiv},
  volume={2403},
  pages={v3},
  year={2024}
}

@inproceedings{perdomo2020performative,
  title={Performative prediction},
  author={Perdomo, Juan and Zrnic, Tijana and Mendler-D{\"u}nner, Celestine and Hardt, Moritz},
  booktitle={International Conference on Machine Learning},
  pages={7599--7609},
  year={2020},
  organization={PMLR}
}

@article{agrawal2020scaling,
  title={Scaling up psychology via scientific regret minimization},
  author={Agrawal, Mayank and Peterson, Joshua C and Griffiths, Thomas L},
  journal={Proceedings of the National Academy of Sciences},
  volume={117},
  number={16},
  pages={8825--8835},
  year={2020},
  publisher={National Acad Sciences}
}

@article{fudenberg2022measuring,
  title={Measuring the completeness of economic models},
  author={Fudenberg, Drew and Kleinberg, Jon and Liang, Annie and Mullainathan, Sendhil},
  journal={Journal of Political Economy},
  volume={130},
  number={4},
  pages={956--990},
  year={2022},
  publisher={The University of Chicago Press Chicago, IL}
}

@article{hofman2021integrating,
  title={Integrating explanation and prediction in computational social science},
  author={Hofman, Jake M and Watts, Duncan J and Athey, Susan and Garip, Filiz and Griffiths, Thomas L and Kleinberg, Jon and Margetts, Helen and Mullainathan, Sendhil and Salganik, Matthew J and Vazire, Simine and others},
  journal={Nature},
  volume={595},
  number={7866},
  pages={181--188},
  year={2021},
  publisher={Nature Publishing Group UK London}
}

@inproceedings{mozannar2024show,
  title={When to show a suggestion? Integrating human feedback in AI-assisted programming},
  author={Mozannar, Hussein and Bansal, Gagan and Fourney, Adam and Horvitz, Eric},
  booktitle={Proceedings of the AAAI Conference on Artificial Intelligence},
  volume={38},
  number={9},
  pages={10137--10144},
  year={2024}
}

@article{bastani2021improving,
  title={Improving human decision-making with machine learning},
  author={Bastani, Hamsa and Bastani, Osbert and Sinchaisri, Wichinpong Park},
  journal={arXiv preprint arXiv:2108.08454},
  volume={5},
  year={2021},
  publisher={Tech. rep}
}

@article{madras2018predict,
  title={Predict responsibly: improving fairness and accuracy by learning to defer},
  author={Madras, David and Pitassi, Toni and Zemel, Richard},
  journal={Advances in neural information processing systems},
  volume={31},
  year={2018}
}

@article{raghu2019algorithmic,
  title={The algorithmic automation problem: Prediction, triage, and human effort},
  author={Raghu, Maithra and Blumer, Katy and Corrado, Greg and Kleinberg, Jon and Obermeyer, Ziad and Mullainathan, Sendhil},
  journal={arXiv preprint arXiv:1903.12220},
  year={2019}
}

@inproceedings{mozannar2020consistent,
  title={Consistent estimators for learning to defer to an expert},
  author={Mozannar, Hussein and Sontag, David},
  booktitle={International conference on machine learning},
  pages={7076--7087},
  year={2020},
  organization={PMLR}
}

@inproceedings{keswani2021towards,
  title={Towards unbiased and accurate deferral to multiple experts},
  author={Keswani, Vijay and Lease, Matthew and Kenthapadi, Krishnaram},
  booktitle={Proceedings of the 2021 AAAI/ACM Conference on AI, Ethics, and Society},
  pages={154--165},
  year={2021}
}

@article{okati2021differentiable,
  title={Differentiable learning under triage},
  author={Okati, Nastaran and De, Abir and Rodriguez, Manuel},
  journal={Advances in Neural Information Processing Systems},
  volume={34},
  pages={9140--9151},
  year={2021}
}

@article{keswani2022designing,
  title={Designing closed human-in-the-loop deferral pipelines},
  author={Keswani, Vijay and Lease, Matthew and Kenthapadi, Krishnaram},
  journal={arXiv preprint arXiv:2202.04718},
  year={2022}
}

@article{alur2023auditing,
  title={Auditing for human expertise},
  author={Alur, Rohan and Laine, Loren and Li, Darrick and Raghavan, Manish and Shah, Devavrat and Shung, Dennis},
  journal={Advances in Neural Information Processing Systems},
  volume={36},
  pages={79439--79468},
  year={2023}
}

@article{frankel2019quantifying,
  title={Quantifying information and uncertainty},
  author={Frankel, Alexander and Kamenica, Emir},
  journal={American Economic Review},
  volume={109},
  number={10},
  pages={3650--3680},
  year={2019},
  publisher={American Economic Association 2014 Broadway, Suite 305, Nashville, TN 37203}
}

@article{passi2022overreliance,
  title={Overreliance on AI literature review},
  author={Passi, Samir and Vorvoreanu, Mihaela},
  journal={Microsoft Research},
  volume={339},
  pages={340},
  year={2022}
}
@article{zhang2016joint,
  title={Joint face detection and alignment using multitask cascaded convolutional networks},
  author={Zhang, Kaipeng and Zhang, Zhanpeng and Li, Zhifeng and Qiao, Yu},
  journal={IEEE signal processing letters},
  volume={23},
  number={10},
  pages={1499--1503},
  year={2016},
  publisher={IEEE}
}

@inproceedings{green2019disparate,
  title={Disparate interactions: An algorithm-in-the-loop analysis of fairness in risk assessments},
  author={Green, Ben and Chen, Yiling},
  booktitle={Proceedings of the conference on fairness, accountability, and transparency},
  pages={90--99},
  year={2019}
}
