@article{alphazero,
  title={Mastering chess and shogi by self-play with a general reinforcement learning algorithm},
  author={Silver, David and Hubert, Thomas and Schrittwieser, Julian and Antonoglou, Ioannis and Lai, Matthew and Guez, Arthur and Lanctot, Marc and Sifre, Laurent and Kumaran, Dharshan and Graepel, Thore and others},
  journal={arXiv preprint arXiv:1712.01815},
  year={2017}
}

@article{alphago,
  title={Mastering the game of go without human knowledge},
  author={Silver, David and Schrittwieser, Julian and Simonyan, Karen and Antonoglou, Ioannis and Huang, Aja and Guez, Arthur and Hubert, Thomas and Baker, Lucas and Lai, Matthew and Bolton, Adrian and others},
  journal={nature},
  volume={550},
  number={7676},
  pages={354--359},
  year={2017},
  publisher={Nature Publishing Group}
}

@article{pluribus,
  title={Superhuman AI for multiplayer poker},
  author={Brown, Noam and Sandholm, Tuomas},
  journal={Science},
  volume={365},
  number={6456},
  pages={885--890},
  year={2019},
  publisher={American Association for the Advancement of Science}
}

@article{rebel,
  title={Combining deep reinforcement learning and search for imperfect-information games},
  author={Brown, Noam and Bakhtin, Anton and Lerer, Adam and Gong, Qucheng},
  journal={Advances in Neural Information Processing Systems},
  volume={33},
  pages={17057--17069},
  year={2020}
}

@article{cicero,
  title={Human-level play in the game of Diplomacy by combining language models with strategic reasoning},
  author={Meta Fundamental AI Research Diplomacy Team (FAIR)† and Bakhtin, Anton and Brown, Noam and Dinan, Emily and Farina, Gabriele and Flaherty, Colin and Fried, Daniel and Goff, Andrew and Gray, Jonathan and Hu, Hengyuan and others},
  journal={Science},
  volume={378},
  number={6624},
  pages={1067--1074},
  year={2022},
  publisher={American Association for the Advancement of Science}
}

@article{diplomacy,
  title={Human-level play in the game of Diplomacy by combining language models with strategic reasoning},
  author={FAIR†, Meta Fundamental AI Research Diplomacy Team and Bakhtin, Anton and Brown, Noam and Dinan, Emily and Farina, Gabriele and Flaherty, Colin and Fried, Daniel and Goff, Andrew and Gray, Jonathan and Hu, Hengyuan and others},
  journal={Science},
  volume={378},
  number={6624},
  pages={1067--1074},
  year={2022},
  publisher={American Association for the Advancement of Science}
}

@article{stratego,
  title={Mastering the game of Stratego with model-free multiagent reinforcement learning},
  author={Perolat, Julien and De Vylder, Bart and Hennes, Daniel and Tarassov, Eugene and Strub, Florian and de Boer, Vincent and Muller, Paul and Connor, Jerome T and Burch, Neil and Anthony, Thomas and others},
  journal={Science},
  volume={378},
  number={6623},
  pages={990--996},
  year={2022},
  publisher={American Association for the Advancement of Science}
}

@article{tacticai,
  title={TacticAI: an AI assistant for football tactics},
  author={Wang, Zhe and Veli{\v{c}}kovi{\'c}, Petar and Hennes, Daniel and Toma{\v{s}}ev, Nenad and Prince, Laurel and Kaisers, Michael and Bachrach, Yoram and Elie, Romuald and Wenliang, Li Kevin and Piccinini, Federico and others},
  journal={Nature communications},
  volume={15},
  number={1},
  pages={1906},
  year={2024},
  publisher={Nature Publishing Group UK London}
}

@article{sog,
  title={Student of Games: A unified learning algorithm for both perfect and imperfect information games},
  author={Schmid, Martin and Morav{\v{c}}{\'\i}k, Matej and Burch, Neil and Kadlec, Rudolf and Davidson, Josh and Waugh, Kevin and Bard, Nolan and Timbers, Finbarr and Lanctot, Marc and Holland, G Zacharias and others},
  journal={Science Advances},
  volume={9},
  number={46},
  pages={eadg3256},
  year={2023},
  publisher={American Association for the Advancement of Science}
}

@article{anne,
  title={Approximation and representation of the value for some differential games with asymmetric information},
  author={Souquière, A.},
  journal={International Journal of Game Theory},
  volume={39},
  number={4},
  pages={699--722},
  year={2010},
  publisher={Springer}
}

@article{cardaliaguet2009numerical,
  title={Numerical approximation and optimal strategies for differential games with lack of information on one side},
  author={Cardaliaguet, Pierre},
  journal={Advances in Dynamic Games and Their Applications: Analytical and Numerical Developments},
  pages={1--18},
  year={2009},
  publisher={Springer}
}

@InProceedings{ghimire24a,
  title = 	 {State-Constrained Zero-Sum Differential Games with One-Sided Information},
  author =       {Ghimire, Mukesh and Zhang, Lei and Xu, Zhe and Ren, Yi},
  booktitle = 	 {Proceedings of the 41st International Conference on Machine Learning},
  pages = 	 {15512--15539},
  year = 	 {2024},
  editor = 	 {Salakhutdinov, Ruslan and Kolter, Zico and Heller, Katherine and Weller, Adrian and Oliver, Nuria and Scarlett, Jonathan and Berkenkamp, Felix},
  volume = 	 {235},
  series = 	 {Proceedings of Machine Learning Research},
  month = 	 {21--27 Jul},
  publisher =    {PMLR},
  pdf = 	 {https://raw.githubusercontent.com/mlresearch/v235/main/assets/ghimire24a/ghimire24a.pdf},
  url = 	 {https://proceedings.mlr.press/v235/ghimire24a.html},
}

@article{hexner1979differential,
  title={A differential game of incomplete information},
  author={Hexner, G},
  journal={Journal of Optimization Theory and Applications},
  volume={28},
  pages={213--232},
  year={1979},
  publisher={Springer}
}

@article{harsanyi1967games,
  title={Games with incomplete information played by “Bayesian” players, I--III Part I. The basic model},
  author={Harsanyi, John C},
  journal={Management science},
  volume={14},
  number={3},
  pages={159--182},
  year={1967},
  publisher={INFORMS}
}

@article{zinkevich2007regret,
  title={Regret minimization in games with incomplete information},
  author={Zinkevich, Martin and Johanson, Michael and Bowling, Michael and Piccione, Carmelo},
  journal={Advances in neural information processing systems},
  volume={20},
  year={2007}
}

@book{aumann1995repeated,
  title={Repeated games with incomplete information},
  author={Aumann, Robert J and Maschler, Michael and Stearns, Richard E},
  year={1995},
  publisher={MIT press}
}

@inproceedings{abernethy2011blackwell,
  title={Blackwell approachability and no-regret learning are equivalent},
  author={Abernethy, Jacob and Bartlett, Peter L and Hazan, Elad},
  booktitle={Proceedings of the 24th Annual Conference on Learning Theory},
  pages={27--46},
  year={2011},
  organization={JMLR Workshop and Conference Proceedings}
}

@inproceedings{lin2020gradient,
  title={On gradient descent ascent for nonconvex-concave minimax problems},
  author={Lin, Tianyi and Jin, Chi and Jordan, Michael},
  booktitle={International Conference on Machine Learning},
  pages={6083--6093},
  year={2020},
  organization={PMLR}
}

@article{jin2019minmax,
  title={Minmax optimization: Stable limit points of gradient descent ascent are locally optimal},
  author={Jin, Chi and Netrapalli, Praneeth and Jordan, Michael I},
  journal={arXiv preprint arXiv:1902.00618},
  year={2019}
}

@article{zheng2023universal,
  title={Universal gradient descent ascent method for nonconvex-nonconcave minimax optimization},
  author={Zheng, Taoli and Zhu, Linglingzhi and So, Anthony Man-Cho and Blanchet, Jos{\'e} and Li, Jiajin},
  journal={Advances in Neural Information Processing Systems},
  volume={36},
  pages={54075--54110},
  year={2023}
}

@article{tammelin2014solving,
  title={Solving large imperfect information games using CFR+},
  author={Tammelin, Oskari},
  journal={arXiv preprint arXiv:1407.5042},
  year={2014}
}


@InProceedings{pmlr-v15-mcmahan11b,
  title = 	 {Follow-the-Regularized-Leader and Mirror Descent: Equivalence Theorems and L1 Regularization},
  author = 	 {McMahan, Brendan},
  booktitle = 	 {Proceedings of the Fourteenth International Conference on Artificial Intelligence and Statistics},
  pages = 	 {525--533},
  year = 	 {2011},
  editor = 	 {Gordon, Geoffrey and Dunson, David and Dudík, Miroslav},
  volume = 	 {15},
  series = 	 {Proceedings of Machine Learning Research},
  address = 	 {Fort Lauderdale, FL, USA},
  month = 	 {11--13 Apr},
  publisher =    {PMLR},
  pdf = 	 {http://proceedings.mlr.press/v15/mcmahan11b/mcmahan11b.pdf},
  url = 	 {https://proceedings.mlr.press/v15/mcmahan11b.html},
  abstract = 	 {We prove that many mirror descent algorithms for online convex optimization (such as online gradient descent) have an equivalent interpretation as follow-the-regularized-leader (FTRL) algorithms. This observation makes the relationships between many commonly used algorithms explicit, and provides theoretical insight on previous experimental observations.  In particular, even though the FOBOS composite mirror descent algorithm handles $L_1$ regularization explicitly, it has been observed that the FTRL-style Regularized Dual Averaging (RDA) algorithm is even more effective at producing sparsity.  Our results demonstrate that the key difference between these algorithms is how they handle the cumulative $L_1$ penalty. While FOBOS handles the $L_1$ term exactly on any given update, we show that it is effectively using subgradient approximations to the $L_1$ penalty from previous rounds, leading to less sparsity than RDA, which handles the cumulative penalty in closed form.  The FTRL-Proximal algorithm, which we introduce, can be seen as a hybrid of these two algorithms, and significantly outperforms both on a large, real-world dataset.}
}

@article{cardaliaguet2007differential,
  title={Differential games with asymmetric information},
  author={Cardaliaguet, Pierre},
  journal={SIAM journal on Control and Optimization},
  volume={46},
  number={3},
  pages={816--838},
  year={2007},
  publisher={SIAM}
}

@article{koller1992complexity,
  title={The complexity of two-person zero-sum games in extensive form},
  author={Koller, Daphne and Megiddo, Nimrod},
  journal={Games and economic behavior},
  volume={4},
  number={4},
  pages={528--552},
  year={1992},
  publisher={Elsevier}
}
@inproceedings{gilpin2007gradient,
  title={Gradient-based algorithms for finding Nash equilibria in extensive form games},
  author={Gilpin, Andrew and Hoda, Samid and Pena, Javier and Sandholm, Tuomas},
  booktitle={Internet and Network Economics: Third International Workshop, WINE 2007, San Diego, CA, USA, December 12-14, 2007. Proceedings 3},
  pages={57--69},
  year={2007},
  organization={Springer}
}
@inproceedings{billings2003approximating,
  title={Approximating game-theoretic optimal strategies for full-scale poker},
  author={Billings, Darse and Burch, Neil and Davidson, Aaron and Holte, Robert and Schaeffer, Jonathan and Schauenberg, Terence and Szafron, Duane},
  booktitle={IJCAI},
  volume={3},
  pages={661},
  year={2003}
}
@inproceedings{gilpin2006finding,
  title={Finding equilibria in large sequential games of imperfect information},
  author={Gilpin, Andrew and Sandholm, Tuomas},
  booktitle={Proceedings of the 7th ACM conference on Electronic commerce},
  pages={160--169},
  year={2006}
}
@article{sandholm2010state,
  title={The state of solving large incomplete-information games, and application to poker},
  author={Sandholm, Tuomas},
  journal={Ai Magazine},
  volume={31},
  number={4},
  pages={13--32},
  year={2010}
}
@inproceedings{johanson2012finding,
  title={Finding optimal abstract strategies in extensive-form games},
  author={Johanson, Michael and Bard, Nolan and Burch, Neil and Bowling, Michael},
  booktitle={Proceedings of the AAAI Conference on Artificial Intelligence},
  volume={26},
  number={1},
  pages={1371--1379},
  year={2012}
}
@article{lanctot2009monte,
  title={Monte Carlo sampling for regret minimization in extensive games},
  author={Lanctot, Marc and Waugh, Kevin and Zinkevich, Martin and Bowling, Michael},
  journal={Advances in neural information processing systems},
  volume={22},
  year={2009}
}
@inproceedings{brown2019deep,
  title={Deep counterfactual regret minimization},
  author={Brown, Noam and Lerer, Adam and Gross, Sam and Sandholm, Tuomas},
  booktitle={International conference on machine learning},
  pages={793--802},
  year={2019},
  organization={PMLR}
}
@article{brown2020combining,
  title={Combining deep reinforcement learning and search for imperfect-information games},
  author={Brown, Noam and Bakhtin, Anton and Lerer, Adam and Gong, Qucheng},
  journal={Advances in Neural Information Processing Systems},
  volume={33},
  pages={17057--17069},
  year={2020}
}
@inproceedings{perolat2021poincare,
  title={From poincar{\'e} recurrence to convergence in imperfect information games: Finding equilibrium via regularization},
  author={Perolat, Julien and Munos, Remi and Lespiau, Jean-Baptiste and Omidshafiei, Shayegan and Rowland, Mark and Ortega, Pedro and Burch, Neil and Anthony, Thomas and Balduzzi, David and De Vylder, Bart and others},
  booktitle={International Conference on Machine Learning},
  pages={8525--8535},
  year={2021},
  organization={PMLR}
}

@article{sokota2022unified,
  title={A unified approach to reinforcement learning, quantal response equilibria, and two-player zero-sum games},
  author={Sokota, Samuel and D'Orazio, Ryan and Kolter, J Zico and Loizou, Nicolas and Lanctot, Marc and Mitliagkas, Ioannis and Brown, Noam and Kroer, Christian},
  journal={arXiv preprint arXiv:2206.05825},
  year={2022}
}

@article{LanctotEtAl2019OpenSpiel,
  title     = {{OpenSpiel}: A Framework for Reinforcement Learning in Games},
  author    = {Marc Lanctot and Edward Lockhart and Jean-Baptiste Lespiau and
               Vinicius Zambaldi and Satyaki Upadhyay and Julien P\'{e}rolat and
               Sriram Srinivasan and Finbarr Timbers and Karl Tuyls and
               Shayegan Omidshafiei and Daniel Hennes and Dustin Morrill and
               Paul Muller and Timo Ewalds and Ryan Faulkner and J\'{a}nos Kram\'{a}r
               and Bart De Vylder and Brennan Saeta and James Bradbury and David Ding
               and Sebastian Borgeaud and Matthew Lai and Julian Schrittwieser and
               Thomas Anthony and Edward Hughes and Ivo Danihelka and Jonah Ryan-Davis},
  year      = {2019},
  eprint    = {1908.09453},
  archivePrefix = {arXiv},
  primaryClass = {cs.LG},
  journal   = {CoRR},
  volume    = {abs/1908.09453},
  url       = {http://arxiv.org/abs/1908.09453},
}

@article{blackwell1956analog,
  title={An analog of the minimax theorem for vector payoffs.},
  author={Blackwell, David},
  year={1956}
}

@article{de1996repeated,
  title={Repeated games, duality and the central limit theorem},
  author={De Meyer, Bernard},
  journal={Mathematics of Operations Research},
  volume={21},
  number={1},
  pages={237--251},
  year={1996},
  publisher={INFORMS}
}

@inproceedings{burch2014solving,
  title={Solving imperfect information games using decomposition},
  author={Burch, Neil and Johanson, Michael and Bowling, Michael},
  booktitle={Proceedings of the AAAI Conference on Artificial Intelligence},
  volume={28},
  number={1},
  year={2014}
}

@article{moravvcik2017deepstack,
  title={Deepstack: Expert-level artificial intelligence in heads-up no-limit poker},
  author={Morav{\v{c}}{\'\i}k, Matej and Schmid, Martin and Burch, Neil and Lis{\`y}, Viliam and Morrill, Dustin and Bard, Nolan and Davis, Trevor and Waugh, Kevin and Johanson, Michael and Bowling, Michael},
  journal={Science},
  volume={356},
  number={6337},
  pages={508--513},
  year={2017},
  publisher={American Association for the Advancement of Science}
}

@inproceedings{gilpin2008solving,
  title={Solving two-person zero-sum repeated games of incomplete information},
  author={Gilpin, Andrew and Sandholm, Tuomas},
  booktitle={Proceedings of the 7th international joint conference on Autonomous agents and multiagent systems-Volume 2},
  pages={903--910},
  year={2008},
  organization={Citeseer}
}

@article{cen2021fast,
  title={Fast policy extragradient methods for competitive games with entropy regularization},
  author={Cen, Shicong and Wei, Yuting and Chi, Yuejie},
  journal={Advances in Neural Information Processing Systems},
  volume={34},
  pages={27952--27964},
  year={2021}
}

@article{vieillard2020leverage,
  title={Leverage the average: an analysis of kl regularization in reinforcement learning},
  author={Vieillard, Nino and Kozuno, Tadashi and Scherrer, Bruno and Pietquin, Olivier and Munos, R{\'e}mi and Geist, Matthieu},
  journal={Advances in Neural Information Processing Systems},
  volume={33},
  pages={12163--12174},
  year={2020}
}

@article{heliou2017learning,
  title={Learning with bandit feedback in potential games},
  author={Heliou, Am{\'e}lie and Cohen, Johanne and Mertikopoulos, Panayotis},
  journal={Advances in Neural Information Processing Systems},
  volume={30},
  year={2017}
}

@inproceedings{mertikopoulos2018cycles,
  title={Cycles in adversarial regularized learning},
  author={Mertikopoulos, Panayotis and Papadimitriou, Christos and Piliouras, Georgios},
  booktitle={Proceedings of the twenty-ninth annual ACM-SIAM symposium on discrete algorithms},
  pages={2703--2717},
  year={2018},
  organization={SIAM}
}

@misc{
liu2024regularization,
title={Regularization is Enough for Last-Iterate Convergence in Zero-Sum Games},
author={Zongkai Liu and Chaohao Hu and Chao Yu and peng sun},
year={2024},
url={https://openreview.net/forum?id=qjFnENGhDE}
}

@book{cesa2006prediction,
  title={Prediction, learning, and games},
  author={Cesa-Bianchi, Nicolo and Lugosi, G{\'a}bor},
  year={2006},
  publisher={Cambridge university press}
}

@inproceedings{munos2005error,
  title={Error bounds for approximate value iteration},
  author={Munos, R{\'e}mi},
  booktitle={Proceedings of the National Conference on Artificial Intelligence},
  volume={20},
  number={2},
  pages={1006},
  year={2005},
  organization={Menlo Park, CA; Cambridge, MA; London; AAAI Press; MIT Press; 1999}
}
@inproceedings{bertsekas1995neuro,
  title={Neuro-dynamic programming: an overview},
  author={Bertsekas, Dimitri P and Tsitsiklis, John N},
  booktitle={Proceedings of 1995 34th IEEE conference on decision and control},
  volume={1},
  pages={560--564},
  year={1995},
  organization={IEEE}
}

@article{lanctot2017unified,
  title={A unified game-theoretic approach to multiagent reinforcement learning},
  author={Lanctot, Marc and Zambaldi, Vinicius and Gruslys, Audrunas and Lazaridou, Angeliki and Tuyls, Karl and P{\'e}rolat, Julien and Silver, David and Graepel, Thore},
  journal={Advances in neural information processing systems},
  volume={30},
  year={2017}
}

@article{zanette2019limiting,
  title={Limiting extrapolation in linear approximate value iteration},
  author={Zanette, Andrea and Lazaric, Alessandro and Kochenderfer, Mykel J and Brunskill, Emma},
  journal={Advances in Neural Information Processing Systems},
  volume={32},
  year={2019}
}

@article{jacot2018neural,
  title={Neural tangent kernel: Convergence and generalization in neural networks},
  author={Jacot, Arthur and Gabriel, Franck and Hongler, Cl{\'e}ment},
  journal={Advances in neural information processing systems},
  volume={31},
  year={2018}
}

@book{sorin2002first,
  title={A first course on zero-sum repeated games},
  author={Sorin, Sylvain},
  volume={37},
  year={2002},
  publisher={Springer Science \& Business Media}
}

@article{rakhlin2013optimization,
  title={Optimization, learning, and games with predictable sequences},
  author={Rakhlin, Sasha and Sridharan, Karthik},
  journal={Advances in Neural Information Processing Systems},
  volume={26},
  year={2013}
}

@article{syrgkanis2015fast,
  title={Fast convergence of regularized learning in games},
  author={Syrgkanis, Vasilis and Agarwal, Alekh and Luo, Haipeng and Schapire, Robert E},
  journal={Advances in Neural Information Processing Systems},
  volume={28},
  year={2015}
}

@misc{
abe2024slingshot,
title={Slingshot Perturbation to Learning in Monotone Games},
author={Kenshi Abe and Kaito Ariu and Mitsuki Sakamoto and Atsushi Iwasaki},
year={2024},
url={https://openreview.net/forum?id=YclZqtwf9e}
}

@InProceedings{amos2017icnn,
  title = {Input Convex Neural Networks},
  author = {Brandon Amos and Lei Xu and J. Zico Kolter},
  booktitle = {Proceedings of the 34th International Conference on Machine Learning},
  pages = {146--155},
  year = {2017},
  volume = {70},
  series = {Proceedings of Machine Learning Research},
  publisher = {PMLR},
}

@article{han2013multigrid,
  title={Multigrid Methods for Second Order Hamilton--Jacobi--Bellman and Hamilton--Jacobi--Bellman--Isaacs Equations},
  author={Han, Dong and Wan, Justin WL},
  journal={SIAM Journal on Scientific Computing},
  volume={35},
  number={5},
  pages={S323--S344},
  year={2013},
  publisher={SIAM}
}

@book{trottenberg2000multigrid,
  title={Multigrid},
  author={Trottenberg, Ulrich and Oosterlee, Cornelius W and Schuller, Anton},
  year={2000},
  publisher={Elsevier}
}

@article{braess1983new,
  title={A new convergence proof for the multigrid method including the V-cycle},
  author={Braess, Dietrich and Hackbusch, Wolfgang},
  journal={SIAM journal on numerical analysis},
  volume={20},
  number={5},
  pages={967--975},
  year={1983},
  publisher={SIAM}
}

@article{martin2024joint,
  title={Joint-perturbation simultaneous pseudo-gradient},
  author={Martin, Carlos and Sandholm, Tuomas},
  journal={arXiv preprint arXiv:2408.09306},
  year={2024}
}

@inproceedings{martin2023finding,
  title={Finding mixed-strategy equilibria of continuous-action games without gradients using randomized policy networks},
  author={Martin, Carlos and Sandholm, Tuomas},
  booktitle={Proceedings of the Thirty-Second International Joint Conference on Artificial Intelligence},
  pages={2844--2852},
  year={2023}
}

@article{henson2003multigrid,
  title={Multigrid methods nonlinear problems: an overview},
  author={Henson, Van and others},
  journal={Computational imaging},
  volume={5016},
  pages={36--48},
  year={2003},
  publisher={SPIE}
}

@book{elliott1972existence,
  title={The existence of value in differential games},
  author={Elliott, Robert James and Kalton, Nigel John},
  volume={126},
  year={1972},
  publisher={American Mathematical Soc.}
}