@string{traslp  = "IEEE/ACM Transactions on Audio, Speech, and Language Processing."}
@string{traslp1 = "IEEE Transactions on Audio, Speech, and Language Processing."}
@string{spcom   = "Speech Communication"}
@string{compsp  = "Computer Speech \& Language"}
@string{jmlr    = "The Journal of Machine Learning Research"}
@string{arxiv   = "arXiv e-prints"}
@string{icassp  = "Proc. IEEE Int. Conf. Acoust., Speech, Signal Process. (ICASSP)"}
@string{interspeech  = "Proc. Interspeech"}
@string{isltw   = "Proc. IEEE Spoken Language Technology Workshop (SLT)"}
@string{odyssey = "Proc. Odyssey The Speaker and Language Recognition Workshop"}
@string{asru    = "Proc. IEEE Automatic Speech Recognition and Understanding Workshop (ASRU)"}
@string{eccv    = "Proc. European Conference on Computer Vision"}
@string{cvpr    = "Proc. IEEE conference on computer vision and pattern recognition"}


@string{cup      = "Cambridge: Cambridge University Press"}


@article{cobos2022overview,
  title={An overview of machine learning and other data-based methods for spatial audio capture, processing, and reproduction},
  author={Cobos, Maximo and Ahrens, Jens and Kowalczyk, Konrad and Politis, Archontis},
  journal={EURASIP Journal on Audio, Speech, and Music Processing},
  volume={2022},
  number={1},
  pages={10},
  year={2022},
  publisher={Springer}
}

@article{hammershoi2002methods,
  title={Methods for binaural recording and reproduction},
  author={Hammersh{\o}i, Dorte and M{\o}ller, Henrik},
  journal={Acta Acustica united with Acustica},
  volume={88},
  number={3},
  pages={303--311},
  year={2002},
  publisher={European Acoustics Association}
}

@article{jianjun2015natural,
  title={Natural sound rendering for headphones: integration of signal processing techniques},
  author={Jianjun, HE and Tan, Ee Leng and Gan, Woon-Seng and others},
  journal={IEEE Signal Processing Magazine},
  volume={32},
  number={2},
  pages={100--113},
  year={2015},
  publisher={IEEE}
}

@inproceedings{algazi2001cipic,
  title={The cipic hrtf database},
  author={Algazi, V Ralph and Duda, Richard O and Thompson, Dennis M and Avendano, Carlos},
  booktitle={Proceedings of the 2001 IEEE Workshop on the Applications of Signal Processing to Audio and Acoustics (Cat. No. 01TH8575)},
  pages={99--102},
  year={2001},
  organization={IEEE}
}

@article{brinkmann2019cross,
  title={A cross-evaluated database of measured and simulated HRTFs including 3D head meshes, anthropometric features, and headphone impulse responses},
  author={Brinkmann, Fabian and Dinakaran, Manoj and Pelzer, Robert and Grosche, Peter and Voss, Daniel and Weinzierl, Stefan},
  journal={Journal of the Audio Engineering Society},
  volume={67},
  number={9},
  pages={705--718},
  year={2019},
  publisher={Audio Engineering Society}
}

@inproceedings{scheibler2018pyroomacoustics,
  title={Pyroomacoustics: A python package for audio room simulation and array processing algorithms},
  author={Scheibler, Robin and Bezzam, Eric and Dokmani{\'c}, Ivan},
  booktitle={2018 IEEE international conference on acoustics, speech and signal processing (ICASSP)},
  pages={351--355},
  year={2018},
  organization={IEEE}
}


@article{grumiaux2022survey,
  title={A survey of sound source localization with deep learning methods},
  author={Grumiaux, Pierre-Amaury and Kiti{\'c}, Sr{\dj}an and Girin, Laurent and Gu{\'e}rin, Alexandre},
  journal={The Journal of the Acoustical Society of America},
  volume={152},
  number={1},
  pages={107--151},
  year={2022},
  publisher={Acoustical Society of America}
}


@inproceedings{liu2023audioldm,
  title = 	 {{A}udio{LDM}: Text-to-Audio Generation with Latent Diffusion Models},
  author =       {Liu, Haohe and Chen, Zehua and Yuan, Yi and Mei, Xinhao and Liu, Xubo and Mandic, Danilo and Wang, Wenwu and Plumbley, Mark D},
  booktitle = 	 {Proceedings of the 40th International Conference on Machine Learning},
  pages = 	 {21450--21474},
  year = 	 {2023},
  editor = 	 {Krause, Andreas and Brunskill, Emma and Cho, Kyunghyun and Engelhardt, Barbara and Sabato, Sivan and Scarlett, Jonathan},
  volume = 	 {202},
  series = 	 {Proceedings of Machine Learning Research},
  month = 	 {23--29 Jul},
  publisher =    {PMLR},
}

@article{liu2024audioldm,
  title={Audioldm 2: Learning holistic audio generation with self-supervised pretraining},
  author={Liu, Haohe and Yuan, Yi and Liu, Xubo and Mei, Xinhao and Kong, Qiuqiang and Tian, Qiao and Wang, Yuping and Wang, Wenwu and Wang, Yuxuan and Plumbley, Mark D},
  journal={IEEE/ACM Transactions on Audio, Speech, and Language Processing},
  year={2024},
  publisher={IEEE}
}

@inproceedings{ghosal2023tango,
author = {Ghosal, Deepanway and Majumder, Navonil and Mehrish, Ambuj and Poria, Soujanya},
title = {Text-to-Audio Generation using Instruction Guided Latent Diffusion Model},
year = {2023},
isbn = {9798400701085},
publisher = {Association for Computing Machinery},
address = {New York, NY, USA},
booktitle = {Proceedings of the 31st ACM International Conference on Multimedia},
pages = {3590â€“3598},
numpages = {9},
}

@inproceedings{majumder2024tango,
  title={Tango 2: Aligning diffusion-based text-to-audio generations through direct preference optimization},
  author={Majumder, Navonil and Hung, Chia-Yu and Ghosal, Deepanway and Hsu, Wei-Ning and Mihalcea, Rada and Poria, Soujanya},
  booktitle={Proceedings of the 32nd ACM International Conference on Multimedia},
  pages={564--572},
  year={2024}
}

@inproceedings{wu2023large,
  title={Large-scale contrastive language-audio pretraining with feature fusion and keyword-to-caption augmentation},
  author={Wu, Yusong and Chen, Ke and Zhang, Tianyu and Hui, Yuchen and Berg-Kirkpatrick, Taylor and Dubnov, Shlomo},
  booktitle={ICASSP 2023-2023 IEEE International Conference on Acoustics, Speech and Signal Processing (ICASSP)},
  pages={1--5},
  year={2023},
  organization={IEEE}
}

@article{radford2019language,
  title={Language models are unsupervised multitask learners},
  author={Radford, Alec and Wu, Jeffrey and Child, Rewon and Luan, David and Amodei, Dario and Sutskever, Ilya and others},
  journal={OpenAI blog},
  volume={1},
  number={8},
  pages={9},
  year={2019}
}

@article{chung2024scaling,
  title={Scaling instruction-finetuned language models},
  author={Chung, Hyung Won and Hou, Le and Longpre, Shayne and Zoph, Barret and Tay, Yi and Fedus, William and Li, Yunxuan and Wang, Xuezhi and Dehghani, Mostafa and Brahma, Siddhartha and others},
  journal={Journal of Machine Learning Research},
  volume={25},
  number={70},
  pages={1--53},
  year={2024}
}

@article{achiam2023gpt,
  title={Gpt-4 technical report},
  author={Achiam, Josh and Adler, Steven and Agarwal, Sandhini and Ahmad, Lama and Akkaya, Ilge and Aleman, Florencia Leoni and Almeida, Diogo and Altenschmidt, Janko and Altman, Sam and Anadkat, Shyamal and others},
  journal={arXiv preprint arXiv:2303.08774},
  year={2023}
}

@inproceedings{richard2021neural,
  title={Neural synthesis of binaural speech from mono audio},
  author={Richard, Alexander and Markovic, Dejan and Gebru, Israel D and Krenn, Steven and Butler, Gladstone Alexander and Torre, Fernando and Sheikh, Yaser},
  booktitle={International Conference on Learning Representations},
  year={2021}
}

@article{leng2022binauralgrad,
  title={Binauralgrad: A two-stage conditional diffusion probabilistic model for binaural audio synthesis},
  author={Leng, Yichong and Chen, Zehua and Guo, Junliang and Liu, Haohe and Chen, Jiawei and Tan, Xu and Mandic, Danilo and He, Lei and Li, Xiangyang and Qin, Tao and others},
  journal={Advances in Neural Information Processing Systems},
  volume={35},
  pages={23689--23700},
  year={2022}
}

@article{li2022positive,
  title={Positive-incentive noise},
  author={Li, Xuelong},
  journal={IEEE Transactions on Neural Networks and Learning Systems},
  year={2022},
  publisher={IEEE}
}

@article{choi2022proposal,
  title={A proposal for foley sound synthesis challenge},
  author={Choi, Keunwoo and Oh, Sangshin and Kang, Minsung and McFee, Brian},
  journal={arXiv preprint arXiv:2207.10760},
  year={2022}
}

@inproceedings{gemmeke2017audio,
  title={Audio set: An ontology and human-labeled dataset for audio events},
  author={Gemmeke, Jort F and Ellis, Daniel PW and Freedman, Dylan and Jansen, Aren and Lawrence, Wade and Moore, R Channing and Plakal, Manoj and Ritter, Marvin},
  booktitle={2017 IEEE international conference on acoustics, speech and signal processing (ICASSP)},
  pages={776--780},
  year={2017},
  organization={IEEE}
}

@article{tan2024naturalspeech,
  title={Naturalspeech: End-to-end text-to-speech synthesis with human-level quality},
  author={Tan, Xu and Chen, Jiawei and Liu, Haohe and Cong, Jian and Zhang, Chen and Liu, Yanqing and Wang, Xi and Leng, Yichong and Yi, Yuanhao and He, Lei and others},
  journal={IEEE Transactions on Pattern Analysis and Machine Intelligence},
  year={2024},
  publisher={IEEE}
}

@inproceedings{chen2024musicldm,
  title={Musicldm: Enhancing novelty in text-to-music generation using beat-synchronous mixup strategies},
  author={Chen, Ke and Wu, Yusong and Liu, Haohe and Nezhurina, Marianna and Berg-Kirkpatrick, Taylor and Dubnov, Shlomo},
  booktitle={ICASSP 2024-2024 IEEE International Conference on Acoustics, Speech and Signal Processing (ICASSP)},
  pages={1206--1210},
  year={2024},
  organization={IEEE}
}

@article{wang2023continuous,
  author={Wang, Yajie and Chen, Mulin and Li, Xuelong},
  journal={IEEE Transactions on Multimedia}, 
  title={Continuous Emotion-Based Image-to-Music Generation}, 
  year={2024},
  volume={26},
  number={},
  pages={5670-5679},
  doi={10.1109/TMM.2023.3338089}}


@article{ghose2023foleygan,
  author={Ghose, Sanchita and Prevost, John J.},
  journal={IEEE Transactions on Multimedia}, 
  title={FoleyGAN: Visually Guided Generative Adversarial Network-Based Synchronous Sound Generation in Silent Videos}, 
  year={2023},
  volume={25},
  number={},
  pages={4508-4519},
  doi={10.1109/TMM.2022.3177894}}


@article{liu2023sounding,
  title={Sounding video generator: A unified framework for text-guided sounding video generation},
  author={Liu, Jiawei and Wang, Weining and Chen, Sihan and Zhu, Xinxin and Liu, Jing},
  journal={IEEE Transactions on Multimedia},
  volume={26},
  pages={141--153},
  year={2023},
  publisher={IEEE}
}

@article{copet2024simple,
  title={Simple and controllable music generation},
  author={Copet, Jade and Kreuk, Felix and Gat, Itai and Remez, Tal and Kant, David and Synnaeve, Gabriel and Adi, Yossi and D{\'e}fossez, Alexandre},
  journal={Advances in Neural Information Processing Systems},
  volume={36},
  year={2024}
}

@article{evans2024stable,
  title={Stable audio open},
  author={Evans, Zach and Parker, Julian D and Carr, CJ and Zukowski, Zack and Taylor, Josiah and Pons, Jordi},
  journal={arXiv preprint arXiv:2407.14358},
  year={2024}
}

@inproceedings{gao20192,
  title={2.5 d visual sound},
  author={Gao, Ruohan and Grauman, Kristen},
  booktitle={Proceedings of the IEEE/CVF Conference on Computer Vision and Pattern Recognition},
  pages={324--333},
  year={2019}
}

@article{li2024cross,
  title={Cross-modal generative model for visual-guided binaural stereo generation},
  author={Li, Zhaojian and Zhao, Bin and Yuan, Yuan},
  journal={Knowledge-Based Systems},
  volume={296},
  pages={111814},
  year={2024},
  publisher={Elsevier}
}

@inproceedings{li2024cyclic,
  title={Cyclic Learning for Binaural Audio Generation and Localization},
  author={Li, Zhaojian and Zhao, Bin and Yuan, Yuan},
  booktitle={Proceedings of the IEEE/CVF Conference on Computer Vision and Pattern Recognition},
  pages={26669--26678},
  year={2024}
}

@article{wang2018supervised,
  title={Supervised speech separation based on deep learning: An overview},
  author={Wang, DeLiang and Chen, Jitong},
  journal={IEEE/ACM transactions on audio, speech, and language processing},
  volume={26},
  number={10},
  pages={1702--1726},
  year={2018},
  publisher={IEEE}
}

@ARTICLE{williamson2016complex,
  author={Williamson, Donald S. and Wang, Yuxuan and Wang, DeLiang},
  journal={IEEE/ACM Transactions on Audio, Speech, and Language Processing}, 
  title={Complex Ratio Masking for Monaural Speech Separation}, 
  year={2016},
  volume={24},
  number={3},
  pages={483-492},
  doi={10.1109/TASLP.2015.2512042}}

@article{zhao2024multi,
  title={Multi-resolution Convolutional Residual Neural Networks for Monaural Speech Dereverberation},
  author={Zhao, Lei and Zhu, Wenbo and Li, Shengqiang and Luo, Hong and Zhang, Xiao-Lei and Rahardja, Susanto},
  journal={IEEE/ACM Transactions on Audio, Speech, and Language Processing},
  year={2024},
  publisher={IEEE}
}

@inproceedings{guo2024graph,
  title={Graph Attention Based Multi-Channel U-Net for Speech Dereverberation With Ad-Hoc Microphone Arrays},
  author={Guo, Hongmei and Chen, Yijiang and Zhang, Xiao-Lei and Li, Xuelong},
  booktitle={Proc. Interspeech 2024},
  pages={617--621},
  year={2024}
}

@inproceedings{liu2022separate,
  title     = {Separate What You Describe: Language-Queried Audio Source Separation},
  author    = {Xubo Liu and Haohe Liu and Qiuqiang Kong and Xinhao Mei and Jinzheng Zhao and Qiushi Huang and Mark D. Plumbley and Wenwu Wang},
  year      = {2022},
  booktitle = {Interspeech 2022},
  pages     = {1801--1805},
  doi       = {10.21437/Interspeech.2022-10894},
  issn      = {2958-1796},
}

@article{liu2024separate,
  title={Separate anything you describe},
  author={Liu, Xubo and Kong, Qiuqiang and Zhao, Yan and Liu, Haohe and Yuan, Yi and Liu, Yuzhuo and Xia, Rui and Wang, Yuxuan and Plumbley, Mark D and Wang, Wenwu},
  journal={IEEE/ACM Transactions on Audio, Speech, and Language Processing},
  year={2024},
  publisher={IEEE}
}

@article{ma2024clapsep,
  author={Ma, Hao and Peng, Zhiyuan and Li, Xu and Shao, Mingjie and Wu, Xixin and Liu, Ju},
  journal={IEEE/ACM Transactions on Audio, Speech, and Language Processing}, 
  title={CLAPSep: Leveraging Contrastive Pre-Trained Model for Multi-Modal Query-Conditioned Target Sound Extraction}, 
  year={2024},
  volume={32},
  number={},
  pages={4945-4960},
  doi={10.1109/TASLP.2024.3497586}}

@article{ma2024language,
  title={Language-Queried Target Sound Extraction Without Parallel Training Data},
  author={Ma, Hao and Peng, Zhiyuan and Li, Xu and Li, Yukai and Shao, Mingjie and Kong, Qiuqiang and Liu, Ju},
  journal={arXiv preprint arXiv:2409.09398},
  year={2024}
}

@inproceedings{feng2023soft,
  author={Feng, Linfeng and Gong, Yijun and Zhang, Xiao-Lei},
  booktitle={ICASSP 2023 - 2023 IEEE International Conference on Acoustics, Speech and Signal Processing (ICASSP)}, 
  title={Soft Label Coding for end-to-end Sound Source Localization with ad-hoc Microphone Arrays}, 
  year={2023},
  volume={},
  number={},
  pages={1-5},
  doi={10.1109/ICASSP49357.2023.10094647}}


@article{feng2024learning,
  author={Feng, Linfeng and Gong, Yijun and Liu, Zhi and Zhang, Xiao-Lei and Li, Xuelong},
  journal={IEEE/ACM Transactions on Audio, Speech, and Language Processing}, 
  title={Learning Multi-Dimensional Speaker Localization: Axis Partitioning, Unbiased Label Distribution, and Data Augmentation}, 
  year={2024},
  volume={32},
  number={},
  pages={4013-4025},
  doi={10.1109/TASLP.2024.3426309}}

@article{feng2025eliminating,
title = {Eliminating quantization errors in classification-based sound source localization},
journal = {Neural Networks},
volume = {181},
pages = {106679},
year = {2025},
issn = {0893-6080},
doi = {https://doi.org/10.1016/j.neunet.2024.106679},
author = {Linfeng Feng and Xiao-Lei Zhang and Xuelong Li},
}

@article{luo2023music,
  title={Music source separation with band-split RNN},
  author={Luo, Yi and Yu, Jianwei},
  journal={IEEE/ACM Transactions on Audio, Speech, and Language Processing},
  volume={31},
  pages={1893--1901},
  year={2023},
  publisher={IEEE}
}

@article{wang2023tf,
  title={TF-GridNet: Integrating full-and sub-band modeling for speech separation},
  author={Wang, Zhong-Qiu and Cornell, Samuele and Choi, Shukjae and Lee, Younglo and Kim, Byeong-Yeol and Watanabe, Shinji},
  journal={IEEE/ACM Transactions on Audio, Speech, and Language Processing},
  year={2023},
  publisher={IEEE}
}

@article{luo2019conv,
  title={Conv-tasnet: Surpassing ideal time--frequency magnitude masking for speech separation},
  author={Luo, Yi and Mesgarani, Nima},
  journal={IEEE/ACM transactions on audio, speech, and language processing},
  volume={27},
  number={8},
  pages={1256--1266},
  year={2019},
  publisher={IEEE}
}

@inproceedings{kong2021diffwave,
title={DiffWave: A Versatile Diffusion Model for Audio Synthesis},
author={Zhifeng Kong and Wei Ping and Jiaji Huang and Kexin Zhao and Bryan Catanzaro},
booktitle={International Conference on Learning Representations},
year={2021},
}

@inproceedings{perez2018film,
  title={Film: Visual reasoning with a general conditioning layer},
  author={Perez, Ethan and Strub, Florian and De Vries, Harm and Dumoulin, Vincent and Courville, Aaron},
  booktitle={Proceedings of the AAAI conference on artificial intelligence},
  volume={32},
  number={1},
  year={2018}
}

@inproceedings{he2015delving,
  title={Delving deep into rectifiers: Surpassing human-level performance on imagenet classification},
  author={He, Kaiming and Zhang, Xiangyu and Ren, Shaoqing and Sun, Jian},
  booktitle={Proceedings of the IEEE international conference on computer vision},
  pages={1026--1034},
  year={2015}
}

@article{brinkmann2019hutubs,
  title={The hutubs hrtf database},
  author={Brinkmann, Fabian and Dinakaran, Manoj and Pelzer, Robert and Wohlgemuth, Joschka J and Seipl, Fabian and Weinzierl, Stefan},
  journal={DOI},
  volume={10},
  pages={14279},
  year={2019}
}

@inproceedings{salamon2014dataset,
  title={A dataset and taxonomy for urban sound research},
  author={Salamon, Justin and Jacoby, Christopher and Bello, Juan Pablo},
  booktitle={Proceedings of the 22nd ACM international conference on Multimedia},
  pages={1041--1044},
  year={2014}
}

@inproceedings{piczak2015esc,
  title={ESC: Dataset for environmental sound classification},
  author={Piczak, Karol J},
  booktitle={Proceedings of the 23rd ACM international conference on Multimedia},
  pages={1015--1018},
  year={2015}
}

@article{fonseca2021fsd50k,
  title={Fsd50k: an open dataset of human-labeled sound events},
  author={Fonseca, Eduardo and Favory, Xavier and Pons, Jordi and Font, Frederic and Serra, Xavier},
  journal={IEEE/ACM Transactions on Audio, Speech, and Language Processing},
  volume={30},
  pages={829--852},
  year={2021},
  publisher={IEEE}
}

@article{rafii2019musdb18,
  title={MUSDB18-HQ-an uncompressed version of MUSDB18},
  author={Rafii, Zafar and Liutkus, Antoine and St{\"o}ter, Fabian-Robert and Mimilakis, Stylianos Ioannis and Bittner, Rachel},
  journal={(No Title)},
  year={2019},
  publisher={Zenodo}
}

@inproceedings{hwang2023torchaudio,
  title={TorchAudio 2.1: Advancing speech recognition, self-supervised learning, and audio processing components for PyTorch},
  author={Hwang, Jeff and Hira, Moto and Chen, Caroline and Zhang, Xiaohui and Ni, Zhaoheng and Sun, Guangzhi and Ma, Pingchuan and Huang, Ruizhe and Pratap, Vineel and Zhang, Yuekai and others},
  booktitle={2023 IEEE Automatic Speech Recognition and Understanding Workshop (ASRU)},
  pages={1--9},
  year={2023},
  organization={IEEE}
}

@inproceedings{dubey2023icassp,
  title={ICASSP 2023 Deep Noise Suppression Challenge},
  author={
 Dubey, Harishchandra and Aazami, Ashkan and Gopal, Vishak and Naderi, Babak and Braun, Sebastian and  Cutler, Ross and Gamper, Hannes and Golestaneh, Mehrsa and Aichner, Robert},
  booktitle={ICASSP},
  year={2023}
}

@inproceedings{wichern2019wham,
    title     = {WHAM!: Extending Speech Separation to Noisy Environments},
    author    = {Wichern, Gordon and Antognini, Joe and Flynn, Michael and Zhu,
                 Licheng Richard and McQuinn, Emmett and Crow,
                 Dwight and Manilow, Ethan and Le Roux, Jonathan},
    booktitle = {Proc. Interspeech},
    year      = {2019},
    month     = sep
}

@inproceedings{fonseca2017freesound,
  title={Freesound datasets: a platform for the creation of open audio datasets},
  author={Fonseca, Eduardo and Pons Puig, Jordi and Favory, Xavier and Font Corbera, Frederic and Bogdanov, Dmitry and Ferraro, Andres and Oramas, Sergio and Porter, Alastair and Serra, Xavier},
  booktitle={Proceedings of the 18th ISMIR Conference; 2017 oct 23-27; Suzhou, China.[Canada]: International Society for Music Information Retrieval; 2017. p. 486-93.},
  year={2017},
  organization={International Society for Music Information Retrieval (ISMIR)}
}

@inproceedings{loshchilov2019decoupled,
title={Decoupled Weight Decay Regularization},
author={Ilya Loshchilov and Frank Hutter},
booktitle={International Conference on Learning Representations},
year={2019},
}