@inproceedings{TransE,
 author = {Bordes, Antoine and Usunier, Nicolas and Garcia-Duran, Alberto and Weston, Jason and Yakhnenko, Oksana},
 booktitle = {Advances in Neural Information Processing Systems},
 editor = {C.J. Burges and L. Bottou and M. Welling and Z. Ghahramani and K.Q. Weinberger},
 pages = {},
 publisher = {Curran Associates, Inc.},
 title = {Translating Embeddings for Modeling Multi-relational Data},
 volume = {26},
 year = {2013}
}

@inproceedings{transR,
  title={Learning entity and relation embeddings for knowledge graph completion},
  author={Lin, Yankai and Liu, Zhiyuan and Sun, Maosong and Liu, Yang and Zhu, Xuan},
  booktitle={Proceedings of the AAAI conference on artificial intelligence},
  volume={29},
  number={1},
  year={2015}
}

@inproceedings{transH,
  title={Knowledge graph embedding by translating on hyperplanes},
  author={Wang, Zhen and Zhang, Jianwen and Feng, Jianlin and Chen, Zheng},
  booktitle={Proceedings of the AAAI conference on artificial intelligence},
  volume={28},
  number={1},
  year={2014}
}

@article{transA,
  title={TransA: An adaptive approach for knowledge graph embedding},
  author={Xiao, Han and Huang, Minlie and Hao, Yu and Zhu, Xiaoyan},
  journal={arXiv preprint arXiv:1509.05490},
  year={2015}
}
@inproceedings{transD,
  title={Knowledge graph embedding via dynamic mapping matrix},
  author={Ji, Guoliang and He, Shizhu and Xu, Liheng and Liu, Kang and Zhao, Jun},
  booktitle={Proceedings of the 53rd annual meeting of the association for computational linguistics},
  pages={687--696},
  year={2015}
}

@inproceedings{transG,
  title={TransG: A Generative Model for Knowledge Graph Embedding},
  author={Xiao, Han and Huang, Minlie and Zhu, Xiaoyan},
  booktitle={Proceedings of the 54th Annual Meeting of the Association for Computational Linguistics},
  pages={2316--2325},
  year={2016}
}

@inproceedings{torusE,
  title={Toruse: Knowledge graph embedding on a lie group},
  author={Ebisu, Takuma and Ichise, Ryutaro},
  booktitle={Proceedings of the AAAI conference on artificial intelligence},
  volume={32},
  number={1},
  year={2018}
}

@inproceedings{KG2E,
  title={Learning to represent knowledge graphs with gaussian embedding},
  author={He, Shizhu and Liu, Kang and Ji, Guoliang and Zhao, Jun},
  booktitle={Proceedings of the 24th ACM international on conference on information and knowledge management},
  pages={623--632},
  year={2015}
}
@inproceedings{gregucci2023link,
  title={Link prediction with attention applied on multiple knowledge graph embedding models},
  author={Gregucci, Cosimo and Nayyeri, Mojtaba and Hern{\'a}ndez, Daniel and Staab, Steffen},
  booktitle={Proceedings of the ACM Web Conference 2023},
  pages={2600--2610},
  year={2023}
}

@inproceedings{RESCAL,
  title={A three-way model for collective learning on multi-relational data.},
  author={Nickel, Maximilian and Tresp, Volker and Kriegel, Hans-Peter and others},
  booktitle={International conference on machine learning},
  volume={11},
  number={10.5555},
  pages={3104482--3104584},
  year={2011}
}

@inproceedings{ComplEx,
  title={Complex embeddings for simple link prediction},
  author={Trouillon, Th{\'e}o and Welbl, Johannes and Riedel, Sebastian and Gaussier, {\'E}ric and Bouchard, Guillaume},
  booktitle={International conference on machine learning},
  pages={2071--2080},
  year={2016},
  organization={PMLR}
}

@article{DistMult,
  title={Embedding entities and relations for learning and inference in knowledge bases},
  author={Yang, Bishan and Yih, Wen-tau and He, Xiaodong and Gao, Jianfeng and Deng, Li},
  journal={arXiv preprint arXiv:1412.6575},
  year={2014}
}

@article{rotatE,
  title={Rotate: Knowledge graph embedding by relational rotation in complex space},
  author={Sun, Zhiqing and Deng, Zhi-Hong and Nie, Jian-Yun and Tang, Jian},
  journal={arXiv preprint arXiv:1902.10197},
  year={2019}
}

@article{fey2019fast,
  title={Fast graph representation learning with PyTorch Geometric},
  author={Fey, Matthias and Lenssen, Jan Eric},
  journal={arXiv preprint arXiv:1903.02428},
  year={2019}
}

@inproceedings{wang2019deep,
  title={Deep graph library: Towards efficient and scalable deep learning on graphs},
  author={Wang, Minjie Yu},
  booktitle={ICLR workshop on representation learning on graphs and manifolds},
  year={2019}
}

@inproceedings{ye2023sparsetir,
  title={SparseTIR: Composable abstractions for sparse compilation in deep learning},
  author={Ye, Zihao and Lai, Ruihang and Shao, Junru and Chen, Tianqi and Ceze, Luis},
  booktitle={Proceedings of the 28th ACM International Conference on Architectural Support for Programming Languages and Operating Systems, Volume 3},
  pages={660--678},
  year={2023}
}

@inproceedings{hu2020featgraph,
  title={Featgraph: A flexible and efficient backend for graph neural network systems},
  author={Hu, Yuwei and Ye, Zihao and Wang, Minjie and Yu, Jiali and Zheng, Da and Li, Mu and Zhang, Zheng and Zhang, Zhiru and Wang, Yida},
  booktitle={SC20: International Conference for High Performance Computing, Networking, Storage and Analysis},
  pages={1--13},
  year={2020},
  organization={IEEE}
}

@inproceedings{zheng2024graphstorm,
  title={GraphStorm: All-in-one graph machine learning framework for industry applications},
  author={Zheng, Da and Song, Xiang and Zhu, Qi and Zhang, Jian and Vasiloudis, Theodore and Ma, Runjie and Zhang, Houyu and Wang, Zichen and Adeshina, Soji and Nisa, Israt and others},
  booktitle={Proceedings of the 30th ACM SIGKDD Conference on Knowledge Discovery and Data Mining},
  pages={6356--6367},
  year={2024}
}

@article{lerer2019pytorch,
  title={Pytorch-biggraph: A large scale graph embedding system},
  author={Lerer, Adam and Wu, Ledell and Shen, Jiajun and Lacroix, Timothee and Wehrstedt, Luca and Bose, Abhijit and Peysakhovich, Alex},
  journal={Proceedings of Machine Learning and Systems},
  volume={1},
  pages={120--131},
  year={2019}
}

@inproceedings{nickel2011three,
  title={A three-way model for collective learning on multi-relational data.},
  author={Nickel, Maximilian and Tresp, Volker and Kriegel, Hans-Peter and others},
  booktitle={Icml},
  volume={11},
  number={10.5555},
  pages={3104482--3104584},
  year={2011}
}

@article{yang2014embedding,
  title={Embedding entities and relations for learning and inference in knowledge bases},
  author={Yang, Bishan and Yih, Wen-tau and He, Xiaodong and Gao, Jianfeng and Deng, Li},
  journal={arXiv preprint arXiv:1412.6575},
  year={2014}
}

@article{nguyen2017novel,
  title={A novel embedding model for knowledge base completion based on convolutional neural network},
  author={Nguyen, Dai Quoc and Nguyen, Tu Dinh and Nguyen, Dat Quoc and Phung, Dinh},
  journal={arXiv preprint arXiv:1712.02121},
  year={2017}
}

@inproceedings{schlichtkrull2018modeling,
  title={Modeling relational data with graph convolutional networks},
  author={Schlichtkrull, Michael and Kipf, Thomas N and Bloem, Peter and Van Den Berg, Rianne and Titov, Ivan and Welling, Max},
  booktitle={The semantic web: 15th international conference, ESWC 2018, Heraklion, Crete, Greece, June 3--7, 2018, proceedings 15},
  pages={593--607},
  year={2018},
  organization={Springer}
}

@misc{ampligraph,
 author= {Luca Costabello and
          Alberto Bernardi and
          Adrianna Janik and
          Aldan Creo and
          Sumit Pai and
          Chan Le Van and
          Rory McGrath and
          Nicholas McCarthy and
          Pedro Tabacof},
 title = {{AmpliGraph: a Library for Representation Learning on Knowledge Graphs}},
 month = mar,
 year  = 2019,
 doi   = {10.5281/zenodo.2595043},
 url   = {https://doi.org/10.5281/zenodo.2595043}
}

@article{yu2019pykg2vec,
  title={Pykg2vec: A Python Library for Knowledge Graph Embedding},
  author={Yu, Shih Yuan and Rokka Chhetri, Sujit and Canedo, Arquimedes and Goyal, Palash and Faruque, Mohammad Abdullah Al},
  journal={arXiv preprint arXiv:1906.04239},
  year={2019}
  }

@inproceedings{han2018openke,
   title={OpenKE: An Open Toolkit for Knowledge Embedding},
   author={Han, Xu and Cao, Shulin and Lv Xin and Lin, Yankai and Liu, Zhiyuan and Sun, Maosong and Li, Juanzi},
   booktitle={Proceedings of EMNLP},
   year={2018}
 }

@article{ali2021pykeen,
  title={PyKEEN 1.0: a python library for training and evaluating knowledge graph embeddings},
  author={Ali, Mehdi and Berrendorf, Max and Hoyt, Charles Tapley and Vermue, Laurent and Sharifzadeh, Sahand and Tresp, Volker and Lehmann, Jens},
  journal={Journal of Machine Learning Research},
  volume={22},
  number={82},
  pages={1--6},
  year={2021}
}

@inproceedings{zheng2020dgl,
  title={Dgl-ke: Training knowledge graph embeddings at scale},
  author={Zheng, Da and Song, Xiang and Ma, Chao and Tan, Zeyuan and Ye, Zihao and Dong, Jin and Xiong, Hao and Zhang, Zheng and Karypis, George},
  booktitle={Proceedings of the 43rd international ACM SIGIR conference on research and development in information retrieval},
  pages={739--748},
  year={2020}
}

@article{boschin2020torchkge,
  title={Torchkge: Knowledge graph embedding in python and pytorch},
  author={Boschin, Armand},
  journal={arXiv preprint arXiv:2009.02963},
  year={2020}
}

@inproceedings{kim2020multi,
  title={Multi-task learning for knowledge graph completion with pre-trained language models},
  author={Kim, Bosung and Hong, Taesuk and Ko, Youngjoong and Seo, Jungyun},
  booktitle={Proceedings of the 28th international conference on computational linguistics},
  pages={1737--1743},
  year={2020}
}

@article{wang2022simkgc,
  title={SimKGC: Simple contrastive knowledge graph completion with pre-trained language models},
  author={Wang, Liang and Zhao, Wei and Wei, Zhuoyu and Liu, Jingming},
  journal={arXiv preprint arXiv:2203.02167},
  year={2022}
}

@article{radford2018improving,
  title={Improving language understanding by generative pre-training},
  author={Radford, Alec},
  year={2018}
}

@article{colin2020exploring,
  title={Exploring the limits of transfer learning with a unified text-to-text transformer},
  author={Colin, Raffel},
  journal={J. Mach. Learn. Res.},
  volume={21},
  pages={140--1},
  year={2020}
}

@inproceedings{devlin-etal-2019-bert,
    title = "{BERT}: Pre-training of Deep Bidirectional Transformers for Language Understanding",
    author = "Devlin, Jacob  and
      Chang, Ming-Wei  and
      Lee, Kenton  and
      Toutanova, Kristina",
    editor = "Burstein, Jill  and
      Doran, Christy  and
      Solorio, Thamar",
    booktitle = "Proceedings of the 2019 Conference of the North {A}merican Chapter of the Association for Computational Linguistics: Human Language Technologies, Volume 1 (Long and Short Papers)",
    month = jun,
    year = "2019",
    address = "Minneapolis, Minnesota",
    publisher = "Association for Computational Linguistics",
    url = "https://aclanthology.org/N19-1423",
    doi = "10.18653/v1/N19-1423",
    pages = "4171--4186",
    abstract = "We introduce a new language representation model called BERT, which stands for Bidirectional Encoder Representations from Transformers. Unlike recent language representation models (Peters et al., 2018a; Radford et al., 2018), BERT is designed to pre-train deep bidirectional representations from unlabeled text by jointly conditioning on both left and right context in all layers. As a result, the pre-trained BERT model can be fine-tuned with just one additional output layer to create state-of-the-art models for a wide range of tasks, such as question answering and language inference, without substantial task-specific architecture modifications. BERT is conceptually simple and empirically powerful. It obtains new state-of-the-art results on eleven natural language processing tasks, including pushing the GLUE score to 80.5 (7.7 point absolute improvement), MultiNLI accuracy to 86.7{\%} (4.6{\%} absolute improvement), SQuAD v1.1 question answering Test F1 to 93.2 (1.5 point absolute improvement) and SQuAD v2.0 Test F1 to 83.1 (5.1 point absolute improvement).",
}

@article{lv2018differentiating,
  title={Differentiating concepts and instances for knowledge graph embedding},
  author={Lv, Xin and Hou, Lei and Li, Juanzi and Liu, Zhiyuan},
  journal={arXiv preprint arXiv:1811.04588},
  year={2018}
}

@article{xiao2015transa,
  title={TransA: An adaptive approach for knowledge graph embedding},
  author={Xiao, Han and Huang, Minlie and Hao, Yu and Zhu, Xiaoyan},
  journal={arXiv preprint arXiv:1509.05490},
  year={2015}
}

@inproceedings{fan2014transition,
  title={Transition-based knowledge graph embedding with relational mapping properties},
  author={Fan, Miao and Zhou, Qiang and Chang, Emily and Zheng, Fang},
  booktitle={Proceedings of the 28th Pacific Asia conference on language, information and computing},
  pages={328--337},
  year={2014}
}

@inproceedings{hoque2024isplib,
  title={iSpLib: A Library for Accelerating Graph Neural Networks using Auto-tuned Sparse Operations},
  author={Hoque Anik, Md Saidul and Badhe, Pranav and Gampa, Rohit and Azad, Ariful},
  booktitle={Companion Proceedings of the ACM on Web Conference 2024},
  pages={778--781},
  year={2024}
}

@article{chen2020knowledge,
  title={Knowledge graph completion: A review},
  author={Chen, Zhe and Wang, Yuehan and Zhao, Bin and Cheng, Jing and Zhao, Xin and Duan, Zongtao},
  journal={Ieee Access},
  volume={8},
  pages={192435--192456},
  year={2020},
  publisher={IEEE}
}


@article{bordes2014semantic,
  title={A semantic matching energy function for learning with multi-relational data: Application to word-sense disambiguation},
  author={Bordes, Antoine and Glorot, Xavier and Weston, Jason and Bengio, Yoshua},
  journal={Machine learning},
  volume={94},
  pages={233--259},
  year={2014},
  publisher={Springer}
}

@inproceedings{transSparse,
  title={Knowledge graph completion with adaptive sparse transfer matrix},
  author={Ji, Guoliang and Liu, Kang and He, Shizhu and Zhao, Jun},
  booktitle={Proceedings of the AAAI conference on artificial intelligence},
  volume={30},
  number={1},
  year={2016}
}

@inproceedings{nickel2012factorizing,
  title={Factorizing yago: scalable machine learning for linked data},
  author={Nickel, Maximilian and Tresp, Volker and Kriegel, Hans-Peter},
  booktitle={Proceedings of the 21st international conference on World Wide Web},
  pages={271--280},
  year={2012}
}

@inproceedings{rahman2021fusedmm,
  title={{FusedMM}: A unified {SDDMM-SpMM} kernel for graph embedding and graph neural networks},
  author={Rahman, Md Khaledur and Sujon, Majedul Haque and Azad, Ariful},
  booktitle={2021 IEEE International Parallel and Distributed Processing Symposium (IPDPS)},
  pages={256--266},
  year={2021},
  organization={IEEE}
}