@inproceedings{ComplEx,
  title={Complex embeddings for simple link prediction},
  author={Trouillon, Th{\'e}o and Welbl, Johannes and Riedel, Sebastian and Gaussier, {\'E}ric and Bouchard, Guillaume},
  booktitle={International conference on machine learning},
  pages={2071--2080},
  year={2016},
  organization={PMLR}
}

@article{DistMult,
  title={Embedding entities and relations for learning and inference in knowledge bases},
  author={Yang, Bishan and Yih, Wen-tau and He, Xiaodong and Gao, Jianfeng and Deng, Li},
  journal={arXiv preprint arXiv:1412.6575},
  year={2014}
}

@inproceedings{KG2E,
  title={Learning to represent knowledge graphs with gaussian embedding},
  author={He, Shizhu and Liu, Kang and Ji, Guoliang and Zhao, Jun},
  booktitle={Proceedings of the 24th ACM international on conference on information and knowledge management},
  pages={623--632},
  year={2015}
}

@inproceedings{RESCAL,
  title={A three-way model for collective learning on multi-relational data.},
  author={Nickel, Maximilian and Tresp, Volker and Kriegel, Hans-Peter and others},
  booktitle={International conference on machine learning},
  volume={11},
  number={10.5555},
  pages={3104482--3104584},
  year={2011}
}

@inproceedings{TransE,
 author = {Bordes, Antoine and Usunier, Nicolas and Garcia-Duran, Alberto and Weston, Jason and Yakhnenko, Oksana},
 booktitle = {Advances in Neural Information Processing Systems},
 editor = {C.J. Burges and L. Bottou and M. Welling and Z. Ghahramani and K.Q. Weinberger},
 pages = {},
 publisher = {Curran Associates, Inc.},
 title = {Translating Embeddings for Modeling Multi-relational Data},
 volume = {26},
 year = {2013}
}

@article{ali2021pykeen,
  title={PyKEEN 1.0: a python library for training and evaluating knowledge graph embeddings},
  author={Ali, Mehdi and Berrendorf, Max and Hoyt, Charles Tapley and Vermue, Laurent and Sharifzadeh, Sahand and Tresp, Volker and Lehmann, Jens},
  journal={Journal of Machine Learning Research},
  volume={22},
  number={82},
  pages={1--6},
  year={2021}
}

@misc{ampligraph,
 author= {Luca Costabello and
          Alberto Bernardi and
          Adrianna Janik and
          Aldan Creo and
          Sumit Pai and
          Chan Le Van and
          Rory McGrath and
          Nicholas McCarthy and
          Pedro Tabacof},
 title = {{AmpliGraph: a Library for Representation Learning on Knowledge Graphs}},
 month = mar,
 year  = 2019,
 doi   = {10.5281/zenodo.2595043},
 url   = {https://doi.org/10.5281/zenodo.2595043}
}

@article{boschin2020torchkge,
  title={Torchkge: Knowledge graph embedding in python and pytorch},
  author={Boschin, Armand},
  journal={arXiv preprint arXiv:2009.02963},
  year={2020}
}

@inproceedings{fan2014transition,
  title={Transition-based knowledge graph embedding with relational mapping properties},
  author={Fan, Miao and Zhou, Qiang and Chang, Emily and Zheng, Fang},
  booktitle={Proceedings of the 28th Pacific Asia conference on language, information and computing},
  pages={328--337},
  year={2014}
}

@article{fey2019fast,
  title={Fast graph representation learning with PyTorch Geometric},
  author={Fey, Matthias and Lenssen, Jan Eric},
  journal={arXiv preprint arXiv:1903.02428},
  year={2019}
}

@inproceedings{han2018openke,
   title={OpenKE: An Open Toolkit for Knowledge Embedding},
   author={Han, Xu and Cao, Shulin and Lv Xin and Lin, Yankai and Liu, Zhiyuan and Sun, Maosong and Li, Juanzi},
   booktitle={Proceedings of EMNLP},
   year={2018}
 }

@inproceedings{hoque2024isplib,
  title={iSpLib: A Library for Accelerating Graph Neural Networks using Auto-tuned Sparse Operations},
  author={Hoque Anik, Md Saidul and Badhe, Pranav and Gampa, Rohit and Azad, Ariful},
  booktitle={Companion Proceedings of the ACM on Web Conference 2024},
  pages={778--781},
  year={2024}
}

@inproceedings{hu2020featgraph,
  title={Featgraph: A flexible and efficient backend for graph neural network systems},
  author={Hu, Yuwei and Ye, Zihao and Wang, Minjie and Yu, Jiali and Zheng, Da and Li, Mu and Zhang, Zheng and Zhang, Zhiru and Wang, Yida},
  booktitle={SC20: International Conference for High Performance Computing, Networking, Storage and Analysis},
  pages={1--13},
  year={2020},
  organization={IEEE}
}

@article{lerer2019pytorch,
  title={Pytorch-biggraph: A large scale graph embedding system},
  author={Lerer, Adam and Wu, Ledell and Shen, Jiajun and Lacroix, Timothee and Wehrstedt, Luca and Bose, Abhijit and Peysakhovich, Alex},
  journal={Proceedings of Machine Learning and Systems},
  volume={1},
  pages={120--131},
  year={2019}
}

@article{lv2018differentiating,
  title={Differentiating concepts and instances for knowledge graph embedding},
  author={Lv, Xin and Hou, Lei and Li, Juanzi and Liu, Zhiyuan},
  journal={arXiv preprint arXiv:1811.04588},
  year={2018}
}

@inproceedings{rahman2021fusedmm,
  title={{FusedMM}: A unified {SDDMM-SpMM} kernel for graph embedding and graph neural networks},
  author={Rahman, Md Khaledur and Sujon, Majedul Haque and Azad, Ariful},
  booktitle={2021 IEEE International Parallel and Distributed Processing Symposium (IPDPS)},
  pages={256--266},
  year={2021},
  organization={IEEE}
}

@article{rotatE,
  title={Rotate: Knowledge graph embedding by relational rotation in complex space},
  author={Sun, Zhiqing and Deng, Zhi-Hong and Nie, Jian-Yun and Tang, Jian},
  journal={arXiv preprint arXiv:1902.10197},
  year={2019}
}

@inproceedings{torusE,
  title={Toruse: Knowledge graph embedding on a lie group},
  author={Ebisu, Takuma and Ichise, Ryutaro},
  booktitle={Proceedings of the AAAI conference on artificial intelligence},
  volume={32},
  number={1},
  year={2018}
}

@article{transA,
  title={TransA: An adaptive approach for knowledge graph embedding},
  author={Xiao, Han and Huang, Minlie and Hao, Yu and Zhu, Xiaoyan},
  journal={arXiv preprint arXiv:1509.05490},
  year={2015}
}

@inproceedings{transD,
  title={Knowledge graph embedding via dynamic mapping matrix},
  author={Ji, Guoliang and He, Shizhu and Xu, Liheng and Liu, Kang and Zhao, Jun},
  booktitle={Proceedings of the 53rd annual meeting of the association for computational linguistics},
  pages={687--696},
  year={2015}
}

@inproceedings{transG,
  title={TransG: A Generative Model for Knowledge Graph Embedding},
  author={Xiao, Han and Huang, Minlie and Zhu, Xiaoyan},
  booktitle={Proceedings of the 54th Annual Meeting of the Association for Computational Linguistics},
  pages={2316--2325},
  year={2016}
}

@inproceedings{transR,
  title={Learning entity and relation embeddings for knowledge graph completion},
  author={Lin, Yankai and Liu, Zhiyuan and Sun, Maosong and Liu, Yang and Zhu, Xuan},
  booktitle={Proceedings of the AAAI conference on artificial intelligence},
  volume={29},
  number={1},
  year={2015}
}

@inproceedings{wang2019deep,
  title={Deep graph library: Towards efficient and scalable deep learning on graphs},
  author={Wang, Minjie Yu},
  booktitle={ICLR workshop on representation learning on graphs and manifolds},
  year={2019}
}

@inproceedings{ye2023sparsetir,
  title={SparseTIR: Composable abstractions for sparse compilation in deep learning},
  author={Ye, Zihao and Lai, Ruihang and Shao, Junru and Chen, Tianqi and Ceze, Luis},
  booktitle={Proceedings of the 28th ACM International Conference on Architectural Support for Programming Languages and Operating Systems, Volume 3},
  pages={660--678},
  year={2023}
}

@article{yu2019pykg2vec,
  title={Pykg2vec: A Python Library for Knowledge Graph Embedding},
  author={Yu, Shih Yuan and Rokka Chhetri, Sujit and Canedo, Arquimedes and Goyal, Palash and Faruque, Mohammad Abdullah Al},
  journal={arXiv preprint arXiv:1906.04239},
  year={2019}
  }

@inproceedings{zheng2020dgl,
  title={Dgl-ke: Training knowledge graph embeddings at scale},
  author={Zheng, Da and Song, Xiang and Ma, Chao and Tan, Zeyuan and Ye, Zihao and Dong, Jin and Xiong, Hao and Zhang, Zheng and Karypis, George},
  booktitle={Proceedings of the 43rd international ACM SIGIR conference on research and development in information retrieval},
  pages={739--748},
  year={2020}
}

@inproceedings{zheng2024graphstorm,
  title={GraphStorm: All-in-one graph machine learning framework for industry applications},
  author={Zheng, Da and Song, Xiang and Zhu, Qi and Zhang, Jian and Vasiloudis, Theodore and Ma, Runjie and Zhang, Houyu and Wang, Zichen and Adeshina, Soji and Nisa, Israt and others},
  booktitle={Proceedings of the 30th ACM SIGKDD Conference on Knowledge Discovery and Data Mining},
  pages={6356--6367},
  year={2024}
}

