@inproceedings{DKMMN06,
  title={Our data, ourselves: Privacy via distributed noise generation},
  author={Dwork, Cynthia and Kenthapadi, Krishnaram and McSherry, Frank and Mironov, Ilya and Naor, Moni},
  booktitle={Advances in Cryptology-EUROCRYPT 2006: 24th Annual International Conference on the Theory and Applications of Cryptographic Techniques, St. Petersburg, Russia, May 28-June 1, 2006. Proceedings 25},
  pages={486--503},
  year={2006},
  organization={Springer}
}

@article{MWMZ07,
  title     ={Approximating a Sum of Random Variables with a Lognormal},
  author    ={Neelesh B., Mehta and Jingxian, Wu and Andreas F., Molisch and Jin, Zhang},
  journal   ={Transactions on Wireless Communications},
  year      ={2007},
  publisher ={IEEE},
  pages     = {2690--2699},
  volume    = {6},
  number    = {7},
}

@inproceedings{DRV10,
  title={Boosting and differential privacy},
  author={Dwork, Cynthia and Rothblum, Guy N and Vadhan, Salil},
  booktitle={2010 IEEE 51st Annual Symposium on Foundations of Computer Science},
  pages={51--60},
  year={2010},
  organization={IEEE}
}

@article{KLNRS11,
  title={What can we learn privately?},
  author={Kasiviswanathan, Shiva Prasad and Lee, Homin K and Nissim, Kobbi and Raskhodnikova, Sofya and Smith, Adam},
  journal={SIAM Journal on Computing},
  volume={40},
  number={3},
  pages={793--826},
  year={2011},
  publisher={SIAM}
}

@inproceedings{BKOZB12,
  title={Probabilistic relational reasoning for differential privacy},
  author={Barthe, Gilles and K{\"o}pf, Boris and Olmedo, Federico and Zanella Beguelin, Santiago},
  booktitle={Proceedings of the 39th annual ACM SIGPLAN-SIGACT symposium on Principles of programming languages},
  pages={97--110},
  year={2012}
}

@inproceedings{LQS12,
  title={On sampling, anonymization, and differential privacy or, k-anonymization meets differential privacy},
  author={Li, Ninghui and Qardaji, Wahbeh and Su, Dong},
  booktitle={Proceedings of the 7th ACM Symposium on Information, Computer and Communications Security},
  pages={32--33},
  year={2012}
}

@inproceedings{BO13,
  title={Beyond differential privacy: Composition theorems and relational logic for f-divergences between probabilistic programs},
  author={Barthe, Gilles and Olmedo, Federico},
  booktitle={International Colloquium on Automata, Languages, and Programming},
  pages={49--60},
  year={2013},
  organization={Springer}
}

@inproceedings{BST14,
  title={Private empirical risk minimization: Efficient algorithms and tight error bounds},
  author={Bassily, Raef and Smith, Adam and Thakurta, Abhradeep},
  booktitle={2014 IEEE 55th annual symposium on foundations of computer science},
  pages={464--473},
  year={2014},
  organization={IEEE}
}

@article{DR14,
  title={The algorithmic foundations of differential privacy},
  author={Dwork, Cynthia and Roth, Aaron and others},
  journal={Foundations and Trends{\textregistered} in Theoretical Computer Science},
  volume={9},
  number={3--4},
  pages={211--407},
  year={2014},
  publisher={Now Publishers, Inc.}
}

@inproceedings{KOV15,
  title={The composition theorem for differential privacy},
  author={Kairouz, Peter and Oh, Sewoong and Viswanath, Pramod},
  booktitle={International conference on machine learning},
  pages={1376--1385},
  year={2015},
  organization={PMLR}
}

@inproceedings{ACGMMT16,
  title={Deep learning with differential privacy},
  author={Abadi, Martin and Chu, Andy and Goodfellow, Ian and McMahan, H Brendan and Mironov, Ilya and Talwar, Kunal and Zhang, Li},
  booktitle={Proceedings of the 2016 ACM SIGSAC conference on computer and communications security},
  pages={308--318},
  year={2016}
}

@inproceedings{BS16,
  title={Concentrated differential privacy: Simplifications, extensions, and lower bounds},
  author={Bun, Mark and Steinke, Thomas},
  booktitle={Theory of Cryptography Conference},
  pages={635--658},
  year={2016},
  organization={Springer}
}

@inproceedings{BEMMRLRKTS17,
  title={Prochlo: Strong privacy for analytics in the crowd},
  author={Bittau, Andrea and Erlingsson, {\'U}lfar and Maniatis, Petros and Mironov, Ilya and Raghunathan, Ananth and Lie, David and Rudominer, Mitch and Kode, Ushasree and Tinnes, Julien and Seefeld, Bernhard},
  booktitle={Proceedings of the 26th symposium on operating systems principles},
  pages={441--459},
  year={2017}
}

@inproceedings{Mironov17,
  title={R{\'e}nyi differential privacy},
  author={Mironov, Ilya},
  booktitle={2017 IEEE 30th computer security foundations symposium (CSF)},
  pages={263--275},
  year={2017},
  organization={IEEE}
}

@article{BBG18,
  title={Privacy amplification by subsampling: Tight analyses via couplings and divergences},
  author={Balle, Borja and Barthe, Gilles and Gaboardi, Marco},
  journal={Advances in neural information processing systems},
  volume={31},
  year={2018}
}

@inproceedings{BDRS18,
  title={Composable and versatile privacy via truncated cdp},
  author={Bun, Mark and Dwork, Cynthia and Rothblum, Guy N and Steinke, Thomas},
  booktitle={Proceedings of the 50th Annual ACM SIGACT Symposium on Theory of Computing},
  pages={74--86},
  year={2018}
}

@inproceedings{BW18,
  title={Improving the gaussian mechanism for differential privacy: Analytical calibration and optimal denoising},
  author={Balle, Borja and Wang, Yu-Xiang},
  booktitle={International Conference on Machine Learning},
  pages={394--403},
  year={2018},
  organization={PMLR}
}


@inproceedings{BBGN19,
  title={The privacy blanket of the shuffle model},
  author={Balle, Borja and Bell, James and Gasc{\'o}n, Adri{\`a} and Nissim, Kobbi},
  booktitle={Advances in Cryptology--CRYPTO 2019: 39th Annual International Cryptology Conference, Santa Barbara, CA, USA, August 18--22, 2019, Proceedings, Part II 39},
  pages={638--667},
  year={2019},
  organization={Springer}
}

@inproceedings{CSUZZ19,
  title={Distributed differential privacy via shuffling},
  author={Cheu, Albert and Smith, Adam and Ullman, Jonathan and Zeber, David and Zhilyaev, Maxim},
  booktitle={Advances in Cryptology--EUROCRYPT 2019: 38th Annual International Conference on the Theory and Applications of Cryptographic Techniques, Darmstadt, Germany, May 19--23, 2019, Proceedings, Part I 38},
  pages={375--403},
  year={2019},
  organization={Springer}
}

@inproceedings{EFMRTT19,
  title={Amplification by shuffling: From local to central differential privacy via anonymity},
  author={Erlingsson, {\'U}lfar and Feldman, Vitaly and Mironov, Ilya and Raghunathan, Ananth and Talwar, Kunal and Thakurta, Abhradeep},
  booktitle={Proceedings of the Thirtieth Annual ACM-SIAM Symposium on Discrete Algorithms},
  pages={2468--2479},
  year={2019},
  organization={SIAM}
}

@inproceedings{JLNRSS19,
  title={A New Analysis of Differential Privacyâ€™s Generalization Guarantees},
  author={Jung, Christopher and Ligett, Katrina and Neel, Seth and Roth, Aaron and Sharifi-Malvajerdi, Saeed and Shenfeld, Moshe},
  booktitle={11th Innovations in Theoretical Computer Science Conference (ITCS 2020)},
  year={2020},
  organization={Schloss Dagstuhl-Leibniz-Zentrum f{\"u}r Informatik}
}


@article{MTZ19,
  title={R\'{e}nyi differential privacy of the sampled gaussian mechanism},
  author={Mironov, Ilya and Talwar, Kunal and Zhang, Li},
  journal={arXiv preprint arXiv:1908.10530},
  year={2019}
}

@inproceedings{WBK19,
  title={Subsampled r{\'e}nyi differential privacy and analytical moments accountant},
  author={Wang, Yu-Xiang and Balle, Borja and Kasiviswanathan, Shiva Prasad},
  booktitle={The 22nd International Conference on Artificial Intelligence and Statistics},
  pages={1226--1235},
  year={2019},
  organization={PMLR}
}

@inproceedings{ZW19,
  title={Poission subsampled r{\'e}nyi differential privacy},
  author={Zhu, Yuqing and Wang, Yu-Xiang},
  booktitle={International Conference on Machine Learning},
  pages={7634--7642},
  year={2019},
  organization={PMLR}
}

@inproceedings{ALCKS20,
  title={A better bound gives a hundred rounds: Enhanced privacy guarantees via f-divergences},
  author={Asoodeh, Shahab and Liao, Jiachun and Calmon, Flavio P and Kosut, Oliver and Sankar, Lalitha},
  booktitle={2020 IEEE International Symposium on Information Theory (ISIT)},
  pages={920--925},
  year={2020},
  organization={IEEE}
}


@article{BKMT20,
  title={Privacy amplification via random check-ins},
  author={Balle, Borja and Kairouz, Peter and McMahan, Brendan and Thakkar, Om and Guha Thakurta, Abhradeep},
  journal={Advances in Neural Information Processing Systems},
  volume={33},
  pages={4623--4634},
  year={2020}
}

@article{CKS20,
  title={The discrete gaussian for differential privacy},
  author={Canonne, Cl{\'e}ment L and Kamath, Gautam and Steinke, Thomas},
  journal={Advances in Neural Information Processing Systems},
  volume={33},
  pages={15676--15688},
  year={2020}
}

@inproceedings{KJH20,
  title={Computing tight differential privacy guarantees using fft},
  author={Koskela, Antti and J{\"a}lk{\"o}, Joonas and Honkela, Antti},
  booktitle={International Conference on Artificial Intelligence and Statistics},
  pages={2560--2569},
  year={2020},
  organization={PMLR}
}

@inproceedings{CU21,
  title={The limits of pan privacy and shuffle privacy for learning and estimation},
  author={Cheu, Albert and Ullman, Jonathan},
  booktitle={Proceedings of the 53rd Annual ACM SIGACT Symposium on Theory of Computing},
  pages={1081--1094},
  year={2021}
}

@inproceedings{FMT21,
  title={Hiding among the clones: A simple and nearly optimal analysis of privacy amplification by shuffling},
  author={Feldman, Vitaly and McMillan, Audra and Talwar, Kunal},
  booktitle={2021 IEEE 62nd Annual Symposium on Foundations of Computer Science (FOCS)},
  pages={954--964},
  year={2021},
  organization={IEEE}
}

@ARTICLE{GDDKS21,
  author={Girgis, Antonious M. and Data, Deepesh and Diggavi, Suhas and Kairouz, Peter and Suresh, Ananda Theertha},
  journal={IEEE Journal on Selected Areas in Information Theory}, 
  title={Shuffled Model of Federated Learning: Privacy, Accuracy and Communication Trade-Offs}, 
  year={2021},
  volume={2},
  number={1},
  pages={464-478},
  keywords={Privacy;Servers;Differential privacy;Optimization;Estimation;Data models;Collaborative work;Differential privacy;quantization;federated learning;optimization;privacy amplification;sampling;shuffling},
  doi={10.1109/JSAIT.2021.3056102}
}

@inproceedings{GDDSK21,
  title={On the renyi differential privacy of the shuffle model},
  author={Girgis, Antonious M and Data, Deepesh and Diggavi, Suhas and Suresh, Ananda Theertha and Kairouz, Peter},
  booktitle={Proceedings of the 2021 ACM SIGSAC Conference on Computer and Communications Security},
  pages={2321--2341},
  year={2021}
}

@inproceedings{KJPH21,
  title={Tight differential privacy for discrete-valued mechanisms and for the subsampled gaussian mechanism using fft},
  author={Koskela, Antti and J{\"a}lk{\"o}, Joonas and Prediger, Lukas and Honkela, Antti},
  booktitle={International Conference on Artificial Intelligence and Statistics},
  pages={3358--3366},
  year={2021},
  organization={PMLR}
}

@inproceedings{KMSTTX21,
  title={Practical and private (deep) learning without sampling or shuffling},
  author={Kairouz, Peter and McMahan, Brendan and Song, Shuang and Thakkar, Om and Thakurta, Abhradeep and Xu, Zheng},
  booktitle={International Conference on Machine Learning},
  pages={5213--5225},
  year={2021},
  organization={PMLR}
}


@inproceedings{VW21,
  title={Concurrent composition of differential privacy},
  author={Vadhan, Salil and Wang, Tianhao},
  booktitle={Theory of Cryptography: 19th International Conference, TCC 2021, Raleigh, NC, USA, November 8--11, 2021, Proceedings, Part II 19},
  pages={582--604},
  year={2021},
  organization={Springer}
}

@article{DRS22,
  title={Gaussian differential privacy},
  author={Dong, Jinshuo and Roth, Aaron and Su, Weijie J},
  journal={Journal of the Royal Statistical Society Series B: Statistical Methodology},
  volume={84},
  number={1},
  pages={3--37},
  year={2022},
  publisher={Oxford University Press}
}

@article{KHH22,
  title={Numerical Accounting in the Shuffle Model of Differential Privacy},
  author={Koskela, Antti and Heikkil{\"a}, Mikko A and Honkela, Antti},
  journal={Transactions on Machine Learning Research},
  year={2022}
}

@article{LT22,
  title={Shuffle Gaussian Mechanism for Differential Privacy},
  author={Liew, Seng Pei and Takahashi, Tsubasa},
  journal={arXiv preprint arXiv:2206.09569},
  year={2022}
}

@article{lyu22,
  title={Composition theorems for interactive differential privacy},
  author={Lyu, Xin},
  journal={Advances in Neural Information Processing Systems},
  volume={35},
  pages={9700--9712},
  year={2022}
}

@article{Steinke22,
  title={Composition of differential privacy \& privacy amplification by subsampling},
  author={Steinke, Thomas},
  journal={arXiv preprint arXiv:2210.00597},
  year={2022}
}

@inproceedings{ZDW22,
  title={Optimal accounting of differential privacy via characteristic function},
  author={Zhu, Yuqing and Dong, Jinshuo and Wang, Yu-Xiang},
  booktitle={International Conference on Artificial Intelligence and Statistics},
  pages={4782--4817},
  year={2022},
  organization={PMLR}
}

@inproceedings{CCGST23,
  title={Privacy Amplification for Matrix Mechanisms},
  author={Choquette-Choo, Christopher A and Ganesh, Arun and Steinke, Thomas and Thakurta, Abhradeep Guha},
  booktitle={The Twelfth International Conference on Learning Representations},
  year={2023}
}

@inproceedings{FMT23,
  title={Stronger privacy amplification by shuffling for r{\'e}nyi and approximate differential privacy},
  author={Feldman, Vitaly and McMillan, Audra and Talwar, Kunal},
  booktitle={Proceedings of the 2023 Annual ACM-SIAM Symposium on Discrete Algorithms (SODA)},
  pages={4966--4981},
  year={2023},
  organization={SIAM}
}

@article{PHKXDMVCT23,
  title={How to dp-fy ml: A practical guide to machine learning with differential privacy},
  author={Ponomareva, Natalia and Hazimeh, Hussein and Kurakin, Alex and Xu, Zheng and Denison, Carson and McMahan, H Brendan and Vassilvitskii, Sergei and Chien, Steve and Thakurta, Abhradeep Guha},
  journal={Journal of Artificial Intelligence Research},
  volume={77},
  pages={1113--1201},
  year={2023}
}

@inproceedings{VZ23,
  title={Concurrent composition theorems for differential privacy},
  author={Vadhan, Salil and Zhang, Wanrong},
  booktitle={Proceedings of the 55th Annual ACM Symposium on Theory of Computing},
  pages={507--519},
  year={2023}
}

@article{ABDCH24,
  title={To Shuffle or not to Shuffle: Auditing DP-SGD with Shuffling},
  author={Annamalai, Meenatchi Sundaram Muthu Selva and Balle, Borja and De Cristofaro, Emiliano and Hayes, Jamie},
  journal={arXiv preprint arXiv:2411.10614},
  year={2024}
}

@article{CCGHST24,
  title={Near exact privacy amplification for matrix mechanisms},
  author={Choquette-Choo, Christopher A and Ganesh, Arun and Haque, Saminul and Steinke, Thomas and Thakurta, Abhradeep},
  journal={arXiv preprint arXiv:2410.06266},
  year={2024}
}

@inproceedings{CGHLKKMSZ24,
  title={Balls-and-Bins Sampling for DP-SGD},
  author={Chua, Lynn and Ghazi, Badih and Harrison, Charlie and Kamath, Pritish and Kumar, Ravi and Leeman, Ethan Jacob and Manurangsi, Pasin and Sinha, Amer and Zhang, Chiyuan},
  booktitle={The 28th International Conference on Artificial Intelligence and Statistics},
  year={2024}
}

@inproceedings{CGKKMSZ24a,
  title={How Private are DP-SGD Implementations?},
  author={Chua, Lynn and Ghazi, Badih and Kamath, Pritish and Kumar, Ravi and Manurangsi, Pasin and Sinha, Amer and Zhang, Chiyuan},
  booktitle={Forty-first International Conference on Machine Learning},
  year={2024}
}

@article{CGKKMSZ24b,
  title={Scalable DP-SGD: Shuffling vs. poisson subsampling},
  author={Chua, Lynn and Ghazi, Badih and Kamath, Pritish and Kumar, Ravi and Manurangsi, Pasin and Sinha, Amer and Zhang, Chiyuan},
  journal={Advances in Neural Information Processing Systems},
  volume={37},
  pages={70026--70047},
  year={2024}
}

@article{CSOK24,
  title={Privacy amplification via compression: Achieving the optimal privacy-accuracy-communication trade-off in distributed mean estimation},
  author={Chen, Wei-Ning and Song, Dan and Ozgur, Ayfer and Kairouz, Peter},
  journal={Advances in Neural Information Processing Systems},
  volume={36},
  year={2024}
}

@article{LRKS24,
  title={Avoiding Pitfalls for Privacy Accounting of Subsampled Mechanisms under Composition},
  author={Lebeda, Christian Janos and Regehr, Matthew and Kamath, Gautam and Steinke, Thomas},
  journal={arXiv preprint arXiv:2405.20769},
  year={2024}
}

@article{SL24,
  title={Generalization in the face of adaptivity: A bayesian perspective},
  author={Shenfeld, Moshe and Ligett, Katrina},
  journal={Advances in Neural Information Processing Systems},
  volume={36},
  year={2024}
}

@article{WMWJM24,
  title={A randomized approach to tight privacy accounting},
  author={Wang, Jiachen Tianhao and Mahloujifar, Saeed and Wu, Tong and Jia, Ruoxi and Mittal, Prateek},
  journal={Advances in Neural Information Processing Systems},
  volume={36},
  year={2024}
}

@misc{AFKRT25,
      author = {Hilal Asi and Vitaly Feldman and Hannah Keller and Guy N. Rothblum and Kunal Talwar},
      title = {{PREAMBLE}: Private and Efficient Aggregation of Block Sparse Vectors and Applications},
      howpublished = {Cryptology {ePrint} Archive, Paper 2025/490},
      year = {2025},
      url = {https://eprint.iacr.org/2025/490}
}

@article{DCO25,
  title={Leveraging Randomness in Model and Data Partitioning for Privacy Amplification},
  author={Dong, Andy and Chen, Wei-Ning and Ozgur, Ayfer},
  journal={arXiv preprint arXiv:2503.03043},
  year={2025}
}

