@article{ABDCH24,
  title={To Shuffle or not to Shuffle: Auditing DP-SGD with Shuffling},
  author={Annamalai, Meenatchi Sundaram Muthu Selva and Balle, Borja and De Cristofaro, Emiliano and Hayes, Jamie},
  journal={arXiv preprint arXiv:2411.10614},
  year={2024}
}

@inproceedings{ACGMMT16,
  title={Deep learning with differential privacy},
  author={Abadi, Martin and Chu, Andy and Goodfellow, Ian and McMahan, H Brendan and Mironov, Ilya and Talwar, Kunal and Zhang, Li},
  booktitle={Proceedings of the 2016 ACM SIGSAC conference on computer and communications security},
  pages={308--318},
  year={2016}
}

@inproceedings{BBGN19,
  title={The privacy blanket of the shuffle model},
  author={Balle, Borja and Bell, James and Gasc{\'o}n, Adri{\`a} and Nissim, Kobbi},
  booktitle={Advances in Cryptology--CRYPTO 2019: 39th Annual International Cryptology Conference, Santa Barbara, CA, USA, August 18--22, 2019, Proceedings, Part II 39},
  pages={638--667},
  year={2019},
  organization={Springer}
}

@inproceedings{BEMMRLRKTS17,
  title={Prochlo: Strong privacy for analytics in the crowd},
  author={Bittau, Andrea and Erlingsson, {\'U}lfar and Maniatis, Petros and Mironov, Ilya and Raghunathan, Ananth and Lie, David and Rudominer, Mitch and Kode, Ushasree and Tinnes, Julien and Seefeld, Bernhard},
  booktitle={Proceedings of the 26th symposium on operating systems principles},
  pages={441--459},
  year={2017}
}

@article{BKMT20,
  title={Privacy amplification via random check-ins},
  author={Balle, Borja and Kairouz, Peter and McMahan, Brendan and Thakkar, Om and Guha Thakurta, Abhradeep},
  journal={Advances in Neural Information Processing Systems},
  volume={33},
  pages={4623--4634},
  year={2020}
}

@inproceedings{BST14,
  title={Private empirical risk minimization: Efficient algorithms and tight error bounds},
  author={Bassily, Raef and Smith, Adam and Thakurta, Abhradeep},
  booktitle={2014 IEEE 55th annual symposium on foundations of computer science},
  pages={464--473},
  year={2014},
  organization={IEEE}
}

@inproceedings{CGHLKKMSZ24,
  title={Balls-and-Bins Sampling for DP-SGD},
  author={Chua, Lynn and Ghazi, Badih and Harrison, Charlie and Kamath, Pritish and Kumar, Ravi and Leeman, Ethan Jacob and Manurangsi, Pasin and Sinha, Amer and Zhang, Chiyuan},
  booktitle={The 28th International Conference on Artificial Intelligence and Statistics},
  year={2024}
}

@inproceedings{CGKKMSZ24a,
  title={How Private are DP-SGD Implementations?},
  author={Chua, Lynn and Ghazi, Badih and Kamath, Pritish and Kumar, Ravi and Manurangsi, Pasin and Sinha, Amer and Zhang, Chiyuan},
  booktitle={Forty-first International Conference on Machine Learning},
  year={2024}
}

@article{CGKKMSZ24b,
  title={Scalable DP-SGD: Shuffling vs. poisson subsampling},
  author={Chua, Lynn and Ghazi, Badih and Kamath, Pritish and Kumar, Ravi and Manurangsi, Pasin and Sinha, Amer and Zhang, Chiyuan},
  journal={Advances in Neural Information Processing Systems},
  volume={37},
  pages={70026--70047},
  year={2024}
}

@inproceedings{CSUZZ19,
  title={Distributed differential privacy via shuffling},
  author={Cheu, Albert and Smith, Adam and Ullman, Jonathan and Zeber, David and Zhilyaev, Maxim},
  booktitle={Advances in Cryptology--EUROCRYPT 2019: 38th Annual International Conference on the Theory and Applications of Cryptographic Techniques, Darmstadt, Germany, May 19--23, 2019, Proceedings, Part I 38},
  pages={375--403},
  year={2019},
  organization={Springer}
}

@article{DCO25,
  title={Leveraging Randomness in Model and Data Partitioning for Privacy Amplification},
  author={Dong, Andy and Chen, Wei-Ning and Ozgur, Ayfer},
  journal={arXiv preprint arXiv:2503.03043},
  year={2025}
}

@inproceedings{EFMRTT19,
  title={Amplification by shuffling: From local to central differential privacy via anonymity},
  author={Erlingsson, {\'U}lfar and Feldman, Vitaly and Mironov, Ilya and Raghunathan, Ananth and Talwar, Kunal and Thakurta, Abhradeep},
  booktitle={Proceedings of the Thirtieth Annual ACM-SIAM Symposium on Discrete Algorithms},
  pages={2468--2479},
  year={2019},
  organization={SIAM}
}

@inproceedings{FMT21,
  title={Hiding among the clones: A simple and nearly optimal analysis of privacy amplification by shuffling},
  author={Feldman, Vitaly and McMillan, Audra and Talwar, Kunal},
  booktitle={2021 IEEE 62nd Annual Symposium on Foundations of Computer Science (FOCS)},
  pages={954--964},
  year={2021},
  organization={IEEE}
}

@inproceedings{FMT23,
  title={Stronger privacy amplification by shuffling for r{\'e}nyi and approximate differential privacy},
  author={Feldman, Vitaly and McMillan, Audra and Talwar, Kunal},
  booktitle={Proceedings of the 2023 Annual ACM-SIAM Symposium on Discrete Algorithms (SODA)},
  pages={4966--4981},
  year={2023},
  organization={SIAM}
}

@ARTICLE{GDDKS21,
  author={Girgis, Antonious M. and Data, Deepesh and Diggavi, Suhas and Kairouz, Peter and Suresh, Ananda Theertha},
  journal={IEEE Journal on Selected Areas in Information Theory}, 
  title={Shuffled Model of Federated Learning: Privacy, Accuracy and Communication Trade-Offs}, 
  year={2021},
  volume={2},
  number={1},
  pages={464-478},
  keywords={Privacy;Servers;Differential privacy;Optimization;Estimation;Data models;Collaborative work;Differential privacy;quantization;federated learning;optimization;privacy amplification;sampling;shuffling},
  doi={10.1109/JSAIT.2021.3056102}
}

@article{KHH22,
  title={Numerical Accounting in the Shuffle Model of Differential Privacy},
  author={Koskela, Antti and Heikkil{\"a}, Mikko A and Honkela, Antti},
  journal={Transactions on Machine Learning Research},
  year={2022}
}

@article{PHKXDMVCT23,
  title={How to dp-fy ml: A practical guide to machine learning with differential privacy},
  author={Ponomareva, Natalia and Hazimeh, Hussein and Kurakin, Alex and Xu, Zheng and Denison, Carson and McMahan, H Brendan and Vassilvitskii, Sergei and Chien, Steve and Thakurta, Abhradeep Guha},
  journal={Journal of Artificial Intelligence Research},
  volume={77},
  pages={1113--1201},
  year={2023}
}

@article{Steinke22,
  title={Composition of differential privacy \& privacy amplification by subsampling},
  author={Steinke, Thomas},
  journal={arXiv preprint arXiv:2210.00597},
  year={2022}
}

@article{WMWJM24,
  title={A randomized approach to tight privacy accounting},
  author={Wang, Jiachen Tianhao and Mahloujifar, Saeed and Wu, Tong and Jia, Ruoxi and Mittal, Prateek},
  journal={Advances in Neural Information Processing Systems},
  volume={36},
  year={2024}
}

