@inproceedings{DBLP:conf/acl/MagisterMAMS23,
  author       = {Lucie Charlotte Magister and
                  Jonathan Mallinson and
                  Jakub Ad{\'{a}}mek and
                  Eric Malmi and
                  Aliaksei Severyn},
  title        = {Teaching Small Language Models to Reason},
  booktitle    = {{ACL} {(2)}},
  pages        = {1773--1781},
  publisher    = {Association for Computational Linguistics},
  year         = {2023}
}

@inproceedings{DBLP:conf/emnlp/0001GHW00023,
  author       = {Jiaxin Huang and
                  Shixiang Gu and
                  Le Hou and
                  Yuexin Wu and
                  Xuezhi Wang and
                  Hongkun Yu and
                  Jiawei Han},
  title        = {Large Language Models Can Self-Improve},
  booktitle    = {{EMNLP}},
  pages        = {1051--1068},
  publisher    = {Association for Computational Linguistics},
  year         = {2023}
}

@inproceedings{DBLP:conf/emnlp/ShumDZ23,
  author       = {Kashun Shum and
                  Shizhe Diao and
                  Tong Zhang},
  title        = {Automatic Prompt Augmentation and Selection with Chain-of-Thought
                  from Labeled Data},
  booktitle    = {{EMNLP} (Findings)},
  pages        = {12113--12139},
  publisher    = {Association for Computational Linguistics},
  year         = {2023}
}

@inproceedings{DBLP:conf/iclr/FuPSCK23,
  author       = {Yao Fu and
                  Hao Peng and
                  Ashish Sabharwal and
                  Peter Clark and
                  Tushar Khot},
  title        = {Complexity-Based Prompting for Multi-step Reasoning},
  booktitle    = {{ICLR}},
  publisher    = {OpenReview.net},
  year         = {2023}
}

@inproceedings{DBLP:conf/iclr/LightmanKBEBLLS24,
  author       = {Hunter Lightman and
                  Vineet Kosaraju and
                  Yuri Burda and
                  Harrison Edwards and
                  Bowen Baker and
                  Teddy Lee and
                  Jan Leike and
                  John Schulman and
                  Ilya Sutskever and
                  Karl Cobbe},
  title        = {Let's Verify Step by Step},
  booktitle    = {{ICLR}},
  publisher    = {OpenReview.net},
  year         = {2024}
}

@inproceedings{DBLP:conf/iclr/Lu0CWZRCK23,
  author       = {Pan Lu and
                  Liang Qiu and
                  Kai{-}Wei Chang and
                  Ying Nian Wu and
                  Song{-}Chun Zhu and
                  Tanmay Rajpurohit and
                  Peter Clark and
                  Ashwin Kalyan},
  title        = {Dynamic Prompt Learning via Policy Gradient for Semi-structured Mathematical
                  Reasoning},
  booktitle    = {{ICLR}},
  publisher    = {OpenReview.net},
  year         = {2023}
}

@inproceedings{DBLP:conf/nips/KojimaGRMI22,
  author       = {Takeshi Kojima and
                  Shixiang Shane Gu and
                  Machel Reid and
                  Yutaka Matsuo and
                  Yusuke Iwasawa},
  title        = {Large Language Models are Zero-Shot Reasoners},
  booktitle    = {NeurIPS},
  year         = {2022}
}

@inproceedings{DBLP:conf/nips/LiHQYLLWQGHZ0LC23,
  author       = {Jinyang Li and
                  Binyuan Hui and
                  Ge Qu and
                  Jiaxi Yang and
                  Binhua Li and
                  Bowen Li and
                  Bailin Wang and
                  Bowen Qin and
                  Ruiying Geng and
                  Nan Huo and
                  Xuanhe Zhou and
                  Chenhao Ma and
                  Guoliang Li and
                  Kevin Chen{-}Chuan Chang and
                  Fei Huang and
                  Reynold Cheng and
                  Yongbin Li},
  title        = {Can {LLM} Already Serve as {A} Database Interface? {A} BIg Bench for
                  Large-Scale Database Grounded Text-to-SQLs},
  booktitle    = {NeurIPS},
  year         = {2023}
}

@inproceedings{DBLP:conf/nips/Wei0SBIXCLZ22,
  author       = {Jason Wei and
                  Xuezhi Wang and
                  Dale Schuurmans and
                  Maarten Bosma and
                  Brian Ichter and
                  Fei Xia and
                  Ed H. Chi and
                  Quoc V. Le and
                  Denny Zhou},
  title        = {Chain-of-Thought Prompting Elicits Reasoning in Large Language Models},
  booktitle    = {NeurIPS},
  year         = {2022}
}

@inproceedings{DBLP:conf/nips/ZelikmanWMG22,
  author       = {Eric Zelikman and
                  Yuhuai Wu and
                  Jesse Mu and
                  Noah D. Goodman},
  title        = {STaR: Bootstrapping Reasoning With Reasoning},
  booktitle    = {NeurIPS},
  year         = {2022}
}

@article{DBLP:journals/corr/abs-2302-04813,
  author       = {Xi Ye and
                  Greg Durrett},
  title        = {Explanation Selection Using Unlabeled Data for In-Context Learning},
  journal      = {CoRR},
  volume       = {abs/2302.04813},
  year         = {2023}
}

@article{DBLP:journals/corr/abs-2312-11242,
  author       = {Bing Wang and
                  Changyu Ren and
                  Jian Yang and
                  Xinnian Liang and
                  Jiaqi Bai and
                  Qian{-}Wen Zhang and
                  Zhao Yan and
                  Zhoujun Li},
  title        = {{MAC-SQL:} {A} Multi-Agent Collaborative Framework for Text-to-SQL},
  journal      = {CoRR},
  volume       = {abs/2312.11242},
  year         = {2023}
}

@article{DBLP:journals/corr/abs-2405-07467,
  author       = {Dongjun Lee and
                  Choongwon Park and
                  Jaehyuk Kim and
                  Heesoo Park},
  title        = {{MCS-SQL:} Leveraging Multiple Prompts and Multiple-Choice Selection
                  For Text-to-SQL Generation},
  journal      = {CoRR},
  volume       = {abs/2405.07467},
  year         = {2024}
}

@article{DBLP:journals/corr/abs-2405-16755,
  author       = {Shayan Talaei and
                  Mohammadreza Pourreza and
                  Yu{-}Chen Chang and
                  Azalia Mirhoseini and
                  Amin Saberi},
  title        = {{CHESS:} Contextual Harnessing for Efficient {SQL} Synthesis},
  journal      = {CoRR},
  volume       = {abs/2405.16755},
  year         = {2024}
}

@article{DBLP:journals/corr/abs-2408-07702,
  author       = {Karime Maamari and
                  Fadhil Abubaker and
                  Daniel Jaroslawicz and
                  Amine Mhedhbi},
  title        = {The Death of Schema Linking? Text-to-SQL in the Age of Well-Reasoned
                  Language Models},
  journal      = {CoRR},
  volume       = {abs/2408.07702},
  year         = {2024}
}

@article{DBLP:journals/corr/abs-2410-01943,
  author       = {Mohammadreza Pourreza and
                  Hailong Li and
                  Ruoxi Sun and
                  Yeounoh Chung and
                  Shayan Talaei and
                  Gaurav Tarlok Kakkar and
                  Yu Gan and
                  Amin Saberi and
                  Fatma Ozcan and
                  Sercan {\"{O}}. Arik},
  title        = {{CHASE-SQL:} Multi-Path Reasoning and Preference Optimized Candidate
                  Selection in Text-to-SQL},
  journal      = {CoRR},
  volume       = {abs/2410.01943},
  year         = {2024}
}

@article{DBLP:journals/corr/abs-2411-08599,
  author       = {Yingqi Gao and
                  Yifu Liu and
                  Xiaoxia Li and
                  Xiaorong Shi and
                  Yin Zhu and
                  Yiming Wang and
                  Shiqi Li and
                  Wei Li and
                  Yuntao Hong and
                  Zhiling Luo and
                  Jinyang Gao and
                  Liyu Mou and
                  Yu Li},
  title        = {XiYan-SQL: {A} Multi-Generator Ensemble Framework for Text-to-SQL},
  journal      = {CoRR},
  volume       = {abs/2411.08599},
  year         = {2024}
}

@article{DBLP:journals/tmlr/ChenM0C23,
  author       = {Wenhu Chen and
                  Xueguang Ma and
                  Xinyi Wang and
                  William W. Cohen},
  title        = {Program of Thoughts Prompting: Disentangling Computation from Reasoning
                  for Numerical Reasoning Tasks},
  journal      = {Trans. Mach. Learn. Res.},
  volume       = {2023},
  year         = {2023}
}

