@article{DBLP:journals/corr/abs-2411-08599,
  author       = {Yingqi Gao and
                  Yifu Liu and
                  Xiaoxia Li and
                  Xiaorong Shi and
                  Yin Zhu and
                  Yiming Wang and
                  Shiqi Li and
                  Wei Li and
                  Yuntao Hong and
                  Zhiling Luo and
                  Jinyang Gao and
                  Liyu Mou and
                  Yu Li},
  title        = {XiYan-SQL: {A} Multi-Generator Ensemble Framework for Text-to-SQL},
  journal      = {CoRR},
  volume       = {abs/2411.08599},
  year         = {2024}
}

@inproceedings{DBLP:conf/nips/LiHQYLLWQGHZ0LC23,
  author       = {Jinyang Li and
                  Binyuan Hui and
                  Ge Qu and
                  Jiaxi Yang and
                  Binhua Li and
                  Bowen Li and
                  Bailin Wang and
                  Bowen Qin and
                  Ruiying Geng and
                  Nan Huo and
                  Xuanhe Zhou and
                  Chenhao Ma and
                  Guoliang Li and
                  Kevin Chen{-}Chuan Chang and
                  Fei Huang and
                  Reynold Cheng and
                  Yongbin Li},
  title        = {Can {LLM} Already Serve as {A} Database Interface? {A} BIg Bench for
                  Large-Scale Database Grounded Text-to-SQLs},
  booktitle    = {NeurIPS},
  year         = {2023}
}

@article{DBLP:journals/corr/abs-2410-01943,
  author       = {Mohammadreza Pourreza and
                  Hailong Li and
                  Ruoxi Sun and
                  Yeounoh Chung and
                  Shayan Talaei and
                  Gaurav Tarlok Kakkar and
                  Yu Gan and
                  Amin Saberi and
                  Fatma Ozcan and
                  Sercan {\"{O}}. Arik},
  title        = {{CHASE-SQL:} Multi-Path Reasoning and Preference Optimized Candidate
                  Selection in Text-to-SQL},
  journal      = {CoRR},
  volume       = {abs/2410.01943},
  year         = {2024}
}

@article{DBLP:journals/corr/abs-2408-07702,
  author       = {Karime Maamari and
                  Fadhil Abubaker and
                  Daniel Jaroslawicz and
                  Amine Mhedhbi},
  title        = {The Death of Schema Linking? Text-to-SQL in the Age of Well-Reasoned
                  Language Models},
  journal      = {CoRR},
  volume       = {abs/2408.07702},
  year         = {2024}
}

@article{DBLP:journals/corr/abs-2405-16755,
  author       = {Shayan Talaei and
                  Mohammadreza Pourreza and
                  Yu{-}Chen Chang and
                  Azalia Mirhoseini and
                  Amin Saberi},
  title        = {{CHESS:} Contextual Harnessing for Efficient {SQL} Synthesis},
  journal      = {CoRR},
  volume       = {abs/2405.16755},
  year         = {2024}
}

@article{DBLP:journals/corr/abs-2405-07467,
  author       = {Dongjun Lee and
                  Choongwon Park and
                  Jaehyuk Kim and
                  Heesoo Park},
  title        = {{MCS-SQL:} Leveraging Multiple Prompts and Multiple-Choice Selection
                  For Text-to-SQL Generation},
  journal      = {CoRR},
  volume       = {abs/2405.07467},
  year         = {2024}
}

@article{DBLP:journals/corr/abs-2312-11242,
  author       = {Bing Wang and
                  Changyu Ren and
                  Jian Yang and
                  Xinnian Liang and
                  Jiaqi Bai and
                  Qian{-}Wen Zhang and
                  Zhao Yan and
                  Zhoujun Li},
  title        = {{MAC-SQL:} {A} Multi-Agent Collaborative Framework for Text-to-SQL},
  journal      = {CoRR},
  volume       = {abs/2312.11242},
  year         = {2023}
}

@inproceedings{DBLP:conf/nips/Wei0SBIXCLZ22,
  author       = {Jason Wei and
                  Xuezhi Wang and
                  Dale Schuurmans and
                  Maarten Bosma and
                  Brian Ichter and
                  Fei Xia and
                  Ed H. Chi and
                  Quoc V. Le and
                  Denny Zhou},
  title        = {Chain-of-Thought Prompting Elicits Reasoning in Large Language Models},
  booktitle    = {NeurIPS},
  year         = {2022}
}

@inproceedings{DBLP:conf/nips/ZelikmanWMG22,
  author       = {Eric Zelikman and
                  Yuhuai Wu and
                  Jesse Mu and
                  Noah D. Goodman},
  title        = {STaR: Bootstrapping Reasoning With Reasoning},
  booktitle    = {NeurIPS},
  year         = {2022}
}

@inproceedings{DBLP:conf/nips/KojimaGRMI22,
  author       = {Takeshi Kojima and
                  Shixiang Shane Gu and
                  Machel Reid and
                  Yutaka Matsuo and
                  Yusuke Iwasawa},
  title        = {Large Language Models are Zero-Shot Reasoners},
  booktitle    = {NeurIPS},
  year         = {2022}
}

@inproceedings{DBLP:conf/emnlp/WengZX0HLSLZ23,
  author       = {Yixuan Weng and
                  Minjun Zhu and
                  Fei Xia and
                  Bin Li and
                  Shizhu He and
                  Shengping Liu and
                  Bin Sun and
                  Kang Liu and
                  Jun Zhao},
  title        = {Large Language Models are Better Reasoners with Self-Verification},
  booktitle    = {{EMNLP} (Findings)},
  pages        = {2550--2575},
  publisher    = {Association for Computational Linguistics},
  year         = {2023}
}

@article{DBLP:journals/corr/abs-2410-05229,
  author       = {Seyed{-}Iman Mirzadeh and
                  Keivan Alizadeh and
                  Hooman Shahrokhi and
                  Oncel Tuzel and
                  Samy Bengio and
                  Mehrdad Farajtabar},
  title        = {GSM-Symbolic: Understanding the Limitations of Mathematical Reasoning
                  in Large Language Models},
  journal      = {CoRR},
  volume       = {abs/2410.05229},
  year         = {2024}
}

@inproceedings{DBLP:conf/iclr/LightmanKBEBLLS24,
  author       = {Hunter Lightman and
                  Vineet Kosaraju and
                  Yuri Burda and
                  Harrison Edwards and
                  Bowen Baker and
                  Teddy Lee and
                  Jan Leike and
                  John Schulman and
                  Ilya Sutskever and
                  Karl Cobbe},
  title        = {Let's Verify Step by Step},
  booktitle    = {{ICLR}},
  publisher    = {OpenReview.net},
  year         = {2024}
}

@article{DBLP:journals/corr/abs-2407-03181,
  author       = {Haritz Puerto and
                  Tilek Chubakov and
                  Xiaodan Zhu and
                  Harish Tayyar Madabushi and
                  Iryna Gurevych},
  title        = {Fine-Tuning with Divergent Chains of Thought Boosts Reasoning Through
                  Self-Correction in Language Models},
  journal      = {CoRR},
  volume       = {abs/2407.03181},
  year         = {2024}
}

@article{DBLP:journals/ker/CopestakeJ90,
  author       = {Ann A. Copestake and
                  Karen Sparck Jones},
  title        = {Natural language interfaces to databases},
  journal      = {Knowl. Eng. Rev.},
  volume       = {5},
  number       = {4},
  pages        = {225--249},
  year         = {1990}
}

@article{DBLP:journals/tods/HendrixSSS78,
  author       = {Gary G. Hendrix and
                  Earl D. Sacerdoti and
                  Daniel Sagalowicz and
                  Jonathan Slocum},
  title        = {Developing a Natural Language Interface to Complex Data},
  journal      = {{ACM} Trans. Database Syst.},
  volume       = {3},
  number       = {2},
  pages        = {105--147},
  year         = {1978}
}

@article{DBLP:journals/corr/abs-2411-07763,
  author       = {Fangyu Lei and
                  Jixuan Chen and
                  Yuxiao Ye and
                  Ruisheng Cao and
                  Dongchan Shin and
                  Hongjin Su and
                  Zhaoqing Suo and
                  Hongcheng Gao and
                  Wenjing Hu and
                  Pengcheng Yin and
                  Victor Zhong and
                  Caiming Xiong and
                  Ruoxi Sun and
                  Qian Liu and
                  Sida I. Wang and
                  Tao Yu},
  title        = {Spider 2.0: Evaluating Language Models on Real-World Enterprise Text-to-SQL
                  Workflows},
  journal      = {CoRR},
  volume       = {abs/2411.07763},
  year         = {2024}
}

@inproceedings{DBLP:conf/emnlp/PourrezaR23,
  author       = {Mohammadreza Pourreza and
                  Davood Rafiei},
  title        = {Evaluating Cross-Domain Text-to-SQL Models and Benchmarks},
  booktitle    = {{EMNLP}},
  pages        = {1601--1611},
  publisher    = {Association for Computational Linguistics},
  year         = {2023}
}

@article{DBLP:journals/pvldb/GaoWLSQDZ24,
  author       = {Dawei Gao and
                  Haibin Wang and
                  Yaliang Li and
                  Xiuyu Sun and
                  Yichen Qian and
                  Bolin Ding and
                  Jingren Zhou},
  title        = {Text-to-SQL Empowered by Large Language Models: {A} Benchmark Evaluation},
  journal      = {Proc. {VLDB} Endow.},
  volume       = {17},
  number       = {5},
  pages        = {1132--1145},
  year         = {2024}
}

@inproceedings{DBLP:conf/coling/WangR0LBCYZYSL25,
  author       = {Bing Wang and
                  Changyu Ren and
                  Jian Yang and
                  Xinnian Liang and
                  Jiaqi Bai and
                  Linzheng Chai and
                  Zhao Yan and
                  Qian{-}Wen Zhang and
                  Di Yin and
                  Xing Sun and
                  Zhoujun Li},
  title        = {{MAC-SQL:} {A} Multi-Agent Collaborative Framework for Text-to-SQL},
  booktitle    = {{COLING}},
  pages        = {540--557},
  publisher    = {Association for Computational Linguistics},
  year         = {2025}
}

@article{DBLP:journals/corr/abs-2307-07306,
  author       = {Xuemei Dong and
                  Chao Zhang and
                  Yuhang Ge and
                  Yuren Mao and
                  Yunjun Gao and
                  Lu Chen and
                  Jinshu Lin and
                  Dongfang Lou},
  title        = {{C3:} Zero-shot Text-to-SQL with ChatGPT},
  journal      = {CoRR},
  volume       = {abs/2307.07306},
  year         = {2023}
}

@misc{deepseekai2025deepseekr1incentivizingreasoningcapability,
      title={DeepSeek-R1: Incentivizing Reasoning Capability in LLMs via Reinforcement Learning}, 
      author={DeepSeek-AI and Daya Guo and Dejian Yang and Haowei Zhang and Junxiao Song and Ruoyu Zhang and Runxin Xu and Qihao Zhu and Shirong Ma and Peiyi Wang and Xiao Bi and Xiaokang Zhang and Xingkai Yu and Yu Wu and Z. F. Wu and Zhibin Gou and Zhihong Shao and Zhuoshu Li and Ziyi Gao and Aixin Liu and Bing Xue and Bingxuan Wang and Bochao Wu and Bei Feng and Chengda Lu and Chenggang Zhao and Chengqi Deng and Chenyu Zhang and Chong Ruan and Damai Dai and Deli Chen and Dongjie Ji and Erhang Li and Fangyun Lin and Fucong Dai and Fuli Luo and Guangbo Hao and Guanting Chen and Guowei Li and H. Zhang and Han Bao and Hanwei Xu and Haocheng Wang and Honghui Ding and Huajian Xin and Huazuo Gao and Hui Qu and Hui Li and Jianzhong Guo and Jiashi Li and Jiawei Wang and Jingchang Chen and Jingyang Yuan and Junjie Qiu and Junlong Li and J. L. Cai and Jiaqi Ni and Jian Liang and Jin Chen and Kai Dong and Kai Hu and Kaige Gao and Kang Guan and Kexin Huang and Kuai Yu and Lean Wang and Lecong Zhang and Liang Zhao and Litong Wang and Liyue Zhang and Lei Xu and Leyi Xia and Mingchuan Zhang and Minghua Zhang and Minghui Tang and Meng Li and Miaojun Wang and Mingming Li and Ning Tian and Panpan Huang and Peng Zhang and Qiancheng Wang and Qinyu Chen and Qiushi Du and Ruiqi Ge and Ruisong Zhang and Ruizhe Pan and Runji Wang and R. J. Chen and R. L. Jin and Ruyi Chen and Shanghao Lu and Shangyan Zhou and Shanhuang Chen and Shengfeng Ye and Shiyu Wang and Shuiping Yu and Shunfeng Zhou and Shuting Pan and S. S. Li and Shuang Zhou and Shaoqing Wu and Shengfeng Ye and Tao Yun and Tian Pei and Tianyu Sun and T. Wang and Wangding Zeng and Wanjia Zhao and Wen Liu and Wenfeng Liang and Wenjun Gao and Wenqin Yu and Wentao Zhang and W. L. Xiao and Wei An and Xiaodong Liu and Xiaohan Wang and Xiaokang Chen and Xiaotao Nie and Xin Cheng and Xin Liu and Xin Xie and Xingchao Liu and Xinyu Yang and Xinyuan Li and Xuecheng Su and Xuheng Lin and X. Q. Li and Xiangyue Jin and Xiaojin Shen and Xiaosha Chen and Xiaowen Sun and Xiaoxiang Wang and Xinnan Song and Xinyi Zhou and Xianzu Wang and Xinxia Shan and Y. K. Li and Y. Q. Wang and Y. X. Wei and Yang Zhang and Yanhong Xu and Yao Li and Yao Zhao and Yaofeng Sun and Yaohui Wang and Yi Yu and Yichao Zhang and Yifan Shi and Yiliang Xiong and Ying He and Yishi Piao and Yisong Wang and Yixuan Tan and Yiyang Ma and Yiyuan Liu and Yongqiang Guo and Yuan Ou and Yuduan Wang and Yue Gong and Yuheng Zou and Yujia He and Yunfan Xiong and Yuxiang Luo and Yuxiang You and Yuxuan Liu and Yuyang Zhou and Y. X. Zhu and Yanhong Xu and Yanping Huang and Yaohui Li and Yi Zheng and Yuchen Zhu and Yunxian Ma and Ying Tang and Yukun Zha and Yuting Yan and Z. Z. Ren and Zehui Ren and Zhangli Sha and Zhe Fu and Zhean Xu and Zhenda Xie and Zhengyan Zhang and Zhewen Hao and Zhicheng Ma and Zhigang Yan and Zhiyu Wu and Zihui Gu and Zijia Zhu and Zijun Liu and Zilin Li and Ziwei Xie and Ziyang Song and Zizheng Pan and Zhen Huang and Zhipeng Xu and Zhongyu Zhang and Zhen Zhang},
      year={2025},
      eprint={2501.12948},
      archivePrefix={arXiv},
      primaryClass={cs.CL} 
}

@inproceedings{DBLP:conf/acl/LiHLJSL024,
  author       = {Xiang Li and
                  Shizhu He and
                  Fangyu Lei and
                  JunYang JunYang and
                  Tianhuang Su and
                  Kang Liu and
                  Jun Zhao},
  title        = {Teaching Small Language Models to Reason for Knowledge-Intensive Multi-Hop
                  Question Answering},
  booktitle    = {{ACL} (Findings)},
  pages        = {7804--7816},
  publisher    = {Association for Computational Linguistics},
  year         = {2024}
}

@article{DBLP:journals/corr/abs-2407-21783,
  author       = {Abhimanyu Dubey and
                  Abhinav Jauhri and
                  Abhinav Pandey and
                  Abhishek Kadian and
                  Ahmad Al{-}Dahle and
                  Aiesha Letman and
                  Akhil Mathur and
                  Alan Schelten and
                  Amy Yang and
                  Angela Fan and
                  Anirudh Goyal and
                  Anthony Hartshorn and
                  Aobo Yang and
                  Archi Mitra and
                  Archie Sravankumar and
                  Artem Korenev and
                  Arthur Hinsvark and
                  Arun Rao and
                  Aston Zhang and
                  Aur{\'{e}}lien Rodriguez and
                  Austen Gregerson and
                  Ava Spataru and
                  Baptiste Rozi{\`{e}}re and
                  Bethany Biron and
                  Binh Tang and
                  Bobbie Chern and
                  Charlotte Caucheteux and
                  Chaya Nayak and
                  Chloe Bi and
                  Chris Marra and
                  Chris McConnell and
                  Christian Keller and
                  Christophe Touret and
                  Chunyang Wu and
                  Corinne Wong and
                  Cristian Canton Ferrer and
                  Cyrus Nikolaidis and
                  Damien Allonsius and
                  Daniel Song and
                  Danielle Pintz and
                  Danny Livshits and
                  David Esiobu and
                  Dhruv Choudhary and
                  Dhruv Mahajan and
                  Diego Garcia{-}Olano and
                  Diego Perino and
                  Dieuwke Hupkes and
                  Egor Lakomkin and
                  Ehab AlBadawy and
                  Elina Lobanova and
                  Emily Dinan and
                  Eric Michael Smith and
                  Filip Radenovic and
                  Frank Zhang and
                  Gabriel Synnaeve and
                  Gabrielle Lee and
                  Georgia Lewis Anderson and
                  Graeme Nail and
                  Gr{\'{e}}goire Mialon and
                  Guan Pang and
                  Guillem Cucurell and
                  Hailey Nguyen and
                  Hannah Korevaar and
                  Hu Xu and
                  Hugo Touvron and
                  Iliyan Zarov and
                  Imanol Arrieta Ibarra and
                  Isabel M. Kloumann and
                  Ishan Misra and
                  Ivan Evtimov and
                  Jade Copet and
                  Jaewon Lee and
                  Jan Geffert and
                  Jana Vranes and
                  Jason Park and
                  Jay Mahadeokar and
                  Jeet Shah and
                  Jelmer van der Linde and
                  Jennifer Billock and
                  Jenny Hong and
                  Jenya Lee and
                  Jeremy Fu and
                  Jianfeng Chi and
                  Jianyu Huang and
                  Jiawen Liu and
                  Jie Wang and
                  Jiecao Yu and
                  Joanna Bitton and
                  Joe Spisak and
                  Jongsoo Park and
                  Joseph Rocca and
                  Joshua Johnstun and
                  Joshua Saxe and
                  Junteng Jia and
                  Kalyan Vasuden Alwala and
                  Kartikeya Upasani and
                  Kate Plawiak and
                  Ke Li and
                  Kenneth Heafield and
                  Kevin Stone and
                  et al.},
  title        = {The Llama 3 Herd of Models},
  journal      = {CoRR},
  volume       = {abs/2407.21783},
  year         = {2024}
}

@article{DBLP:journals/tmlr/ChenM0C23,
  author       = {Wenhu Chen and
                  Xueguang Ma and
                  Xinyi Wang and
                  William W. Cohen},
  title        = {Program of Thoughts Prompting: Disentangling Computation from Reasoning
                  for Numerical Reasoning Tasks},
  journal      = {Trans. Mach. Learn. Res.},
  volume       = {2023},
  year         = {2023}
}

@inproceedings{DBLP:conf/iclr/FuPSCK23,
  author       = {Yao Fu and
                  Hao Peng and
                  Ashish Sabharwal and
                  Peter Clark and
                  Tushar Khot},
  title        = {Complexity-Based Prompting for Multi-step Reasoning},
  booktitle    = {{ICLR}},
  publisher    = {OpenReview.net},
  year         = {2023}
}

@inproceedings{DBLP:conf/emnlp/ShumDZ23,
  author       = {Kashun Shum and
                  Shizhe Diao and
                  Tong Zhang},
  title        = {Automatic Prompt Augmentation and Selection with Chain-of-Thought
                  from Labeled Data},
  booktitle    = {{EMNLP} (Findings)},
  pages        = {12113--12139},
  publisher    = {Association for Computational Linguistics},
  year         = {2023}
}

@inproceedings{DBLP:conf/iclr/Lu0CWZRCK23,
  author       = {Pan Lu and
                  Liang Qiu and
                  Kai{-}Wei Chang and
                  Ying Nian Wu and
                  Song{-}Chun Zhu and
                  Tanmay Rajpurohit and
                  Peter Clark and
                  Ashwin Kalyan},
  title        = {Dynamic Prompt Learning via Policy Gradient for Semi-structured Mathematical
                  Reasoning},
  booktitle    = {{ICLR}},
  publisher    = {OpenReview.net},
  year         = {2023}
}

@article{DBLP:journals/corr/abs-2302-04813,
  author       = {Xi Ye and
                  Greg Durrett},
  title        = {Explanation Selection Using Unlabeled Data for In-Context Learning},
  journal      = {CoRR},
  volume       = {abs/2302.04813},
  year         = {2023}
}

@inproceedings{DBLP:conf/emnlp/0001GHW00023,
  author       = {Jiaxin Huang and
                  Shixiang Gu and
                  Le Hou and
                  Yuexin Wu and
                  Xuezhi Wang and
                  Hongkun Yu and
                  Jiawei Han},
  title        = {Large Language Models Can Self-Improve},
  booktitle    = {{EMNLP}},
  pages        = {1051--1068},
  publisher    = {Association for Computational Linguistics},
  year         = {2023}
}

@inproceedings{DBLP:conf/acl/MagisterMAMS23,
  author       = {Lucie Charlotte Magister and
                  Jonathan Mallinson and
                  Jakub Ad{\'{a}}mek and
                  Eric Malmi and
                  Aliaksei Severyn},
  title        = {Teaching Small Language Models to Reason},
  booktitle    = {{ACL} {(2)}},
  pages        = {1773--1781},
  publisher    = {Association for Computational Linguistics},
  year         = {2023}
}

@article{DBLP:journals/corr/abs-2501-17174,
  author       = {Michael R. Glass and
                  Mustafa Eyceoz and
                  Dharmashankar Subramanian and
                  Gaetano Rossiello and
                  Long Vu and
                  Alfio Gliozzo},
  title        = {Extractive Schema Linking for Text-to-SQL},
  journal      = {CoRR},
  volume       = {abs/2501.17174},
  year         = {2025}
}