@article{BG_Fairness,
  title={Towards fairness-aware federated learning},
  author={Shi, Yuxin and Yu, Han and Leung, Cyril},
  journal={IEEE Transactions on Neural Networks and Learning Systems},
  year={2023},
  publisher={IEEE}
}

@article{BG_FairnessPrivacy,
  title={Privacy and fairness in Federated learning: on the perspective of Tradeoff},
  author={Chen, Huiqiang and Zhu, Tianqing and Zhang, Tao and Zhou, Wanlei and Yu, Philip S},
  journal={ACM Computing Surveys},
  volume={56},
  number={2},
  pages={1--37},
  year={2023},
  publisher={ACM New York, NY}
}

@inproceedings{BG_Fairness_2,
  title={Fairfed: Enabling group fairness in federated learning},
  author={Ezzeldin, Yahya H and Yan, Shen and He, Chaoyang and Ferrara, Emilio and Avestimehr, A Salman},
  booktitle={Proceedings of the AAAI conference on artificial intelligence},
  volume={37},
  number={6},
  pages={7494--7502},
  year={2023}
}

@article{BG_HorizontalFL,
  title={Federated machine learning: Concept and applications},
  author={Yang, Qiang and Liu, Yang and Chen, Tianjian and Tong, Yongxin},
  journal={ACM Transactions on Intelligent Systems and Technology (TIST)},
  volume={10},
  number={2},
  pages={1--19},
  year={2019},
  publisher={ACM New York, NY, USA}
}

@article{BG_MIA,
  title={Membership inference attacks on machine learning: A survey},
  author={Hu, Hongsheng and Salcic, Zoran and Sun, Lichao and Dobbie, Gillian and Yu, Philip S and Zhang, Xuyun},
  journal={ACM Computing Surveys (CSUR)},
  volume={54},
  number={11s},
  pages={1--37},
  year={2022},
  publisher={ACM New York, NY}
}

@article{BG_MIA_1,
  title={CS-MIA: Membership inference attack based on prediction confidence series in federated learning},
  author={Gu, Yuhao and Bai, Yuebin and Xu, Shubin},
  journal={Journal of Information Security and Applications},
  volume={67},
  pages={103201},
  year={2022},
  publisher={Elsevier}
}

@article{BG_MIA_2,
  title={Evaluating Membership Inference Attacks and Defenses in Federated Learning},
  author={Zhu, Gongxi and Li, Donghao and Gu, Hanlin and Han, Yuxing and Yao, Yuan and Fan, Lixin and Yang, Qiang},
  journal={arXiv preprint arXiv:2402.06289},
  year={2024}
}

@article{BG_NON_IID,
  title={Federated learning on non-IID data: A survey},
  author={Zhu, Hangyu and Xu, Jinjin and Liu, Shiqing and Jin, Yaochu},
  journal={Neurocomputing},
  volume={465},
  pages={371--390},
  year={2021},
  publisher={Elsevier}
}

@article{BG_Personalization,
  title={Towards personalized federated learning},
  author={Tan, Alysa Ziying and Yu, Han and Cui, Lizhen and Yang, Qiang},
  journal={IEEE transactions on neural networks and learning systems},
  volume={34},
  number={12},
  pages={9587--9603},
  year={2022},
  publisher={IEEE}
}

@article{BG_Personalization_2,
  title={pfl-bench: A comprehensive benchmark for personalized federated learning},
  author={Chen, Daoyuan and Gao, Dawei and Kuang, Weirui and Li, Yaliang and Ding, Bolin},
  journal={Advances in Neural Information Processing Systems},
  volume={35},
  pages={9344--9360},
  year={2022}
}

@inproceedings{BG_SIA_2,
  title={Source inference attacks in federated learning},
  author={Hu, Hongsheng and Salcic, Zoran and Sun, Lichao and Dobbie, Gillian and Zhang, Xuyun},
  booktitle={2021 IEEE International Conference on Data Mining (ICDM)},
  pages={1102--1107},
  year={2021},
  organization={IEEE}
}

@article{BG_Survey1,
  title={A survey on federated learning},
  author={Zhang, Chen and Xie, Yu and Bai, Hang and Yu, Bin and Li, Weihong and Gao, Yuan},
  journal={Knowledge-Based Systems},
  volume={216},
  pages={106775},
  year={2021},
  publisher={Elsevier}
}

@article{BG_Survey2,
  title={Federated learning for smart healthcare: A survey},
  author={Nguyen, Dinh C and Pham, Quoc-Viet and Pathirana, Pubudu N and Ding, Ming and Seneviratne, Aruna and Lin, Zihuai and Dobre, Octavia and Hwang, Won-Joo},
  journal={ACM Computing Surveys (Csur)},
  volume={55},
  number={3},
  pages={1--37},
  year={2022},
  publisher={ACM New York, NY}
}

@inproceedings{abadi2016deep,
  title={Deep learning with differential privacy},
  author={Abadi, Martin and Chu, Andy and Goodfellow, Ian and McMahan, H Brendan and Mironov, Ilya and Talwar, Kunal and Zhang, Li},
  booktitle={Proceedings of the 2016 ACM SIGSAC conference on computer and communications security},
  pages={308--318},
  year={2016}
}

@inproceedings{cummings2019compatibility,
  title={On the compatibility of privacy and fairness},
  author={Cummings, Rachel and Gupta, Varun and Kimpara, Dhamma and Morgenstern, Jamie},
  booktitle={Adjunct Publication of the 27th Conference on User Modeling, Adaptation and Personalization},
  pages={309--315},
  year={2019}
}

@article{fox2021exploring,
  title={Exploring the competing influences of privacy concerns and positive beliefs on citizen acceptance of contact tracing mobile applications},
  author={Fox, Grace and Clohessy, Trevor and van der Werff, Lisa and Rosati, Pierangelo and Lynn, Theo},
  journal={Computers in Human Behavior},
  volume={121},
  pages={106806},
  year={2021},
  publisher={Elsevier}
}

@article{goldfarb2012shifts,
  title={Shifts in privacy concerns},
  author={Goldfarb, Avi and Tucker, Catherine},
  journal={American Economic Review},
  volume={102},
  number={3},
  pages={349--53},
  year={2012}
}

@article{hamon2022bridging,
  title={Bridging the gap between AI and explainability in the GDPR: towards trustworthiness-by-design in automated decision-making},
  author={Hamon, Ronan and Junklewitz, Henrik and Sanchez, Ignacio and Malgieri, Gianclaudio and De Hert, Paul},
  journal={IEEE Computational Intelligence Magazine},
  volume={17},
  number={1},
  pages={72--85},
  year={2022},
  publisher={IEEE}
}

@article{jagielski2020auditing,
  title={Auditing differentially private machine learning: How private is private SGD?},
  author={Jagielski, Matthew and Ullman, Jonathan and Oprea, Alina},
  journal={Advances in Neural Information Processing Systems},
  volume={33},
  pages={22205--22216},
  year={2020}
}

@inproceedings{jin2016enabling,
  title={Enabling privacy-preserving incentives for mobile crowd sensing systems},
  author={Jin, Haiming and Su, Lu and Ding, Bolin and Nahrstedt, Klara and Borisov, Nikita},
  booktitle={2016 IEEE 36th International Conference on Distributed Computing Systems (ICDCS)},
  pages={344--353},
  year={2016},
  organization={IEEE}
}

@article{mulligan2016privacy,
  title={Privacy is an essentially contested concept: a multi-dimensional analytic for mapping privacy},
  author={Mulligan, Deirdre K and Koopman, Colin and Doty, Nick},
  journal={Philosophical Transactions of the Royal Society A: Mathematical, Physical and Engineering Sciences},
  volume={374},
  number={2083},
  pages={20160118},
  year={2016},
  publisher={The Royal Society}
}

@inproceedings{raji2020saving,
  title={Saving face: Investigating the ethical concerns of facial recognition auditing},
  author={Raji, Inioluwa Deborah and Gebru, Timnit and Mitchell, Margaret and Buolamwini, Joy and Lee, Joonseok and Denton, Emily},
  booktitle={Proceedings of the AAAI/ACM Conference on AI, Ethics, and Society},
  pages={145--151},
  year={2020}
}

@inproceedings{selialia2024mitigating,
  title={Mitigating Group Bias in Federated Learning for Heterogeneous Devices},
  author={Selialia, Khotso and Chandio, Yasra and Anwar, Fatima M},
  booktitle={The 2024 ACM Conference on Fairness, Accountability, and Transparency},
  pages={1043--1054},
  year={2024}
}

@inproceedings{shokri2017membership,
  title={Membership inference attacks against machine learning models},
  author={Shokri, Reza and Stronati, Marco and Song, Congzheng and Shmatikov, Vitaly},
  booktitle={2017 IEEE symposium on security and privacy (SP)},
  pages={3--18},
  year={2017},
  organization={IEEE}
}

@article{sztipanovits2019science,
  title={Science of design for societal-scale cyber-physical systems: challenges and opportunities},
  author={Sztipanovits, Janos and Koutsoukos, Xenofon and Karsai, Gabor and Sastry, Shankar and Tomlin, Claire and Damm, Werner and Fr{\"a}nzle, Martin and Rieger, Jochem and Pretschner, Alexander and K{\"o}ster, Frank},
  journal={Cyber-Physical Systems},
  volume={5},
  number={3},
  pages={145--172},
  year={2019},
  publisher={Taylor \& Francis}
}

@inproceedings{taherisadr2023adaparl,
  title={adaparl: Adaptive privacy-aware reinforcement learning for sequential decision making human-in-the-loop systems},
  author={Taherisadr, Mojtaba and Stavroulakis, Stelios Andrew and Elmalaki, Salma},
  booktitle={Proceedings of the 8th ACM/IEEE Conference on Internet of Things Design and Implementation},
  pages={262--274},
  year={2023}
}

@article{taherisadr2024hilt,
  title={PEaRL: Personalized Privacy of Human-Centric Systems using Early-Exit Reinforcement Learning},
  author={Taherisadr, Mojtaba and Elmalaki, Salma},
  journal={arXiv preprint arXiv:2403.05864},
  year={2024}
}

