%%%%%%% Intro %%%%%%%

@inproceedings{kleinberg2018algorithmic,
  title={Algorithmic fairness},
  author={Kleinberg, Jon and Ludwig, Jens and Mullainathan, Sendhil and Rambachan, Ashesh},
  booktitle={Aea papers and proceedings},
  volume={108},
  pages={22--27},
  year={2018}
}

@inproceedings{rambachan2020economic,
  title={An economic perspective on algorithmic fairness},
  author={Rambachan, Ashesh and Kleinberg, Jon and Ludwig, Jens and Mullainathan, Sendhil},
  booktitle={AEA Papers and Proceedings},
  volume={110},
  pages={91--95},
  year={2020}
}

@inproceedings{dwork2012fairness,
  title={Fairness through awareness},
  author={Dwork, Cynthia and Hardt, Moritz and Pitassi, Toniann and Reingold, Omer and Zemel, Richard},
  booktitle={Proceedings of the 3rd innovations in theoretical computer science conference},
  pages={214--226},
  year={2012}
}

@article{kusner2017counterfactual,
  title={Counterfactual fairness},
  author={Kusner, Matt J and Loftus, Joshua and Russell, Chris and Silva, Ricardo},
  journal={Advances in neural information processing systems},
  volume={30},
  year={2017}
}

@article{mehrabi2021survey,
  title={A survey on bias and fairness in machine learning},
  author={Mehrabi, Ninareh and Morstatter, Fred and Saxena, Nripsuta and Lerman, Kristina and Galstyan, Aram},
  journal={ACM Computing Surveys (CSUR)},
  volume={54},
  number={6},
  pages={1--35},
  year={2021},
  publisher={ACM New York, NY, USA}
}

 pages={262--274},
  year={2023}
}

@inproceedings{zhao2024fina,
  title={Fina: Fairness of adverse effects in decision-making of human-cyber-physical-system},
  author={Zhao, Tianyu and Elmalaki, Salma},
  booktitle={2024 ACM/IEEE 15th International Conference on Cyber-Physical Systems (ICCPS)},
  pages={202--211},
  year={2024},
  organization={IEEE}
}

@inproceedings{zhao2024fairo,
  title={Fairo: Fairness-aware sequential decision making for human-in-the-loop cps},
  author={Zhao, Tianyu and Taherisadr, Mojtaba and Elmalaki, Salma},
  booktitle={2024 ACM/IEEE 15th International Conference on Cyber-Physical Systems (ICCPS)},
  pages={87--98},
  year={2024},
  organization={IEEE}
}


@inproceedings{shokri2017membership,
  title={Membership inference attacks against machine learning models},
  author={Shokri, Reza and Stronati, Marco and Song, Congzheng and Shmatikov, Vitaly},
  booktitle={2017 IEEE symposium on security and privacy (SP)},
  pages={3--18},
  year={2017},
  organization={IEEE}
}

@inproceedings{he2016deep,
  title={Deep residual learning for image recognition},
  author={He, Kaiming and Zhang, Xiangyu and Ren, Shaoqing and Sun, Jian},
  booktitle={Proceedings of the IEEE conference on computer vision and pattern recognition},
  pages={770--778},
  year={2016}
}


@inproceedings{dwork2006calibrating,
  title={Calibrating noise to sensitivity in private data analysis},
  author={Dwork, Cynthia and McSherry, Frank and Nissim, Kobbi and Smith, Adam},
  booktitle={Theory of Cryptography: Third Theory of Cryptography Conference, TCC 2006, New York, NY, USA, March 4-7, 2006. Proceedings 3},
  pages={265--284},
  year={2006},
  organization={Springer}
}

@inproceedings{chang2024efficient,
  title={Efficient privacy auditing in federated learning},
  author={Chang, Hongyan and Edwards, Brandon and Paul, Anindya S and Shokri, Reza},
  booktitle={33rd USENIX Security Symposium (USENIX Security 24)},
  pages={307--323},
  year={2024}
}

@article{rieke2020future,
  title={The future of digital health with federated learning},
  author={Rieke, Nicola and Hancox, Jonny and Li, Wenqi and Milletari, Fausto and Roth, Holger R and Albarqouni, Shadi and Bakas, Spyridon and Galtier, Mathieu N and Landman, Bennett A and Maier-Hein, Klaus and others},
  journal={NPJ digital medicine},
  volume={3},
  number={1},
  pages={1--7},
  year={2020},
  publisher={Nature Publishing Group}
}

@misc{GDPR,
author={},
title={General data protection regulation.},
howpublished={\url{https://en.wikipedia.org/wiki/General_Data_Protection_Regulation}},
year={2018}
}

@techreport{Rose2020Zero,
  title={Zero Trust Architecture},
  author={Rose, Steve and Borchert, Oliver and Mitchell, Stu and Connelly, Sean},
  institution={National Institute of Standards and Technology (NIST)},
  year={2020},
  number={SP 800-207},
  address={Gaithersburg, MD},
  url={https://doi.org/10.6028/NIST.SP.800-207},
  urldate={2025-01-19}
}

@article{BG_NON_IID,
  title={Federated learning on non-IID data: A survey},
  author={Zhu, Hangyu and Xu, Jinjin and Liu, Shiqing and Jin, Yaochu},
  journal={Neurocomputing},
  volume={465},
  pages={371--390},
  year={2021},
  publisher={Elsevier}
}

@inproceedings{poulain2023improving,
  title={Improving fairness in ai models on electronic health records: The case for federated learning methods},
  author={Poulain, Raphael and Bin Tarek, Mirza Farhan and Beheshti, Rahmatollah},
  booktitle={Proceedings of the 2023 ACM conference on fairness, accountability, and transparency},
  pages={1599--1608},
  year={2023}
}

@inproceedings{BG_SIA_2,
  title={Source inference attacks in federated learning},
  author={Hu, Hongsheng and Salcic, Zoran and Sun, Lichao and Dobbie, Gillian and Zhang, Xuyun},
  booktitle={2021 IEEE International Conference on Data Mining (ICDM)},
  pages={1102--1107},
  year={2021},
  organization={IEEE}
}

@inproceedings{selialia2024mitigating,
  title={Mitigating Group Bias in Federated Learning for Heterogeneous Devices},
  author={Selialia, Khotso and Chandio, Yasra and Anwar, Fatima M},
  booktitle={The 2024 ACM Conference on Fairness, Accountability, and Transparency},
  pages={1043--1054},
  year={2024}
}

@article{sztipanovits2019science,
  title={Science of design for societal-scale cyber-physical systems: challenges and opportunities},
  author={Sztipanovits, Janos and Koutsoukos, Xenofon and Karsai, Gabor and Sastry, Shankar and Tomlin, Claire and Damm, Werner and Fr{\"a}nzle, Martin and Rieger, Jochem and Pretschner, Alexander and K{\"o}ster, Frank},
  journal={Cyber-Physical Systems},
  volume={5},
  number={3},
  pages={145--172},
  year={2019},
  publisher={Taylor \& Francis}
}

@inproceedings{jin2016enabling,
  title={Enabling privacy-preserving incentives for mobile crowd sensing systems},
  author={Jin, Haiming and Su, Lu and Ding, Bolin and Nahrstedt, Klara and Borisov, Nikita},
  booktitle={2016 IEEE 36th International Conference on Distributed Computing Systems (ICDCS)},
  pages={344--353},
  year={2016},
  organization={IEEE}
}

@article{mulligan2016privacy,
  title={Privacy is an essentially contested concept: a multi-dimensional analytic for mapping privacy},
  author={Mulligan, Deirdre K and Koopman, Colin and Doty, Nick},
  journal={Philosophical Transactions of the Royal Society A: Mathematical, Physical and Engineering Sciences},
  volume={374},
  number={2083},
  pages={20160118},
  year={2016},
  publisher={The Royal Society}
}

@article{fox2021exploring,
  title={Exploring the competing influences of privacy concerns and positive beliefs on citizen acceptance of contact tracing mobile applications},
  author={Fox, Grace and Clohessy, Trevor and van der Werff, Lisa and Rosati, Pierangelo and Lynn, Theo},
  journal={Computers in Human Behavior},
  volume={121},
  pages={106806},
  year={2021},
  publisher={Elsevier}
}

@article{goldfarb2012shifts,
  title={Shifts in privacy concerns},
  author={Goldfarb, Avi and Tucker, Catherine},
  journal={American Economic Review},
  volume={102},
  number={3},
  pages={349--53},
  year={2012}
}

@article{jagielski2020auditing,
  title={Auditing differentially private machine learning: How private is private SGD?},
  author={Jagielski, Matthew and Ullman, Jonathan and Oprea, Alina},
  journal={Advances in Neural Information Processing Systems},
  volume={33},
  pages={22205--22216},
  year={2020}
}

@inproceedings{raji2020saving,
  title={Saving face: Investigating the ethical concerns of facial recognition auditing},
  author={Raji, Inioluwa Deborah and Gebru, Timnit and Mitchell, Margaret and Buolamwini, Joy and Lee, Joonseok and Denton, Emily},
  booktitle={Proceedings of the AAAI/ACM Conference on AI, Ethics, and Society},
  pages={145--151},
  year={2020}
}

@article{hamon2022bridging,
  title={Bridging the gap between AI and explainability in the GDPR: towards trustworthiness-by-design in automated decision-making},
  author={Hamon, Ronan and Junklewitz, Henrik and Sanchez, Ignacio and Malgieri, Gianclaudio and De Hert, Paul},
  journal={IEEE Computational Intelligence Magazine},
  volume={17},
  number={1},
  pages={72--85},
  year={2022},
  publisher={IEEE}
}

@article{taherisadr2024hilt,
  title={PEaRL: Personalized Privacy of Human-Centric Systems using Early-Exit Reinforcement Learning},
  author={Taherisadr, Mojtaba and Elmalaki, Salma},
  journal={arXiv preprint arXiv:2403.05864},
  year={2024}
}

@article{BG_Survey2,
  title={Federated learning for smart healthcare: A survey},
  author={Nguyen, Dinh C and Pham, Quoc-Viet and Pathirana, Pubudu N and Ding, Ming and Seneviratne, Aruna and Lin, Zihuai and Dobre, Octavia and Hwang, Won-Joo},
  journal={ACM Computing Surveys (Csur)},
  volume={55},
  number={3},
  pages={1--37},
  year={2022},
  publisher={ACM New York, NY}
}

@inproceedings{abadi2016deep,
  title={Deep learning with differential privacy},
  author={Abadi, Martin and Chu, Andy and Goodfellow, Ian and McMahan, H Brendan and Mironov, Ilya and Talwar, Kunal and Zhang, Li},
  booktitle={Proceedings of the 2016 ACM SIGSAC conference on computer and communications security},
  pages={308--318},
  year={2016}
}

@inproceedings{cummings2019compatibility,
  title={On the compatibility of privacy and fairness},
  author={Cummings, Rachel and Gupta, Varun and Kimpara, Dhamma and Morgenstern, Jamie},
  booktitle={Adjunct Publication of the 27th Conference on User Modeling, Adaptation and Personalization},
  pages={309--315},
  year={2019}
}

@inproceedings{taherisadr2023adaparl,
  title={adaparl: Adaptive privacy-aware reinforcement learning for sequential decision making human-in-the-loop systems},
  author={Taherisadr, Mojtaba and Stavroulakis, Stelios Andrew and Elmalaki, Salma},
  booktitle={Proceedings of the 8th ACM/IEEE Conference on Internet of Things Design and Implementation},
  pages={262--274},
  year={2023}
}

@article{BG_Survey1,
  title={A survey on federated learning},
  author={Zhang, Chen and Xie, Yu and Bai, Hang and Yu, Bin and Li, Weihong and Gao, Yuan},
  journal={Knowledge-Based Systems},
  volume={216},
  pages={106775},
  year={2021},
  publisher={Elsevier}
}

@article{BG_HorizontalFL,
  title={Federated machine learning: Concept and applications},
  author={Yang, Qiang and Liu, Yang and Chen, Tianjian and Tong, Yongxin},
  journal={ACM Transactions on Intelligent Systems and Technology (TIST)},
  volume={10},
  number={2},
  pages={1--19},
  year={2019},
  publisher={ACM New York, NY, USA}
}

@article{BG_MIA,
  title={Membership inference attacks on machine learning: A survey},
  author={Hu, Hongsheng and Salcic, Zoran and Sun, Lichao and Dobbie, Gillian and Yu, Philip S and Zhang, Xuyun},
  journal={ACM Computing Surveys (CSUR)},
  volume={54},
  number={11s},
  pages={1--37},
  year={2022},
  publisher={ACM New York, NY}
}
@article{BG_MIA_1,
  title={CS-MIA: Membership inference attack based on prediction confidence series in federated learning},
  author={Gu, Yuhao and Bai, Yuebin and Xu, Shubin},
  journal={Journal of Information Security and Applications},
  volume={67},
  pages={103201},
  year={2022},
  publisher={Elsevier}
}

@article{BG_MIA_2,
  title={Evaluating Membership Inference Attacks and Defenses in Federated Learning},
  author={Zhu, Gongxi and Li, Donghao and Gu, Hanlin and Han, Yuxing and Yao, Yuan and Fan, Lixin and Yang, Qiang},
  journal={arXiv preprint arXiv:2402.06289},
  year={2024}
}

@inproceedings{BG_Fairness_2,
  title={Fairfed: Enabling group fairness in federated learning},
  author={Ezzeldin, Yahya H and Yan, Shen and He, Chaoyang and Ferrara, Emilio and Avestimehr, A Salman},
  booktitle={Proceedings of the AAAI conference on artificial intelligence},
  volume={37},
  number={6},
  pages={7494--7502},
  year={2023}
}

@article{BG_FairnessPrivacy,
  title={Privacy and fairness in Federated learning: on the perspective of Tradeoff},
  author={Chen, Huiqiang and Zhu, Tianqing and Zhang, Tao and Zhou, Wanlei and Yu, Philip S},
  journal={ACM Computing Surveys},
  volume={56},
  number={2},
  pages={1--37},
  year={2023},
  publisher={ACM New York, NY}
}
@article{BG_Fairness,
  title={Towards fairness-aware federated learning},
  author={Shi, Yuxin and Yu, Han and Leung, Cyril},
  journal={IEEE Transactions on Neural Networks and Learning Systems},
  year={2023},
  publisher={IEEE}
}

@article{BG_Personalization,
  title={Towards personalized federated learning},
  author={Tan, Alysa Ziying and Yu, Han and Cui, Lizhen and Yang, Qiang},
  journal={IEEE transactions on neural networks and learning systems},
  volume={34},
  number={12},
  pages={9587--9603},
  year={2022},
  publisher={IEEE}
}

@article{BG_Personalization_2,
  title={pfl-bench: A comprehensive benchmark for personalized federated learning},
  author={Chen, Daoyuan and Gao, Dawei and Kuang, Weirui and Li, Yaliang and Ding, Bolin},
  journal={Advances in Neural Information Processing Systems},
  volume={35},
  pages={9344--9360},
  year={2022}
}

@inproceedings{durmus2021federated,
  title={Federated learning based on dynamic regularization},
  author={Durmus, Alp Emre and Yue, Zhao and Ramon, Matas and Matthew, Mattina and Paul, Whatmough and Venkatesh, Saligrama},
  booktitle={International conference on learning representations},
  year={2021}
}

@inproceedings{
Jiang2020Fantastic,
title={Fantastic Generalization Measures and Where to Find Them},
author={Yiding Jiang and Behnam Neyshabur and Hossein Mobahi and Dilip Krishnan and Samy Bengio},
booktitle={International Conference on Learning Representations},
year={2020},
url={https://openreview.net/forum?id=SJgIPJBFvH}
}

@inproceedings{mendieta2022local,
  title={Local learning matters: Rethinking data heterogeneity in federated learning},
  author={Mendieta, Matias and Yang, Taojiannan and Wang, Pu and Lee, Minwoo and Ding, Zhengming and Chen, Chen},
  booktitle={Proceedings of the IEEE/CVF Conference on Computer Vision and Pattern Recognition},
  pages={8397--8406},
  year={2022}
}

@article{liu2020simple,
  title={Simple and principled uncertainty estimation with deterministic deep learning via distance awareness},
  author={Liu, Jeremiah and Lin, Zi and Padhy, Shreyas and Tran, Dustin and Bedrax Weiss, Tania and Lakshminarayanan, Balaji},
  journal={Advances in neural information processing systems},
  volume={33},
  pages={7498--7512},
  year={2020}
}

@misc{human_activity_recognition_using_smartphones_240,
author = {Reyes-Ortiz, Jorge and Anguita, Davide and Ghio, Alessandro and Oneto, Luca and Parra, Xavier},
  title        = {{Human Activity Recognition Using Smartphones}},
  year         = {2013},
  howpublished = {UCI Machine Learning Repository},
  note         = {{DOI}: https://doi.org/10.24432/C54S4K}
}

@inproceedings{har2,
  title={A federated learning approach for distributed human activity recognition},
  author={Concone, Federico and Ferdico, Cedric and Re, Giuseppe Lo and Morana, Marco},
  booktitle={2022 IEEE International Conference on Smart Computing (SMARTCOMP)},
  pages={269--274},
  year={2022},
  organization={IEEE}
}
@inproceedings{har3,
  title={Feddl: Federated learning via dynamic layer sharing for human activity recognition},
  author={Tu, Linlin and Ouyang, Xiaomin and Zhou, Jiayu and He, Yuze and Xing, Guoliang},
  booktitle={Proceedings of the 19th ACM Conference on Embedded Networked Sensor Systems},
  pages={15--28},
  year={2021}
}

@article{bai2018empirical,
  title={An empirical evaluation of generic convolutional and recurrent networks for sequence modeling},
  author={Bai, Shaojie and Kolter, J Zico and Koltun, Vladlen},
  journal={arXiv preprint arXiv:1803.01271},
  year={2018}
}

@article{jain1984quantitative,
  title={A quantitative measure of fairness and discrimination},
  author={Jain, Rajendra K and Chiu, Dah-Ming W and Hawe, William R and others},
  journal={ACM Transaction on Computer System},
  year={1984}
}

@article{hu2023source,
  title={Source inference attacks: Beyond membership inference attacks in federated learning},
  author={Hu, Hongsheng and Zhang, Xuyun and Salcic, Zoran and Sun, Lichao and Choo, Kim-Kwang Raymond and Dobbie, Gillian},
  journal={IEEE Transactions on Dependable and Secure Computing},
  year={2023},
  publisher={IEEE}
}

@misc{spectrumnews2024npdbreach,
  title = {Massive data breach exposes millions of Americans},
  author = {Spectrum News Staff},
  howpublished = {\url{https://spectrumlocalnews.com/nys/central-ny/news/2024/09/04/data-breach-exposes-americans-information}},
  month = {September},
  day = {4},
  year = {2024},
  note = {Accessed: [Date you accessed the article]}
}