@misc{Hao2022structuredpromptingScalingInContext,
      title={Structured Prompting: Scaling In-Context Learning to 1,000 Examples}, 
      author={Yaru Hao and Yutao Sun and Li Dong and Zhixiong Han and Yuxian Gu and Furu Wei},
      year={2022},
      eprint={2212.06713},
      archivePrefix={arXiv},
      primaryClass={cs.CL},
      url={https://arxiv.org/abs/2212.06713}, 
}

@misc{Merth2024SuperpositionPromptingImprovingandAccelerating,
      title={Superposition Prompting: Improving and Accelerating Retrieval-Augmented Generation}, 
      author={Thomas Merth and Qichen Fu and Mohammad Rastegari and Mahyar Najibi},
      year={2024},
      eprint={2404.06910},
      archivePrefix={arXiv},
      primaryClass={cs.CL},
      url={https://arxiv.org/abs/2404.06910}, 
}

@misc{Ratner2023ParallelContextWindows,
      title={Parallel Context Windows for Large Language Models}, 
      author={Nir Ratner and Yoav Levine and Yonatan Belinkov and Ori Ram and Inbal Magar and Omri Abend and Ehud Karpas and Amnon Shashua and Kevin Leyton-Brown and Yoav Shoham},
      year={2023},
      eprint={2212.10947},
      archivePrefix={arXiv},
      primaryClass={cs.CL},
      url={https://arxiv.org/abs/2212.10947}, 
}

@misc{Wang2024XL3MaTrainingfreeFrameworkforLLMLength,
      title={XL3M: A Training-free Framework for LLM Length Extension Based on Segment-wise Inference}, 
      author={Shengnan Wang and Youhui Bai and Lin Zhang and Pingyi Zhou and Shixiong Zhao and Gong Zhang and Sen Wang and Renhai Chen and Hua Xu and Hongwei Sun},
      year={2024},
      eprint={2405.17755},
      archivePrefix={arXiv},
      primaryClass={cs.CL},
      url={https://arxiv.org/abs/2405.17755}, 
}

@misc{Zhu2024AcceleratingInferenceofRetrievalAugmentedGeneration,
      title={Accelerating Inference of Retrieval-Augmented Generation via Sparse Context Selection}, 
      author={Yun Zhu and Jia-Chen Gu and Caitlin Sikora and Ho Ko and Yinxiao Liu and Chu-Cheng Lin and Lei Shu and Liangchen Luo and Lei Meng and Bang Liu and Jindong Chen},
      year={2024},
      eprint={2405.16178},
      archivePrefix={arXiv},
      primaryClass={cs.CL},
      url={https://arxiv.org/abs/2405.16178}, 
}

