@INPROCEEDINGS{9022086,
  author        = {Herzig, Roei and Levi, Elad and Xu, Huijuan and Gao, Hang and Brosh, Eli and Wang, Xiaolong and Globerson, Amir and Darrell, Trevor},
  booktitle     = {2019 IEEE/CVF International Conference on Computer Vision Workshop (ICCVW)},
  title         = {Spatio-Temporal Action Graph Networks},
  year          = {2019}, 
  pages         = {2347-2356},
}

@ARTICLE{9068523,
  author={Gao, Jing and Li, Peng and Chen, Zhikui and Zhang, Jianing},
  journal={Neural Computation}, 
  title={A Survey on Deep Learning for Multimodal Data Fusion}, 
  year={2020},
  volume={32},
  number={5},
  pages={829-864},
  keywords={},
}

@article{AffectNet,
  title={AffectNet: A Database for Facial Expression, Valence, and Arousal Computing in the Wild},
  author={Ali Mollahosseini and Behzad Hasani and Mohammad H. Mahoor},
  journal={IEEE Transactions on Affective Computing},
  year={2017},
  volume={10},
  pages={18-31},
}

@ARTICLE{MFCC,
  author={Abdul, Zrar Kh. and Al-Talabani, Abdulbasit K.},
  journal={IEEE Access}, 
  title={Mel Frequency Cepstral Coefficient and its Applications: A Review}, 
  year={2022},
  volume={10},
  number={},
  pages={122136-122158},
}

@Article{RAVDESS,
AUTHOR = {Luna-Jiménez, Cristina and Kleinlein, Ricardo and Griol, David and Callejas, Zoraida and Montero, Juan M. and Fernández-Martínez, Fernando},
TITLE = {A Proposal for Multimodal Emotion Recognition Using Aural Transformers and Action Units on RAVDESS Dataset},
JOURNAL = {Applied Sciences},
VOLUME = {12},
YEAR = {2022},
NUMBER = {1},
ARTICLE-NUMBER = {327},
ISSN = {2076-3417},
}

@INPROCEEDINGS{RECOLA,
  author={Ringeval, Fabien and Sonderegger, Andreas and Sauer, Juergen and Lalanne, Denis},
  booktitle={2013 10th IEEE International Conference and Workshops on Automatic Face and Gesture Recognition (FG)}, 
  title={Introducing the RECOLA multimodal corpus of remote collaborative and affective interactions}, 
  year={2013},
  volume={},
  number={},
  pages={1-8},
  keywords={Mood;Collaboration;Context;Synchronization;Physiology;Software},
}

@Article{Wang2023EfficientFace,
  author    = {Wang, G. and Li, J. and Wu, Z. and others},
  title     = {EfficientFace: an efficient deep network with feature enhancement for accurate face detection},
  journal   = {Multimedia Systems},
  year      = {2023},
  volume    = {29},
  pages     = {2825--2839},
}

@ARTICLE{data1,
  author={Li, Weixin and Mahadevan, Vijay and Vasconcelos, Nuno},
  journal={IEEE Transactions on Pattern Analysis and Machine Intelligence}, 
  title={Anomaly Detection and Localization in Crowded Scenes}, 
  year={2014},
  volume={36},
  number={1},
  pages={18-32},
  }

@INPROCEEDINGS{data2,
  author={Liu, Wen and Luo, Weixin and Lian, Dongze and Gao, Shenghua},
  booktitle={2018 IEEE/CVF Conference on Computer Vision and Pattern Recognition}, 
  title={Future Frame Prediction for Anomaly Detection - A New Baseline}, 
  year={2018},
  volume={},
  number={},
  pages={6536-6545},
}

@INPROCEEDINGS{data3,
  author={Sultani, Waqas and Chen, Chen and Shah, Mubarak},
  booktitle={2018 IEEE/CVF Conference on Computer Vision and Pattern Recognition}, 
  title={Real-World Anomaly Detection in Surveillance Videos}, 
  year={2018},
  volume={},
  number={},
  pages={6479-6488},
}

@InProceedings{data4,
author="Chan, Fu-Hsiang
and Chen, Yu-Ting
and Xiang, Yu
and Sun, Min",
editor="Lai, Shang-Hong
and Lepetit, Vincent
and Nishino, Ko
and Sato, Yoichi",
title="Anticipating Accidents in Dashcam Videos",
booktitle="Computer Vision --  ACCV 2016",
year="2017",
publisher="Springer International Publishing",
address="Cham",
pages="136--153",
}

@INPROCEEDINGS{data6,
  author={Yu, Fisher and Chen, Haofeng and Wang, Xin and Xian, Wenqi and Chen, Yingying and Liu, Fangchen and Madhavan, Vashisht and Darrell, Trevor},
  booktitle={2020 IEEE/CVF Conference on Computer Vision and Pattern Recognition (CVPR)}, 
  title={BDD100K: A Diverse Driving Dataset for Heterogeneous Multitask Learning}, 
  year={2020},
  volume={},
  number={},
  pages={2633-2642},
}

@article{lyu2018long,
  title={Long-term multi-granularity deep framework for driver drowsiness detection},
  author={Lyu, Jie and Yuan, Zejian and Chen, Dapeng},
  journal={arXiv preprint arXiv:1801.02325},
  year={2018}
}

@article{sahoo2023performance,
  title={Performance comparison of facial emotion recognition: a transfer learning-based driver assistance framework for in-vehicle applications},
  author={Sahoo, Goutam Kumar and Das, Santos Kumar and Singh, Poonam},
  journal={Circuits, Systems, and Signal Processing},
  volume={42},
  number={7},
  pages={4292--4319},
  year={2023},
  publisher={Springer}
}

@inproceedings{vaswani2017attention,
  title={Attention is all you need},
  author={Vaswani, Ashish and Shazeer, Noam and Parmar, Niki and Uszkoreit, Jakob and Jones, Llion and Gomez, Aidan N and Kaiser, {\L}ukasz and Polosukhin, Illia},
  booktitle={Advances in neural information processing systems},
  pages={5998--6008},
  year={2017}
}

