@ARTICLE{7736125,
  author        = {Miyajima, Chiyomi and Takeda, Kazuya},
  journal       = {IEEE Signal Processing Magazine}, 
  title         = {Driver-Behavior Modeling Using On-Road Driving Data: A new application for behavior signal processing},
  year          = {2016},
  volume        = {33},
  number        = {6},
  pages         = {14-21},
}

@ARTICLE{KALRA2016182,
  author        = {Nidhi Kalra and Susan M. Paddock},
  journal       = {Transportation Research Part A: Policy and Practice},
  title         = {Driving to safety: How many miles of driving would it take to demonstrate autonomous vehicle reliability?},
  year          = {2016},
  volume        = {94},
  pages         = {182-193},
  issn          = {0965-8564},
}

@INPROCEEDINGS{9111005,
  author        = {Siroki, Szilveszter and Nyerges, Ádám and Tihanyi, Viktor},
  booktitle     = {2019 International IEEE Conference and Workshop in Óbuda on Electrical and Power Engineering (CANDO-EPE)},
  title         = {A review of automated vehicle systems},
  year          = {2019},
  pages         = {109-114},
}

@INPROCEEDINGS{9022086,
  author        = {Herzig, Roei and Levi, Elad and Xu, Huijuan and Gao, Hang and Brosh, Eli and Wang, Xiaolong and Globerson, Amir and Darrell, Trevor},
  booktitle     = {2019 IEEE/CVF International Conference on Computer Vision Workshop (ICCVW)},
  title         = {Spatio-Temporal Action Graph Networks},
  year          = {2019}, 
  pages         = {2347-2356},
}

@INPROCEEDINGS{7972192,
  author        = {Lugano, Giuseppe},
  booktitle     = {2017 15th International Conference on ITS Telecommunications (ITST)},
  title         = {Virtual assistants and self-driving cars},
  year          = {2017},
  pages         = {1-5},

}

@INPROCEEDINGS{9956592,
  author        = {Chumachenko, Kateryna and Iosifidis, Alexandros and Gabbouj, Moncef},
  booktitle     = {2022 26th International Conference on Pattern Recognition (ICPR)}, 
  title         = {Self-attention fusion for audiovisual emotion recognition with incomplete data},
  year          = {2022},
  pages         = {2822-2828},

}

@ARTICLE{Tsai2019MultimodalTF,
  author        = {Yao-Hung Hubert Tsai and Shaojie Bai and Paul Pu Liang and J. Zico Kolter and Louis-Philippe Morency and Ruslan Salakhutdinov},
  journal       = {Proceedings of the conference. Association for Computational Linguistics. Meeting},
  title         = {Multimodal Transformer for Unaligned Multimodal Language Sequences},
  year          = {2019},
  volume        = {2019},
  pages         = {6558-6569},
}

@INPROCEEDINGS{N2020MultimodalER,
  author        = {Krishnan N and Ankita Patil},
  booktitle     = {Interspeech},
  title         = {Multimodal Emotion Recognition Using Cross-Modal Attention and 1D Convolutional Neural Networks},
  year          = {2020},
}


@Article{Wang2023EfficientFace,
  author    = {Wang, G. and Li, J. and Wu, Z. and others},
  title     = {EfficientFace: an efficient deep network with feature enhancement for accurate face detection},
  journal   = {Multimedia Systems},
  year      = {2023},
  volume    = {29},
  pages     = {2825--2839},
}


@INPROCEEDINGS{Bondi:2018:AWS:3209811.3209880,
  author        = {Bondi, Elizabeth and Dey, Debadeepta and Kapoor, Ashish and Piavis, Jim and Shah, Shital and Fang, Fei and Dilkina, Bistra and Hannaford, Robert and Iyer, Arvind and Joppa, Lucas and Tambe, Milind},
  booktitle     = {COMPASS '18: Proceedings of the 1st ACM SIGCAS Conference on Computing and Sustainable Societies},
  title         = {AirSim-W: A Simulation Environment for Wildlife Conservation with UAVs},
  year          = {2018},
  pages         = {1-12},
  articleno     = {40},
  numpages      = {12},
}

@ARTICLE{9068523,
  author={Gao, Jing and Li, Peng and Chen, Zhikui and Zhang, Jianing},
  journal={Neural Computation}, 
  title={A Survey on Deep Learning for Multimodal Data Fusion}, 
  year={2020},
  volume={32},
  number={5},
  pages={829-864},
  keywords={},
}

@INPROCEEDINGS{selfatt-multi,
  author        = {Nagrani, Arsha and Yang, Shan and Arnab, Anurag and Jansen, Aren and Schmid, Cordelia and Sun, Chen},
  booktitle     = {Advances in Neural Information Processing Systems}, 
  editor        = {M. Ranzato and A. Beygelzimer and Y. Dauphin and P.S. Liang and J. Wortman Vaughan},
  pages         = {14200--14213},
  publisher     = {Curran Associates, Inc.},
  title         = {Attention Bottlenecks for Multimodal Fusion},
  volume        = {34},
  year          = {2021}
}

@inproceedings{vaswani2017attention,
  title={Attention is all you need},
  author={Vaswani, Ashish and Shazeer, Noam and Parmar, Niki and Uszkoreit, Jakob and Jones, Llion and Gomez, Aidan N and Kaiser, {\L}ukasz and Polosukhin, Illia},
  booktitle={Advances in neural information processing systems},
  pages={5998--6008},
  year={2017}
}

@ARTICLE{Chumachenko2022SelfattentionFF,
  author        = {Kateryna Chumachenko and Alexandros Iosifidis and Moncef Gabbouj},
  journal       = {2022 26th International Conference on Pattern Recognition (ICPR)},
  title         = {Self-attention fusion for audiovisual emotion recognition with incomplete data},
  year          = {2022},
  pages         = {2822-2828},
}

@article{le2023attention,
  title={Attention-based Residual Autoencoder for Video Anomaly Detection},
  author={Le, Viet-Tuan and Kim, Yong-Guk},
  journal={Applied Intelligence},
  volume={53},
  number={3},
  pages={3240--3254},
  year={2023},
  publisher={Springer}
}

@article{aydelotte2017crash,
  title={Crash fatality rates after recreational marijuana legalization in Washington and Colorado},
  author={Aydelotte, Jayson D and Brown, Lawrence H and Luftman, Kevin M and Mardock, Alexandra L and Teixeira, Pedro GR and Coopwood, Ben and Brown, Carlos VR},
  journal={American journal of public health},
  volume={107},
  number={8},
  pages={1329--1331},
  year={2017},
  publisher={American Public Health Association}
}

@article{xiao2018hybrid,
  title={Hybrid conditional random field based camera-LIDAR fusion for road detection},
  author={Xiao, Liang and Wang, Ruili and Dai, Bin and Fang, Yuqiang and Liu, Daxue and Wu, Tao},
  journal={Information Sciences},
  volume={432},
  pages={543--558},
  year={2018},
  publisher={Elsevier}
}

@inproceedings{chen2017rbnet,
  title={Rbnet: A deep neural network for unified road and road boundary detection},
  author={Chen, Zhe and Chen, Zijing},
  booktitle={Neural Information Processing: 24th International Conference, ICONIP 2017, Guangzhou, China, November 14-18, 2017, Proceedings, Part I 24},
  pages={677--687},
  year={2017},
  organization={Springer}
}

@inproceedings{teichmann2018multinet,
  title={Multinet: Real-time joint semantic reasoning for autonomous driving},
  author={Teichmann, Marvin and Weber, Michael and Zoellner, Marius and Cipolla, Roberto and Urtasun, Raquel},
  booktitle={2018 IEEE intelligent vehicles symposium (IV)},
  pages={1013--1020},
  year={2018},
  organization={IEEE}
}
@article{bayoudh2021transfer,
  title={Transfer learning based hybrid 2D-3D CNN for traffic sign recognition and semantic road detection applied in advanced driver assistance systems},
  author={Bayoudh, Khaled and Hamdaoui, Fay{\c{c}}al and Mtibaa, Abdellatif},
  journal={Applied Intelligence},
  volume={51},
  number={1},
  pages={124--142},
  year={2021},
  publisher={Springer}
}
@inproceedings{tan2019efficientnet,
  title={Efficientnet: Rethinking model scaling for convolutional neural networks},
  author={Tan, Mingxing and Le, Quoc},
  booktitle={International conference on machine learning},
  pages={6105--6114},
  year={2019},
  organization={PMLR}
}
@article{lyu2018long,
  title={Long-term multi-granularity deep framework for driver drowsiness detection},
  author={Lyu, Jie and Yuan, Zejian and Chen, Dapeng},
  journal={arXiv preprint arXiv:1801.02325},
  year={2018}
}

@article{vijayan2019real,
  title={Real time detection system of driver drowsiness based on representation learning using deep neural networks},
  author={Vijayan, Vineetha and Sherly, Elizabeth},
  journal={Journal of Intelligent \& Fuzzy Systems},
  volume={36},
  number={3},
  pages={1977--1985},
  year={2019},
  publisher={IOS Press}
}

@inproceedings{park2016driver,
  title={Driver drowsiness detection system based on feature representation learning using various deep networks},
  author={Park, Sanghyuk and Pan, Fei and Kang, Sunghun and Yoo, Chang D},
  booktitle={Asian conference on computer vision},
  pages={154--164},
  year={2016},
  organization={Springer}
}

@misc{priestley1999expression,
  title={The Expression of the Emotions in Man and Animals, by Charles Darwin},
  author={Priestley, Angela},
  year={1999},
  publisher={National Association of Biology Teachers}
}

@article{eyben2010emotion,
  title={Emotion on the road: necessity, acceptance, and feasibility of affective computing in the car},
  author={Eyben, Florian and W{\"o}llmer, Martin and Poitschke, Tony and Schuller, Bj{\"o}rn and Blaschke, Christoph and F{\"a}rber, Berthold and Nguyen-Thien, Nhu},
  journal={Advances in human-computer interaction},
  volume={2010},
  pages={1--17},
  year={2010},
  publisher={Hindawi Limited London, UK, United Kingdom}
}

@inproceedings{agrawal2013emotion,
  title={Emotion and gesture recognition with soft computing tool for drivers assistance system in human centered transportation},
  author={Agrawal, Urvashi and Giripunje, Shubhangi and Bajaj, Preeti},
  booktitle={2013 IEEE International Conference on Systems, Man, and Cybernetics},
  pages={4612--4616},
  year={2013},
  organization={IEEE}
}

@article{sahoo2023performance,
  title={Performance comparison of facial emotion recognition: a transfer learning-based driver assistance framework for in-vehicle applications},
  author={Sahoo, Goutam Kumar and Das, Santos Kumar and Singh, Poonam},
  journal={Circuits, Systems, and Signal Processing},
  volume={42},
  number={7},
  pages={4292--4319},
  year={2023},
  publisher={Springer}
}

@ARTICLE{data1,
  author={Li, Weixin and Mahadevan, Vijay and Vasconcelos, Nuno},
  journal={IEEE Transactions on Pattern Analysis and Machine Intelligence}, 
  title={Anomaly Detection and Localization in Crowded Scenes}, 
  year={2014},
  volume={36},
  number={1},
  pages={18-32},
  }

@INPROCEEDINGS{data2,
  author={Liu, Wen and Luo, Weixin and Lian, Dongze and Gao, Shenghua},
  booktitle={2018 IEEE/CVF Conference on Computer Vision and Pattern Recognition}, 
  title={Future Frame Prediction for Anomaly Detection - A New Baseline}, 
  year={2018},
  volume={},
  number={},
  pages={6536-6545},
}

@INPROCEEDINGS{data3,
  author={Sultani, Waqas and Chen, Chen and Shah, Mubarak},
  booktitle={2018 IEEE/CVF Conference on Computer Vision and Pattern Recognition}, 
  title={Real-World Anomaly Detection in Surveillance Videos}, 
  year={2018},
  volume={},
  number={},
  pages={6479-6488},
}

@InProceedings{data4,
author="Chan, Fu-Hsiang
and Chen, Yu-Ting
and Xiang, Yu
and Sun, Min",
editor="Lai, Shang-Hong
and Lepetit, Vincent
and Nishino, Ko
and Sato, Yoichi",
title="Anticipating Accidents in Dashcam Videos",
booktitle="Computer Vision --  ACCV 2016",
year="2017",
publisher="Springer International Publishing",
address="Cham",
pages="136--153",
}

@INPROCEEDINGS{data5,
  author={Yao, Yu and Xu, Mingze and Wang, Yuchen and Crandall, David J. and Atkins, Ella M.},
  booktitle={2019 IEEE/RSJ International Conference on Intelligent Robots and Systems (IROS)}, 
  title={Unsupervised Traffic Accident Detection in First-Person Videos}, 
  year={2019},
  volume={},
  number={},
  pages={273-280},
  keywords={},
}

@INPROCEEDINGS{data6,
  author={Yu, Fisher and Chen, Haofeng and Wang, Xin and Xian, Wenqi and Chen, Yingying and Liu, Fangchen and Madhavan, Vashisht and Darrell, Trevor},
  booktitle={2020 IEEE/CVF Conference on Computer Vision and Pattern Recognition (CVPR)}, 
  title={BDD100K: A Diverse Driving Dataset for Heterogeneous Multitask Learning}, 
  year={2020},
  volume={},
  number={},
  pages={2633-2642},
}

@ARTICLE{data7,
  author={Yao, Yu and Wang, Xizi and Xu, Mingze and Pu, Zelin and Wang, Yuchen and Atkins, Ella and Crandall, David J.},
  journal={IEEE Transactions on Pattern Analysis and Machine Intelligence}, 
  title={DoTA: Unsupervised Detection of Traffic Anomaly in Driving Videos}, 
  year={2023},
  volume={45},
  number={1},
}

@Article{RAVDESS,
AUTHOR = {Luna-Jiménez, Cristina and Kleinlein, Ricardo and Griol, David and Callejas, Zoraida and Montero, Juan M. and Fernández-Martínez, Fernando},
TITLE = {A Proposal for Multimodal Emotion Recognition Using Aural Transformers and Action Units on RAVDESS Dataset},
JOURNAL = {Applied Sciences},
VOLUME = {12},
YEAR = {2022},
NUMBER = {1},
ARTICLE-NUMBER = {327},
ISSN = {2076-3417},
}
@article{AffectNet,
  title={AffectNet: A Database for Facial Expression, Valence, and Arousal Computing in the Wild},
  author={Ali Mollahosseini and Behzad Hasani and Mohammad H. Mahoor},
  journal={IEEE Transactions on Affective Computing},
  year={2017},
  volume={10},
  pages={18-31},
}
@INPROCEEDINGS{RECOLA,
  author={Ringeval, Fabien and Sonderegger, Andreas and Sauer, Juergen and Lalanne, Denis},
  booktitle={2013 10th IEEE International Conference and Workshops on Automatic Face and Gesture Recognition (FG)}, 
  title={Introducing the RECOLA multimodal corpus of remote collaborative and affective interactions}, 
  year={2013},
  volume={},
  number={},
  pages={1-8},
  keywords={Mood;Collaboration;Context;Synchronization;Physiology;Software},
}

@inproceedings{airsim,
  title={AirSim: High-Fidelity Visual and Physical Simulation for Autonomous Vehicles},
  author={S. Shah and Debadeepta Dey and Chris Lovett and Ashish Kapoor},
  booktitle={International Symposium on Field and Service Robotics},
  year={2017},
}
@ARTICLE{MFCC,
  author={Abdul, Zrar Kh. and Al-Talabani, Abdulbasit K.},
  journal={IEEE Access}, 
  title={Mel Frequency Cepstral Coefficient and its Applications: A Review}, 
  year={2022},
  volume={10},
  number={},
  pages={122136-122158},
}
