@ARTICLE{2024arXiv240815881S,
       author = {{Shu}, Fangxun and {Liao}, Yue and {Zhuo}, Le and {Xu}, Chenning and {Zhang}, Lei and {Zhang}, Guanghao and {Shi}, Haonan and {Chen}, Long and {Zhong}, Tao and {He}, Wanggui and {Fu}, Siming and {Li}, Haoyuan and {Li}, Bolin and {Yu}, Zhelun and {Liu}, Si and {Li}, Hongsheng and {Jiang}, Hao},
        title = "{LLaVA-MoD: Making LLaVA Tiny via MoE Knowledge Distillation}",
      journal = {arXiv e-prints},
     keywords = {Computer Science - Computer Vision and Pattern Recognition},
         year = 2024,
        month = aug,
          eid = {arXiv:2408.15881},
        pages = {arXiv:2408.15881},
          doi = {10.48550/arXiv.2408.15881},
archivePrefix = {arXiv},
       eprint = {2408.15881},
 primaryClass = {cs.CV},
       adsurl = {https://ui.adsabs.harvard.edu/abs/2024arXiv240815881S},
      adsnote = {Provided by the SAO/NASA Astrophysics Data System}
}

@ARTICLE{2024arXiv241016236C,
       author = {{Cai}, Yuxuan and {Zhang}, Jiangning and {He}, Haoyang and {He}, Xinwei and {Tong}, Ao and {Gan}, Zhenye and {Wang}, Chengjie and {Bai}, Xiang},
        title = "{LLaVA-KD: A Framework of Distilling Multimodal Large Language Models}",
      journal = {arXiv e-prints},
     keywords = {Computer Science - Computer Vision and Pattern Recognition},
         year = 2024,
        month = oct,
          eid = {arXiv:2410.16236},
        pages = {arXiv:2410.16236},
          doi = {10.48550/arXiv.2410.16236},
archivePrefix = {arXiv},
       eprint = {2410.16236},
 primaryClass = {cs.CV},
       adsurl = {https://ui.adsabs.harvard.edu/abs/2024arXiv241016236C},
      adsnote = {Provided by the SAO/NASA Astrophysics Data System}
}

@misc{MiniCPMo,
  author = {MiniCPM-o Team, OpenBMB},
  title = {MiniCPM-o 2.6: A GPT-4o Level MLLM for Vision, Speech, and Multimodal Live Streaming on Your Phone},
  howpublished = {\url{https://huggingface.co/openbmb/MiniCPM-o-2_6}},
  year={2025}
}

@article{chen2024internvl25,
  title={Expanding performance boundaries of open-source multimodal models with model, data, and test-time scaling},
  author={Chen, Zhe and Wang, Weiyun and Cao, Yue and Liu, Yangzhou and Gao, Zhangwei and Cui, Erfei and Zhu, Jinguo and Ye, Shenglong and Tian, Hao and Liu, Zhaoyang and others},
  journal={arXiv preprint arXiv:2412.05271},
  year={2024}
}

@article{chu2024qwen2audio,
  title={Qwen2-audio technical report},
  author={Chu, Yunfei and Xu, Jin and Yang, Qian and Wei, Haojie and Wei, Xipin and Guo, Zhifang and Leng, Yichong and Lv, Yuanjun and He, Jinzheng and Lin, Junyang and others},
  journal={arXiv preprint arXiv:2407.10759},
  year={2024}
}

@article{fu2024vita,
  title={Vita: Towards open-source interactive omni multimodal llm},
  author={Fu, Chaoyou and Lin, Haojia and Long, Zuwei and Shen, Yunhang and Zhao, Meng and Zhang, Yifan and Dong, Shaoqi and Wang, Xiong and Yin, Di and Ma, Long and others},
  journal={arXiv preprint arXiv:2408.05211},
  year={2024}
}

@article{fu2025vita1.5,
  title={VITA-1.5: Towards GPT-4o Level Real-Time Vision and Speech Interaction},
  author={Fu, Chaoyou and Lin, Haojia and Wang, Xiong and Zhang, Yi-Fan and Shen, Yunhang and Liu, Xiaoyu and Li, Yangze and Long, Zuwei and Gao, Heting and Li, Ke and others},
  journal={arXiv preprint arXiv:2501.01957},
  year={2025}
}

@article{hinton2015distilling,
  title={Distilling the Knowledge in a Neural Network},
  author={Hinton, Geoffrey},
  journal={arXiv preprint arXiv:1503.02531},
  year={2015}
}

@article{li2024baichuanomni,
  title={Baichuan-omni technical report},
  author={Li, Yadong and Sun, Haoze and Lin, Mingan and Li, Tianpeng and Dong, Guosheng and Zhang, Tao and Ding, Bowen and Song, Wei and Cheng, Zhenglin and Huo, Yuqi and others},
  journal={arXiv preprint arXiv:2410.08565},
  volume={3},
  number={7},
  year={2024}
}

@inproceedings{radford2021clip,
  title={Learning transferable visual models from natural language supervision},
  author={Radford, Alec and Kim, Jong Wook and Hallacy, Chris and Ramesh, Aditya and Goh, Gabriel and Agarwal, Sandhini and Sastry, Girish and Askell, Amanda and Mishkin, Pamela and Clark, Jack and others},
  booktitle={International conference on machine learning},
  pages={8748--8763},
  year={2021},
  organization={PMLR}
}

@article{xie2024miniomni2,
  title={Mini-omni2: Towards open-source gpt-4o with vision, speech and duplex capabilities},
  author={Xie, Zhifei and Wu, Changqiao},
  journal={arXiv preprint arXiv:2410.11190},
  year={2024}
}

