
@article{xu2024mental,
  title={Mental-llm: Leveraging large language models for mental health prediction via online text data},
  author={Xu, Xuhai and Yao, Bingsheng and Dong, Yuanzhe and Gabriel, Saadia and Yu, Hong and Hendler, James and Ghassemi, Marzyeh and Dey, Anind K and Wang, Dakuo},
  journal={Proceedings of the ACM on Interactive, Mobile, Wearable and Ubiquitous Technologies},
  volume={8},
  number={1},
  pages={1--32},
  year={2024},
  publisher={ACM New York, NY, USA}
}

@article{kim2024health,
  title={Health-llm: Large language models for health prediction via wearable sensor data},
  author={Kim, Yubin and Xu, Xuhai and McDuff, Daniel and Breazeal, Cynthia and Park, Hae Won},
  journal={arXiv preprint arXiv:2401.06866},
  year={2024}
}

@article{cosentino2024towards,
  title={Towards a Personal Health Large Language Model},
  author={Cosentino, Justin and Belyaeva, Anastasiya and Liu, Xin and Furlotte, Nicholas A and Yang, Zhun and Lee, Chace and Schenck, Erik and Patel, Yojan and Cui, Jian and Schneider, Logan Douglas and others},
  journal={arXiv preprint arXiv:2406.06474},
  year={2024}
}

@inproceedings{chen2024model,
  title={Model reprogramming: Resource-efficient cross-domain machine learning},
  author={Chen, Pin-Yu},
  booktitle={Proceedings of the AAAI Conference on Artificial Intelligence},
  volume={38},
  number={20},
  pages={22584--22591},
  year={2024}
}

@article{liu2023large,
  title={Large language models are few-shot health learners},
  author={Liu, Xin and McDuff, Daniel and Kovacs, Geza and Galatzer-Levy, Isaac and Sunshine, Jacob and Zhan, Jiening and Poh, Ming-Zher and Liao, Shun and Di Achille, Paolo and Patel, Shwetak},
  journal={arXiv preprint arXiv:2305.15525},
  year={2023}
}

@inproceedings{yu2023zero,
  title={Zero-shot ECG diagnosis with large language models and retrieval-augmented generation},
  author={Yu, Han and Guo, Peikun and Sano, Akane},
  booktitle={Machine Learning for Health (ML4H)},
  pages={650--663},
  year={2023},
  organization={PMLR}
}

@article{spathis2024first,
  title={The first step is the hardest: Pitfalls of representing and tokenizing temporal data for large language models},
  author={Spathis, Dimitris and Kawsar, Fahim},
  journal={Journal of the American Medical Informatics Association},
  volume={31},
  number={9},
  pages={2151--2158},
  year={2024},
  publisher={Oxford University Press}
}

@article{dong2022survey,
  title={A survey on in-context learning},
  author={Dong, Qingxiu and Li, Lei and Dai, Damai and Zheng, Ce and Ma, Jingyuan and Li, Rui and Xia, Heming and Xu, Jingjing and Wu, Zhiyong and Liu, Tianyu and others},
  journal={arXiv preprint arXiv:2301.00234},
  year={2022}
}

@article{bubeck2023sparks,
  title={Sparks of artificial general intelligence: Early experiments with gpt-4},
  author={Bubeck, S{\'e}bastien and Chandrasekaran, Varun and Eldan, Ronen and Gehrke, Johannes and Horvitz, Eric and Kamar, Ece and Lee, Peter and Lee, Yin Tat and Li, Yuanzhi and Lundberg, Scott and others},
  journal={arXiv preprint arXiv:2303.12712},
  year={2023}
}

@article{ghosh2024gama,
  title={GAMA: A Large Audio-Language Model with Advanced Audio Understanding and Complex Reasoning Abilities},
  author={Ghosh, Sreyan and Kumar, Sonal and Seth, Ashish and Evuru, Chandra Kiran Reddy and Tyagi, Utkarsh and Sakshi, S and Nieto, Oriol and Duraiswami, Ramani and Manocha, Dinesh},
  journal={arXiv preprint arXiv:2406.11768},
  year={2024}
}

@inproceedings{radford2021learning,
  title={Learning transferable visual models from natural language supervision},
  author={Radford, Alec and Kim, Jong Wook and Hallacy, Chris and Ramesh, Aditya and Goh, Gabriel and Agarwal, Sandhini and Sastry, Girish and Askell, Amanda and Mishkin, Pamela and Clark, Jack and others},
  booktitle={International conference on machine learning},
  pages={8748--8763},
  year={2021},
  organization={PMLR}
}

@article{vinod2023reprogramming,
  title={Reprogramming pretrained language models for protein sequence representation learning},
  author={Vinod, Ria and Chen, Pin-Yu and Das, Payel},
  journal={arXiv preprint arXiv:2301.02120},
  year={2023}
}
@inproceedings{yang2021voice2series,
  title={Voice2series: Reprogramming acoustic models for time series classification},
  author={Yang, Chao-Han Huck and Tsai, Yun-Yun and Chen, Pin-Yu},
  booktitle={International conference on machine learning},
  pages={11808--11819},
  year={2021},
  organization={PMLR}
}

@article{ansari2024chronos,
  title={Chronos: Learning the language of time series},
  author={Ansari, Abdul Fatir and Stella, Lorenzo and Turkmen, Caner and Zhang, Xiyuan and Mercado, Pedro and Shen, Huibin and Shchur, Oleksandr and Rangapuram, Syama Sundar and Arango, Sebastian Pineda and Kapoor, Shubham and others},
  journal={arXiv preprint arXiv:2403.07815},
  year={2024}
}

@article{goswami2024moment,
  title={Moment: A family of open time-series foundation models},
  author={Goswami, Mononito and Szafer, Konrad and Choudhry, Arjun and Cai, Yifu and Li, Shuo and Dubrawski, Artur},
  journal={arXiv preprint arXiv:2402.03885},
  year={2024}
}

@inproceedings{belyaeva2023multimodal,
  title={Multimodal llms for health grounded in individual-specific data},
  author={Belyaeva, Anastasiya and Cosentino, Justin and Hormozdiari, Farhad and Eswaran, Krish and Shetty, Shravya and Corrado, Greg and Carroll, Andrew and McLean, Cory Y and Furlotte, Nicholas A},
  booktitle={Workshop on Machine Learning for Multimodal Healthcare Data},
  pages={86--102},
  year={2023},
  organization={Springer}
}

@article{yoon2024my,
  title={By My Eyes: Grounding Multimodal Large Language Models with Sensor Data via Visual Prompting},
  author={Yoon, Hyungjun and Tolera, Biniyam Aschalew and Gong, Taesik and Lee, Kimin and Lee, Sung-Ju},
  journal={arXiv preprint arXiv:2407.10385},
  year={2024}
}

@inproceedings{xu2024penetrative,
  title={Penetrative ai: Making llms comprehend the physical world},
  author={Xu, Huatao and Han, Liying and Yang, Qirui and Li, Mo and Srivastava, Mani},
  booktitle={Proceedings of the 25th International Workshop on Mobile Computing Systems and Applications},
  pages={1--7},
  year={2024}
}

@article{gruver2024large,
  title={Large language models are zero-shot time series forecasters},
  author={Gruver, Nate and Finzi, Marc and Qiu, Shikai and Wilson, Andrew G},
  journal={Advances in Neural Information Processing Systems},
  volume={36},
  year={2024}
}

@article{xue2023promptcast,
  title={Promptcast: A new prompt-based learning paradigm for time series forecasting},
  author={Xue, Hao and Salim, Flora D},
  journal={IEEE Transactions on Knowledge and Data Engineering},
  year={2023},
  publisher={IEEE}
}

@article{dubey2024llama,
  title={The llama 3 herd of models},
  author={Dubey, Abhimanyu and Jauhri, Abhinav and Pandey, Abhinav and Kadian, Abhishek and Al-Dahle, Ahmad and Letman, Aiesha and Mathur, Akhil and Schelten, Alan and Yang, Amy and Fan, Angela and others},
  journal={arXiv preprint arXiv:2407.21783},
  year={2024}
}

@inproceedings{zamfirescu2023johnny,
  title={Why Johnny canâ€™t prompt: how non-AI experts try (and fail) to design LLM prompts},
  author={Zamfirescu-Pereira, JD and Wong, Richmond Y and Hartmann, Bjoern and Yang, Qian},
  booktitle={Proceedings of the 2023 CHI Conference on Human Factors in Computing Systems},
  pages={1--21},
  year={2023}
}

@article{bommasani2021opportunities,
  title={On the opportunities and risks of foundation models},
  author={Bommasani, Rishi and Hudson, Drew A and Adeli, Ehsan and Altman, Russ and Arora, Simran and von Arx, Sydney and Bernstein, Michael S and Bohg, Jeannette and Bosselut, Antoine and Brunskill, Emma and others},
  journal={arXiv preprint arXiv:2108.07258},
  year={2021}
}

@article{liu2023pre,
  title={Pre-train, prompt, and predict: A systematic survey of prompting methods in natural language processing},
  author={Liu, Pengfei and Yuan, Weizhe and Fu, Jinlan and Jiang, Zhengbao and Hayashi, Hiroaki and Neubig, Graham},
  journal={ACM Computing Surveys},
  volume={55},
  number={9},
  pages={1--35},
  year={2023},
  publisher={ACM New York, NY}
}

@article{liu2025generalist,
  title={A generalist medical language model for disease diagnosis assistance},
  author={Liu, Xiaohong and Liu, Hao and Yang, Guoxing and Jiang, Zeyu and Cui, Shuguang and Zhang, Zhaoze and Wang, Huan and Tao, Liyuan and Sun, Yongchang and Song, Zhu and others},
  journal={Nature Medicine},
  pages={1--11},
  year={2025},
  publisher={Nature Publishing Group US New York}
}

@article{singhal2025toward,
  title={Toward expert-level medical question answering with large language models},
  author={Singhal, Karan and Tu, Tao and Gottweis, Juraj and Sayres, Rory and Wulczyn, Ellery and Amin, Mohamed and Hou, Le and Clark, Kevin and Pfohl, Stephen R and Cole-Lewis, Heather and others},
  journal={Nature Medicine},
  pages={1--8},
  year={2025},
  publisher={Nature Publishing Group US New York}
}

@article{han2023medalpaca,
  title={MedAlpaca--An Open-Source Collection of Medical Conversational AI Models and Training Data},
  author={Han, Tianyu and Adams, Lisa C and Papaioannou, Jens-Michalis and Grundmann, Paul and Oberhauser, Tom and L{\"o}ser, Alexander and Truhn, Daniel and Bressem, Keno K},
  journal={arXiv preprint arXiv:2304.08247},
  year={2023}
}

@article{xie2024me,
  title={Me-LLaMA: Medical Foundation Large Language Models for Comprehensive Text Analysis and Beyond},
  author={Xie, Qianqian and Chen, Qingyu and Chen, Aokun and Peng, Cheng and Hu, Yan and Lin, Fongci and Peng, Xueqing and Huang, Jimin and Zhang, Jeffrey and Keloth, Vipina and others},
  year={2024}
}

@article{he2023survey,
  title={A survey of large language models for healthcare: from data, technology, and applications to accountability and ethics},
  author={He, Kai and Mao, Rui and Lin, Qika and Ruan, Yucheng and Lan, Xiang and Feng, Mengling and Cambria, Erik},
  journal={arXiv preprint arXiv:2310.05694},
  year={2023}
}

@article{schulz2018tutorial,
  title={A tutorial on Gaussian process regression: Modelling, exploring, and exploiting functions},
  author={Schulz, Eric and Speekenbrink, Maarten and Krause, Andreas},
  journal={Journal of mathematical psychology},
  volume={85},
  pages={1--16},
  year={2018},
  publisher={Elsevier}
}

@article{yang2022simper,
  title={Simper: Simple self-supervised learning of periodic targets},
  author={Yang, Yuzhe and Liu, Xin and Wu, Jiang and Borac, Silviu and Katabi, Dina and Poh, Ming-Zher and McDuff, Daniel},
  journal={arXiv preprint arXiv:2210.03115},
  year={2022}
}

@inproceedings{gu2019home,
  title={Home-based physical therapy with an interactive computer vision system},
  author={Gu, Yiwen and Pandit, Shreya and Saraee, Elham and Nordahl, Timothy and Ellis, Terry and Betke, Margrit},
  booktitle={Proceedings of the IEEE/CVF International Conference on Computer Vision Workshops},
  pages={0--0},
  year={2019}
}

@article{kroenke2001phq,
  title={The PHQ-9: validity of a brief depression severity measure},
  author={Kroenke, Kurt and Spitzer, Robert L and Williams, Janet BW},
  journal={Journal of general internal medicine},
  volume={16},
  number={9},
  pages={606--613},
  year={2001},
  publisher={Wiley Online Library}
}

@inproceedings{moon2024anymal,
  title={Anymal: An efficient and scalable any-modality augmented language model},
  author={Moon, Seungwhan and Madotto, Andrea and Lin, Zhaojiang and Nagarajan, Tushar and Smith, Matt and Jain, Shashank and Yeh, Chun-Fu and Murugesan, Prakash and Heidari, Peyman and Liu, Yue and others},
  booktitle={Proceedings of the 2024 Conference on Empirical Methods in Natural Language Processing: Industry Track},
  pages={1314--1332},
  year={2024}
}

@inproceedings{neekhara2022cross,
  title={Cross-modal adversarial reprogramming},
  author={Neekhara, Paarth and Hussain, Shehzeen and Du, Jinglong and Dubnov, Shlomo and Koushanfar, Farinaz and McAuley, Julian},
  booktitle={Proceedings of the IEEE/CVF Winter Conference on Applications of Computer Vision},
  pages={2427--2435},
  year={2022}
}

@article{kaplan2020scaling,
  title={Scaling laws for neural language models},
  author={Kaplan, Jared and McCandlish, Sam and Henighan, Tom and Brown, Tom B and Chess, Benjamin and Child, Rewon and Gray, Scott and Radford, Alec and Wu, Jeffrey and Amodei, Dario},
  journal={arXiv preprint arXiv:2001.08361},
  year={2020}
}

@article{narayanswamy2024scaling,
  title={Scaling Wearable Foundation Models},
  author={Narayanswamy, Girish and Liu, Xin and Ayush, Kumar and Yang, Yuzhe and Xu, Xuhai and Liao, Shun and Garrison, Jake and Tailor, Shyam and Sunshine, Jake and Liu, Yun and others},
  journal={arXiv preprint arXiv:2410.13638},
  year={2024}
}

@inproceedings{girdhar2023imagebind,
  title={Imagebind: One embedding space to bind them all},
  author={Girdhar, Rohit and El-Nouby, Alaaeldin and Liu, Zhuang and Singh, Mannat and Alwala, Kalyan Vasudev and Joulin, Armand and Misra, Ishan},
  booktitle={Proceedings of the IEEE/CVF Conference on Computer Vision and Pattern Recognition},
  pages={15180--15190},
  year={2023}
}


@article{fukazawa2019predicting,
  title={Predicting anxiety state using smartphone-based passive sensing},
  author={Fukazawa, Yusuke and Ito, Taku and Okimura, Tsukasa and Yamashita, Yuichi and Maeda, Takaki and Ota, Jun},
  journal={Journal of biomedical informatics},
  volume={93},
  pages={103151},
  year={2019},
  publisher={Elsevier}
}

@article{lim2018prevalence,
  title={Prevalence of depression in the community from 30 countries between 1994 and 2014},
  author={Lim, Grace Y and Tam, Wilson W and Lu, Yanxia and Ho, Cyrus S and Zhang, Melvyn W and Ho, Roger C},
  journal={Scientific reports},
  volume={8},
  number={1},
  pages={2861},
  year={2018},
  publisher={Nature Publishing Group UK London}
}

@article{crowe2019intra,
  title={The intra-day dynamics of affect, self-esteem, tiredness, and suicidality in Major Depression},
  author={Crowe, Eimear and Daly, Michael and Delaney, Liam and Carroll, Susan and Malone, Kevin M},
  journal={Psychiatry Research},
  volume={279},
  pages={98--108},
  year={2019},
  publisher={Elsevier}
}

@article{wang2018sensing,
  title={Sensing behavioral change over time: Using within-person variability features from mobile sensing to predict personality traits},
  author={Wang, Weichen and Harari, Gabriella M and Wang, Rui and M{\"u}ller, Sandrine R and Mirjafari, Shayan and Masaba, Kizito and Campbell, Andrew T},
  journal={Proceedings of the ACM on Interactive, Mobile, Wearable and Ubiquitous Technologies},
  volume={2},
  number={3},
  pages={1--21},
  year={2018},
  publisher={ACM New York, NY, USA}
}

@article{xu2023globem,
  title={GLOBEM: cross-dataset generalization of longitudinal human behavior modeling},
  author={Xu, Xuhai and Liu, Xin and Zhang, Han and Wang, Weichen and Nepal, Subigya and Sefidgar, Yasaman and Seo, Woosuk and Kuehn, Kevin S and Huckins, Jeremy F and Morris, Margaret E and others},
  journal={Proceedings of the ACM on Interactive, Mobile, Wearable and Ubiquitous Technologies},
  volume={6},
  number={4},
  pages={1--34},
  year={2023},
  publisher={ACM New York, NY, USA}
}

@inproceedings{pillai2023rare,
  title={Rare life event detection via mobile sensing using multi-task learning},
  author={Pillai, Arvind and Nepal, Subigya and Campbell, Andrew},
  booktitle={Conference on Health, Inference, and Learning},
  pages={279--293},
  year={2023},
  organization={PMLR}
}

@article{bizzozero2024daily,
  title={Daily Step Count and Depression in Adults: A Systematic Review and Meta-Analysis},
  author={Bizzozero-Peroni, Bruno and D{\'\i}az-Go{\~n}i, Valentina and Jim{\'e}nez-L{\'o}pez, Estela and Rodr{\'\i}guez-Guti{\'e}rrez, Eva and Sequ{\'\i}-Dom{\'\i}nguez, Irene and de Arenas-Arroyo, Sergio N{\'u}{\~n}ez and L{\'o}pez-Gil, Jos{\'e} Francisco and Mart{\'\i}nez-Vizca{\'\i}no, Vicente and Mesas, Arthur Eumann},
  journal={JAMA Network Open},
  volume={7},
  number={12},
  pages={e2451208--e2451208},
  year={2024},
  publisher={American Medical Association}
}

@article{diener2010new,
  title={New well-being measures: Short scales to assess flourishing and positive and negative feelings},
  author={Diener, Ed and Wirtz, Derrick and Tov, William and Kim-Prieto, Chu and Choi, Dong-won and Oishi, Shigehiro and Biswas-Diener, Robert},
  journal={Social indicators research},
  volume={97},
  pages={143--156},
  year={2010},
  publisher={Springer}
}

@article{nepal2024capturing,
  title={Capturing the College Experience: A Four-Year Mobile Sensing Study of Mental Health, Resilience and Behavior of College Students during the Pandemic},
  author={Nepal, Subigya and Liu, Wenjun and Pillai, Arvind and Wang, Weichen and Vojdanovski, Vlado and Huckins, Jeremy F and Rogers, Courtney and Meyer, Meghan L and Campbell, Andrew T},
  journal={Proceedings of the ACM on Interactive, Mobile, Wearable and Ubiquitous Technologies},
  volume={8},
  number={1},
  pages={1--37},
  year={2024},
  publisher={ACM New York, NY, USA}
}

@article{price2023predicting,
  title={Predicting weekly variability in depressive symptoms among individuals diagnosed with Major Depressive Disorder using deep learning and passively gathered movement data},
  author={Price, George and Langener, Anna and Heinz, Michael V and Mackin, Daniel and Nemesure, Matthew D and Collins, Amanda C and Griffin, Tess and Pillai, Arvind and Nepal, Subigya and Lekkas, Damien and others},
  year={2023},
  publisher={OSF}
}

@inproceedings{wang2014studentlife,
  title={StudentLife: assessing mental health, academic performance and behavioral trends of college students using smartphones},
  author={Wang, Rui and Chen, Fanglin and Chen, Zhenyu and Li, Tianxing and Harari, Gabriella and Tignor, Stefanie and Zhou, Xia and Ben-Zeev, Dror and Campbell, Andrew T},
  booktitle={Proceedings of the 2014 ACM international joint conference on pervasive and ubiquitous computing},
  pages={3--14},
  year={2014}
}