@inproceedings{belyaeva2023multimodal,
  title={Multimodal llms for health grounded in individual-specific data},
  author={Belyaeva, Anastasiya and Cosentino, Justin and Hormozdiari, Farhad and Eswaran, Krish and Shetty, Shravya and Corrado, Greg and Carroll, Andrew and McLean, Cory Y and Furlotte, Nicholas A},
  booktitle={Workshop on Machine Learning for Multimodal Healthcare Data},
  pages={86--102},
  year={2023},
  organization={Springer}
}

@article{bommasani2021opportunities,
  title={On the opportunities and risks of foundation models},
  author={Bommasani, Rishi and Hudson, Drew A and Adeli, Ehsan and Altman, Russ and Arora, Simran and von Arx, Sydney and Bernstein, Michael S and Bohg, Jeannette and Bosselut, Antoine and Brunskill, Emma and others},
  journal={arXiv preprint arXiv:2108.07258},
  year={2021}
}

@inproceedings{chen2024model,
  title={Model reprogramming: Resource-efficient cross-domain machine learning},
  author={Chen, Pin-Yu},
  booktitle={Proceedings of the AAAI Conference on Artificial Intelligence},
  volume={38},
  number={20},
  pages={22584--22591},
  year={2024}
}

@article{dubey2024llama,
  title={The llama 3 herd of models},
  author={Dubey, Abhimanyu and Jauhri, Abhinav and Pandey, Abhinav and Kadian, Abhishek and Al-Dahle, Ahmad and Letman, Aiesha and Mathur, Akhil and Schelten, Alan and Yang, Amy and Fan, Angela and others},
  journal={arXiv preprint arXiv:2407.21783},
  year={2024}
}

@article{fukazawa2019predicting,
  title={Predicting anxiety state using smartphone-based passive sensing},
  author={Fukazawa, Yusuke and Ito, Taku and Okimura, Tsukasa and Yamashita, Yuichi and Maeda, Takaki and Ota, Jun},
  journal={Journal of biomedical informatics},
  volume={93},
  pages={103151},
  year={2019},
  publisher={Elsevier}
}

@article{gruver2024large,
  title={Large language models are zero-shot time series forecasters},
  author={Gruver, Nate and Finzi, Marc and Qiu, Shikai and Wilson, Andrew G},
  journal={Advances in Neural Information Processing Systems},
  volume={36},
  year={2024}
}

@article{han2023medalpaca,
  title={MedAlpaca--An Open-Source Collection of Medical Conversational AI Models and Training Data},
  author={Han, Tianyu and Adams, Lisa C and Papaioannou, Jens-Michalis and Grundmann, Paul and Oberhauser, Tom and L{\"o}ser, Alexander and Truhn, Daniel and Bressem, Keno K},
  journal={arXiv preprint arXiv:2304.08247},
  year={2023}
}

@article{he2023survey,
  title={A survey of large language models for healthcare: from data, technology, and applications to accountability and ethics},
  author={He, Kai and Mao, Rui and Lin, Qika and Ruan, Yucheng and Lan, Xiang and Feng, Mengling and Cambria, Erik},
  journal={arXiv preprint arXiv:2310.05694},
  year={2023}
}

@article{kim2024health,
  title={Health-llm: Large language models for health prediction via wearable sensor data},
  author={Kim, Yubin and Xu, Xuhai and McDuff, Daniel and Breazeal, Cynthia and Park, Hae Won},
  journal={arXiv preprint arXiv:2401.06866},
  year={2024}
}

@article{liu2023large,
  title={Large language models are few-shot health learners},
  author={Liu, Xin and McDuff, Daniel and Kovacs, Geza and Galatzer-Levy, Isaac and Sunshine, Jacob and Zhan, Jiening and Poh, Ming-Zher and Liao, Shun and Di Achille, Paolo and Patel, Shwetak},
  journal={arXiv preprint arXiv:2305.15525},
  year={2023}
}

@article{liu2023pre,
  title={Pre-train, prompt, and predict: A systematic survey of prompting methods in natural language processing},
  author={Liu, Pengfei and Yuan, Weizhe and Fu, Jinlan and Jiang, Zhengbao and Hayashi, Hiroaki and Neubig, Graham},
  journal={ACM Computing Surveys},
  volume={55},
  number={9},
  pages={1--35},
  year={2023},
  publisher={ACM New York, NY}
}

@article{liu2025generalist,
  title={A generalist medical language model for disease diagnosis assistance},
  author={Liu, Xiaohong and Liu, Hao and Yang, Guoxing and Jiang, Zeyu and Cui, Shuguang and Zhang, Zhaoze and Wang, Huan and Tao, Liyuan and Sun, Yongchang and Song, Zhu and others},
  journal={Nature Medicine},
  pages={1--11},
  year={2025},
  publisher={Nature Publishing Group US New York}
}

@inproceedings{neekhara2022cross,
  title={Cross-modal adversarial reprogramming},
  author={Neekhara, Paarth and Hussain, Shehzeen and Du, Jinglong and Dubnov, Shlomo and Koushanfar, Farinaz and McAuley, Julian},
  booktitle={Proceedings of the IEEE/CVF Winter Conference on Applications of Computer Vision},
  pages={2427--2435},
  year={2022}
}

@article{nepal2024capturing,
  title={Capturing the College Experience: A Four-Year Mobile Sensing Study of Mental Health, Resilience and Behavior of College Students during the Pandemic},
  author={Nepal, Subigya and Liu, Wenjun and Pillai, Arvind and Wang, Weichen and Vojdanovski, Vlado and Huckins, Jeremy F and Rogers, Courtney and Meyer, Meghan L and Campbell, Andrew T},
  journal={Proceedings of the ACM on Interactive, Mobile, Wearable and Ubiquitous Technologies},
  volume={8},
  number={1},
  pages={1--37},
  year={2024},
  publisher={ACM New York, NY, USA}
}

@inproceedings{pillai2023rare,
  title={Rare life event detection via mobile sensing using multi-task learning},
  author={Pillai, Arvind and Nepal, Subigya and Campbell, Andrew},
  booktitle={Conference on Health, Inference, and Learning},
  pages={279--293},
  year={2023},
  organization={PMLR}
}

@article{singhal2025toward,
  title={Toward expert-level medical question answering with large language models},
  author={Singhal, Karan and Tu, Tao and Gottweis, Juraj and Sayres, Rory and Wulczyn, Ellery and Amin, Mohamed and Hou, Le and Clark, Kevin and Pfohl, Stephen R and Cole-Lewis, Heather and others},
  journal={Nature Medicine},
  pages={1--8},
  year={2025},
  publisher={Nature Publishing Group US New York}
}

@article{vinod2023reprogramming,
  title={Reprogramming pretrained language models for protein sequence representation learning},
  author={Vinod, Ria and Chen, Pin-Yu and Das, Payel},
  journal={arXiv preprint arXiv:2301.02120},
  year={2023}
}

@inproceedings{wang2014studentlife,
  title={StudentLife: assessing mental health, academic performance and behavioral trends of college students using smartphones},
  author={Wang, Rui and Chen, Fanglin and Chen, Zhenyu and Li, Tianxing and Harari, Gabriella and Tignor, Stefanie and Zhou, Xia and Ben-Zeev, Dror and Campbell, Andrew T},
  booktitle={Proceedings of the 2014 ACM international joint conference on pervasive and ubiquitous computing},
  pages={3--14},
  year={2014}
}

@article{wang2018sensing,
  title={Sensing behavioral change over time: Using within-person variability features from mobile sensing to predict personality traits},
  author={Wang, Weichen and Harari, Gabriella M and Wang, Rui and M{\"u}ller, Sandrine R and Mirjafari, Shayan and Masaba, Kizito and Campbell, Andrew T},
  journal={Proceedings of the ACM on Interactive, Mobile, Wearable and Ubiquitous Technologies},
  volume={2},
  number={3},
  pages={1--21},
  year={2018},
  publisher={ACM New York, NY, USA}
}

@article{xie2024me,
  title={Me-LLaMA: Medical Foundation Large Language Models for Comprehensive Text Analysis and Beyond},
  author={Xie, Qianqian and Chen, Qingyu and Chen, Aokun and Peng, Cheng and Hu, Yan and Lin, Fongci and Peng, Xueqing and Huang, Jimin and Zhang, Jeffrey and Keloth, Vipina and others},
  year={2024}
}

@article{xu2023globem,
  title={GLOBEM: cross-dataset generalization of longitudinal human behavior modeling},
  author={Xu, Xuhai and Liu, Xin and Zhang, Han and Wang, Weichen and Nepal, Subigya and Sefidgar, Yasaman and Seo, Woosuk and Kuehn, Kevin S and Huckins, Jeremy F and Morris, Margaret E and others},
  journal={Proceedings of the ACM on Interactive, Mobile, Wearable and Ubiquitous Technologies},
  volume={6},
  number={4},
  pages={1--34},
  year={2023},
  publisher={ACM New York, NY, USA}
}

@article{xu2024mental,
  title={Mental-llm: Leveraging large language models for mental health prediction via online text data},
  author={Xu, Xuhai and Yao, Bingsheng and Dong, Yuanzhe and Gabriel, Saadia and Yu, Hong and Hendler, James and Ghassemi, Marzyeh and Dey, Anind K and Wang, Dakuo},
  journal={Proceedings of the ACM on Interactive, Mobile, Wearable and Ubiquitous Technologies},
  volume={8},
  number={1},
  pages={1--32},
  year={2024},
  publisher={ACM New York, NY, USA}
}

@inproceedings{xu2024penetrative,
  title={Penetrative ai: Making llms comprehend the physical world},
  author={Xu, Huatao and Han, Liying and Yang, Qirui and Li, Mo and Srivastava, Mani},
  booktitle={Proceedings of the 25th International Workshop on Mobile Computing Systems and Applications},
  pages={1--7},
  year={2024}
}

@article{xue2023promptcast,
  title={Promptcast: A new prompt-based learning paradigm for time series forecasting},
  author={Xue, Hao and Salim, Flora D},
  journal={IEEE Transactions on Knowledge and Data Engineering},
  year={2023},
  publisher={IEEE}
}

@inproceedings{yang2021voice2series,
  title={Voice2series: Reprogramming acoustic models for time series classification},
  author={Yang, Chao-Han Huck and Tsai, Yun-Yun and Chen, Pin-Yu},
  booktitle={International conference on machine learning},
  pages={11808--11819},
  year={2021},
  organization={PMLR}
}

@article{yoon2024my,
  title={By My Eyes: Grounding Multimodal Large Language Models with Sensor Data via Visual Prompting},
  author={Yoon, Hyungjun and Tolera, Biniyam Aschalew and Gong, Taesik and Lee, Kimin and Lee, Sung-Ju},
  journal={arXiv preprint arXiv:2407.10385},
  year={2024}
}

@inproceedings{zamfirescu2023johnny,
  title={Why Johnny canâ€™t prompt: how non-AI experts try (and fail) to design LLM prompts},
  author={Zamfirescu-Pereira, JD and Wong, Richmond Y and Hartmann, Bjoern and Yang, Qian},
  booktitle={Proceedings of the 2023 CHI Conference on Human Factors in Computing Systems},
  pages={1--21},
  year={2023}
}

