@inproceedings{AGM:conf/iccv/LiLHLLZ23,
  author       = {Hong Li and
                  Xingyu Li and
                  Pengbo Hu and
                  Yinuo Lei and
                  Chunxiao Li and
                  Yi Zhou},
  title        = {Boosting Multi-modal Model Performance with Adaptive Gradient Modulation},
  publisher    = {{IEEE} },
  booktitle    = {{IEEE/CVF} International Conference on Computer Vision},
  pages        = {22157--22167},
  year         = {2023},
}

@inproceedings{Adaboost:conf/eurocolt/FreundS95,
  author       = {Yoav Freund and
                  Robert E. Schapire},
  title        = {A decision-theoretic generalization of on-line learning and an application
                  to boosting},
  booktitle    = {EuroCOLT},
  series       = {Lecture Notes in Computer Science},
  volume       = {904},
  pages        = {23--37},
  publisher    = {Springer},
  year         = {1995},
}

@inproceedings{Boost:conf/cvpr/LiuHMT14,
  author       = {Ping Liu and
                  Shizhong Han and
                  Zibo Meng and
                  Yan Tong},
  title        = {Facial Expression Recognition via a Boosted Deep Belief Network},
  publisher    = {Computer Vision Foundation / {IEEE}},
  booktitle    = {{IEEE} Conference on Computer Vision and Pattern Recognition},
  pages        = {1805--1812},
  year         = {2014},
}

@inproceedings{Boost:conf/icml/CortesMS14,
  author       = {Corinna Cortes and
                  Mehryar Mohri and
                  Umar Syed},
  title        = {Deep Boosting},
  publisher    = {{PMLR}},
  booktitle    = {Proceedings of the International Conference on Machine Learning},
  pages        = {1179--1187},
  year         = {2014},
}

@inproceedings{Boost:conf/nips/ProkhorenkovaGV18,
  author       = {Liudmila Ostroumova Prokhorenkova and
                  Gleb Gusev and
                  Aleksandr Vorobev and
                  Anna Veronika Dorogush and
                  Andrey Gulin},
  title        = {CatBoost: unbiased boosting with categorical features},
  booktitle    = {Advances in Neural Information Processing Systems},
  pages        = {6639--6649},
  year         = {2018},
}

@inproceedings{DI-MML:conf/mm/FanXWLG24,
  author       = {Yunfeng Fan and
                  Wenchao Xu and
                  Haozhao Wang and
                  Junhong Liu and
                  Song Guo},
  title        = {Detached and Interactive Multimodal Learning},
  publisher    = {{ACM}},
  booktitle    = {The {ACM} International Conference on Multimedia},
  year         = {2024},
}

@article{GradientBoosting:journal/AS/FriedmanJ,
  title        = {Greedy function approximation: a gradient boosting machine},
  author       = {Friedman, Jerome H},
  journal      = {Annals of Statistics},
  pages        = {1189--1232},
  year         = {2001},
  publisher    = {JSTOR}
}

@inproceedings{LightGBM:conf/nips/KeMFWCMYL17,
  author       = {Guolin Ke and
                  Qi Meng and
                  Thomas Finley and
                  Taifeng Wang and
                  Wei Chen and
                  Weidong Ma and
                  Qiwei Ye and
                  Tie{-}Yan Liu},
  title        = {LightGBM: {A} Highly Efficient Gradient Boosting Decision Tree},
  booktitle    = {Advances in Neural Information Processing Systems},
  pages        = {3146--3154},
  year         = {2017},
}

@article{MAIE:journals/corr/abs-2407-04587,
  author       = {Qing{-}Yuan Jiang and
                  Zhouyang Chi and
                  Yang Yang},
  title        = {Multimodal Classification via Modal-Aware Interactive Enhancement},
  journal      = {CoRR},
  volume       = {abs/2407.04587},
  year         = {2024},
  url          = {https://doi.org/10.48550/arXiv.2407.04587},
}

@inproceedings{MLA:conf/cvpr/ZhangYBY24,
  author       = {Xiaohui Zhang and
                  Jaehong Yoon and
                  Mohit Bansal and
                  Huaxiu Yao},
  title        = {Multimodal Representation Learning by Alternating Unimodal Adaptation},
  booktitle    = {{IEEE} Conference on Computer Vision and Pattern Recognition},
  publisher    = {IEEE},
  pages        = {27456--27466}, 
  year         = {2024},
}

@inproceedings{MMDL:conf/cvpr/SinghHGCGRK22,
  author       = {Amanpreet Singh and
                  Ronghang Hu and
                  Vedanuj Goswami and
                  Guillaume Couairon and
                  Wojciech Galuba and
                  Marcus Rohrbach and
                  Douwe Kiela},
  title        = {{FLAVA:} {A} Foundational Language And Vision Alignment Model},
  publisher    = {Computer Vision Foundation / {IEEE}},
  booktitle    = {{IEEE} Conference on Computer Vision and Pattern Recognition},
  pages        = {15617--15629},
  year         = {2022},
}

@inproceedings{MMDL:conf/icml/JiaYXCPPLSLD21,
  author       = {Chao Jia and
                  Yinfei Yang and
                  Ye Xia and
                  Yi{-}Ting Chen and
                  Zarana Parekh and
                  Hieu Pham and
                  Quoc V. Le and
                  Yun{-}Hsuan Sung and
                  Zhen Li and
                  Tom Duerig},
  title        = {Scaling Up Visual and Vision-Language Representation Learning With Noisy Text Supervision},
  publisher    = {{PMLR}},
  booktitle    = {Proceedings of the International Conference on Machine Learning},
  pages        = {4904--4916},
  year         = {2021},
}

@inproceedings{MMDL:conf/icml/NgiamKKNLN11,
  author       = {Jiquan Ngiam and
                  Aditya Khosla and
                  Mingyu Kim and
                  Juhan Nam and
                  Honglak Lee and
                  Andrew Y. Ng},
  title        = {Multimodal Deep Learning},
  publisher    = {Omnipress},
  booktitle    = {Proceedings of the International Conference on Machine Learning},
  pages        = {689--696},
  year         = {2011},
}

@inproceedings{MML:conf/cvpr/GaoOGT20,
  author       = {Ruohan Gao and
                  Tae{-}Hyun Oh and
                  Kristen Grauman and
                  Lorenzo Torresani},
  title        = {Listen to Look: Action Recognition by Previewing Audio},
  publisher    = {Computer Vision Foundation / {IEEE}},
  booktitle    = {{IEEE} Conference on Computer Vision and Pattern Recognition},
  pages        = {10454--10464},
  year         = {2020},
}

@inproceedings{MML:conf/cvpr/Ge0G00AILZ23,
  author       = {Yunhao Ge and
                  Jie Ren and
                  Andrew Gallagher and
                  Yuxiao Wang and
                  Ming{-}Hsuan Yang and
                  Hartwig Adam and
                  Laurent Itti and
                  Balaji Lakshminarayanan and
                  Jiaping Zhao},
  title        = {Improving Zero-shot Generalization and Robustness of Multi-Modal Models},
  publisher    = {Computer Vision Foundation / {IEEE}},
  booktitle    = {{IEEE} Conference on Computer Vision and Pattern Recognition},
  pages        = {11093--11101},
  year         = {2023},
}

@inproceedings{MML:conf/cvpr/HuLL16,
  author       = {Di Hu and
                  Xuelong Li and
                  Xiaoqiang Lu},
  title        = {Temporal Multimodal Learning in Audiovisual Speech Recognition},
  publisher    = {Computer Vision Foundation / {IEEE}},
  booktitle    = {{IEEE} Conference on Computer Vision and Pattern Recognition},
  pages        = {3574--3582},
  year         = {2016},
}

@inproceedings{MML:conf/cvpr/LvCHDL21,
  author       = {Fengmao Lv and
                  Xiang Chen and
                  Yanyong Huang and
                  Lixin Duan and
                  Guosheng Lin},
  title        = {Progressive Modality Reinforcement for Human Multimodal Emotion Recognition
                  From Unaligned Multimodal Sequences},
  publisher    = {Computer Vision Foundation / {IEEE}},
  booktitle    = {{IEEE} Conference on Computer Vision and Pattern Recognition},
  pages        = {2554--2562},
  year         = {2021},
}

@inproceedings{MML:conf/ijcai/YangWZX019,
  author       = {Yang Yang and
                  Ke{-}Tao Wang and
                  De{-}Chuan Zhan and
                  Hui Xiong and
                  Yuan Jiang},
  title        = {Comprehensive Semi-Supervised Multi-Modal Learning},
  booktitle    = {Proceedings of the International Joint Conference on
                  Artificial Intelligence},
  pages        = {4092--4098},
  publisher    = {ijcai.org},
  year         = {2019},
}

@inproceedings{MML:conf/nips/HuangDXCZH21,
  author       = {Yu Huang and
                  Chenzhuang Du and
                  Zihui Xue and
                  Xuanyao Chen and
                  Hang Zhao and
                  Longbo Huang},
  title        = {What Makes Multi-Modal Learning Better than Single (Provably)},
  booktitle    = {Advances in Neural Information Processing Systems},
  pages        = {10944--10956},
  year         = {2021},
}

@inproceedings{MML:conf/nips/SimonyanZ14,
  author       = {Karen Simonyan and
                  Andrew Zisserman},
  title        = {Two-Stream Convolutional Networks for Action Recognition in Videos},
  booktitle    = {Advances in Neural Information Processing Systems},
  pages        = {568--576},
  year         = {2014},
}

@inproceedings{MSLR:conf/acl/YaoM22,
  author       = {Yiqun Yao and
                  Rada Mihalcea},
  title        = {Modality-specific Learning Rates for Effective Multimodal Additive
                  Late-fusion},
  booktitle    = {Proceedings of the Association for Computational
                  Linguistics},
  pages        = {1824--1834},
  year         = {2022},
}

@inproceedings{ModalCompetition:conf/icml/HuangLZYH22,
  author       = {Yu Huang and
                  Junyang Lin and
                  Chang Zhou and
                  Hongxia Yang and
                  Longbo Huang},
  title        = {Modality Competition: What Makes Joint Training of Multi-modal Network
                  Fail in Deep Learning? (Provably)},
  booktitle    = {Proceedings of the International Conference on Machine Learning},
  series       = {Proceedings of Machine Learning Research},
  volume       = {162},
  pages        = {9226--9259},
  publisher    = {{PMLR}},
  year         = {2022},
}

@inproceedings{OGM:conf/cvpr/PengWD0H22,
  author       = {Xiaokang Peng and
                  Yake Wei and
                  Andong Deng and
                  Dong Wang and
                  Di Hu},
  title        = {Balanced Multimodal Learning via On-the-fly Gradient Modulation},
  publisher    = {Computer Vision Foundation / {IEEE}},
  booktitle    = {{IEEE} Conference on Computer Vision and Pattern Recognition},
  pages        = {8228--8237},
  year         = {2022},
}

@inproceedings{OGR-GB:conf/cvpr/WangTF20,
  author       = {Weiyao Wang and
                  Du Tran and
                  Matt Feiszli},
  title        = {What Makes Training Multi-Modal Classification Networks Hard?},
  publisher    = {Computer Vision Foundation / {IEEE}},
  booktitle    = {{IEEE} Conference on Computer Vision and Pattern Recognition},
  pages        = {12692--12702},
  year         = {2020},
}

@inproceedings{PMR:conf/cvpr/Fan0WW023,
  author       = {Yunfeng Fan and
                  Wenchao Xu and
                  Haozhao Wang and
                  Junxiao Wang and
                  Song Guo},
  title        = {{PMR:} Prototypical Modal Rebalance for Multimodal Learning},
  publisher    = {Computer Vision Foundation / {IEEE}},
  booktitle    = {{IEEE} Conference on Computer Vision and Pattern Recognition},
  pages        = {20029--20038},
  year         = {2023},
}

@inproceedings{ReconBoost:conf/icml/CongHua24,
  author       = {Cong Hua and Qianqian Xu and Shilong Bao and Zhiyong Yang and Qingming Huang},
  title        = {ReconBoost: Boosting Can Achieve Modality Reconcilement},
  publisher    = {PMLR},
  booktitle    = {Proceedings of the International Conference on Machine Learning},
  year         = {2024},
}

@inproceedings{XGBoost:conf/kdd/ChenG16,
  author       = {Tianqi Chen and
                  Carlos Guestrin},
  editor       = {Balaji Krishnapuram and
                  Mohak Shah and
                  Alexander J. Smola and
                  Charu C. Aggarwal and
                  Dou Shen and
                  Rajeev Rastogi},
  title        = {XGBoost: {A} Scalable Tree Boosting System},
  booktitle    = {Proceedings of the {ACM} {SIGKDD} International Conference on
                  Knowledge Discovery and Data Mining},
  pages        = {785--794},
  publisher    = {{ACM}},
  year         = {2016},
}

