@String(PAMI = {IEEE Trans. Pattern Anal. Mach. Intell.})
@String(IJCV = {Int. J. Comput. Vis.})
@String(CVPR= {IEEE Conf. Comput. Vis. Pattern Recog.})
@String(ICCV= {Int. Conf. Comput. Vis.})
@String(ECCV= {Eur. Conf. Comput. Vis.})
@String(NIPS= {Adv. Neural Inform. Process. Syst.})
@String(ICPR = {Int. Conf. Pattern Recog.})
@String(BMVC= {Brit. Mach. Vis. Conf.})
@String(TOG= {ACM Trans. Graph.})
@String(TIP  = {IEEE Trans. Image Process.})
@String(TVCG  = {IEEE Trans. Vis. Comput. Graph.})
@String(TMM  = {IEEE Trans. Multimedia})
@String(ACMMM= {ACM Int. Conf. Multimedia})
@String(ICME = {Int. Conf. Multimedia and Expo})
@String(ICASSP=	{ICASSP})
@String(ICIP = {IEEE Int. Conf. Image Process.})
@String(ACCV  = {ACCV})
@String(ICLR = {Int. Conf. Learn. Represent.})
@String(IJCAI = {IJCAI})
@String(PR   = {Pattern Recognition})
@String(AAAI = {AAAI})
@String(CVPRW= {IEEE Conf. Comput. Vis. Pattern Recog. Worksh.})
@String(CSVT = {IEEE Trans. Circuit Syst. Video Technol.})

@String(SPL	= {IEEE Sign. Process. Letters})
@String(VR   = {Vis. Res.})
@String(JOV	 = {J. Vis.})
@String(TVC  = {The Vis. Comput.})
@String(JCST  = {J. Comput. Sci. Tech.})
@String(CGF  = {Comput. Graph. Forum})
@String(CVM = {Computational Visual Media})


@String(PAMI  = {IEEE TPAMI})
@String(IJCV  = {IJCV})
@String(CVPR  = {CVPR})
@String(ICCV  = {ICCV})
@String(ECCV  = {ECCV})
@String(NIPS  = {NeurIPS})
@String(ICPR  = {ICPR})
@String(BMVC  =	{BMVC})
@String(TOG   = {ACM TOG})
@String(TIP   = {IEEE TIP})
@String(TVCG  = {IEEE TVCG})
@String(TCSVT = {IEEE TCSVT})
@String(TMM   =	{IEEE TMM})
@String(ACMMM = {ACM MM})
@String(ICME  =	{ICME})
@String(ICASSP=	{ICASSP})
@String(ICIP  = {ICIP})
@String(ACCV  = {ACCV})
@String(ICLR  = {ICLR})
@String(IJCAI = {IJCAI})
@String(PR = {PR})
@String(AAAI = {AAAI})
@String(CVPRW= {CVPRW})
@String(CSVT = {IEEE TCSVT})

%% ------------------------ACL------------------------
@article{GradientBoosting:journal/AS/FriedmanJ,
  title        = {Greedy function approximation: a gradient boosting machine},
  author       = {Friedman, Jerome H},
  journal      = {Annals of Statistics},
  pages        = {1189--1232},
  year         = {2001},
  publisher    = {JSTOR}
}

@inproceedings{Sarcasm:conf/acl/CaiCW19,
  author       = {Yitao Cai and
                  Huiyu Cai and
                  Xiaojun Wan},
  title        = {Multi-Modal Sarcasm Detection in Twitter with Hierarchical Fusion
                  Model},
  booktitle    = {Proceedings of the Association for Computational
                  Linguistics},
  pages        = {2506--2515},
  year         = {2019},
}
@inproceedings{MSLR:conf/acl/YaoM22,
  author       = {Yiqun Yao and
                  Rada Mihalcea},
  title        = {Modality-specific Learning Rates for Effective Multimodal Additive
                  Late-fusion},
  booktitle    = {Proceedings of the Association for Computational
                  Linguistics},
  pages        = {1824--1834},
  year         = {2022},
}
@inproceedings{Caption:conf/acl/ChangMSPM15,
  author       = {Angel X. Chang and
                  Will Monroe and
                  Manolis Savva and
                  Christopher Potts and
                  Christopher D. Manning},
  title        = {Text to 3D Scene Generation with Rich Lexical Grounding},
  booktitle    = {Proceedings of the Association for Computational
                  Linguistics},
  pages        = {53--62},
  year         = {2015},
}

@inproceedings{LF:conf/acl/MorencyLZLSL18,
  author       = {Zhun Liu and
                  Ying Shen and
                  Varun Bharadhwaj Lakshminarasimhan and
                  Paul Pu Liang and
                  Amir Zadeh and
                  Louis{-}Philippe Morency},
  title        = {Efficient Low-rank Multimodal Fusion With Modality-Specific Factors},
  booktitle    = {Proceedings of the Association for Computational
                  Linguistics},
  pages        = {2247--2256},
  year         = {2018},
  url          = {https://aclanthology.org/P18-1209/},
}

%% ------------------------ACMMM------------------------
@inproceedings{DI-MML:conf/mm/FanXWLG24,
  author       = {Yunfeng Fan and
                  Wenchao Xu and
                  Haozhao Wang and
                  Junhong Liu and
                  Song Guo},
  title        = {Detached and Interactive Multimodal Learning},
  publisher    = {{ACM}},
  booktitle    = {The {ACM} International Conference on Multimedia},
  year         = {2024},
}
@inproceedings{DOMFN:conf/mm/0074ZGGZ22,
  author       = {Yang Yang and
                  Jingshuai Zhang and
                  Fan Gao and
                  Xiaoru Gao and
                  Hengshu Zhu},
  title        = {{DOMFN:} {A} Divergence-Orientated Multi-Modal Fusion Network for
                  Resume Assessment},
  publisher    = {{ACM}},
  booktitle    = {The {ACM} International Conference on Multimedia},
  pages        = {1612--1620},
  year         = {2022},
}
@inproceedings{MV-SSTMA:conf/mm/LiWZL22,
  author       = {Rui Li and
                  Yiting Wang and
                  Wei{-}Long Zheng and
                  Bao{-}Liang Lu},
  title        = {A Multi-view Spectral-Spatial-Temporal Masked Autoencoder for Decoding
                  Emotions with Self-supervised Learning},
  booktitle    = {The {ACM} International Conference on Multimedia},
  pages        = {6--14},
  publisher    = {{ACM}},
  year         = {2022},
}
@inproceedings{GMMF:conf/mm/XiaoDCJYDL22,
  author       = {Fangxiong Xiao and
                  Lixi Deng and
                  Jingjing Chen and
                  Houye Ji and
                  Xiaorui Yang and
                  Zhuoye Ding and
                  Bo Long},
  title        = {From Abstract to Details: {A} Generative Multimodal Fusion Framework
                  for Recommendation},
  booktitle    = {The {ACM} International Conference on Multimedia},
  pages        = {258--267},
  publisher    = {{ACM}},
  year         = {2022},
}
@inproceedings{MGAD:conf/mm/HuangTDX22,
  author       = {Nisha Huang and
                  Fan Tang and
                  Weiming Dong and
                  Changsheng Xu},
  title        = {Draw Your Art Dream: Diverse Digital Art Synthesis with Multimodal
                  Guided Diffusion},
  booktitle    = {The {ACM} International Conference on Multimedia},
  pages        = {1085--1094},
  publisher    = {{ACM}},
  year         = {2022},
}
@inproceedings{CoHOZ:conf/mm/LiaoLLL00Y22,
  author       = {Ning Liao and
                  Yifeng Liu and
                  Xiaobo Li and
                  Chenyi Lei and
                  Guoxin Wang and
                  Xian{-}Sheng Hua and
                  Junchi Yan},
  title        = {CoHOZ: Contrastive Multimodal Prompt Tuning for Hierarchical Open-set
                  Zero-shot Recognition},
  booktitle    = {The {ACM} International Conference on Multimedia},
  pages        = {3262--3271},
  publisher    = {{ACM}},
  year         = {2022},
}
@inproceedings{MML:conf/mm/Zhou0CD023,
  author       = {Yuwei Zhou and
                  Xin Wang and
                  Hong Chen and
                  Xuguang Duan and
                  Wenwu Zhu},
  title        = {Intra- and Inter-Modal Curriculum for Multimodal Learning},
  booktitle    = {The {ACM} International Conference on Multimedia},
  pages        = {3724--3735},
  publisher    = {{ACM}},
  year         = {2023},
}
%% ------------------------ACPR------------------------
@inproceedings{MSES:conf/acpr/FujimoriEKM19,
  author       = {Naotsuna Fujimori and
                  Rei Endo and
                  Yoshihiko Kawai and
                  Takahiro Mochizuki},
  title        = {Modality-Specific Learning Rate Control for Multimodal Classification},
  booktitle    = {Asian Conference on Pattern Recognition},
  volume       = {12047},
  pages        = {412--422},
  year         = {2019},
}
%% ------------------------arXiv------------------------
@article{ReLU:journals/corr/abs-1803-08375,
  author       = {Abien Fred Agarap},
  title        = {Deep Learning using Rectified Linear Units (ReLU)},
  journal      = {CoRR},
  volume       = {abs/1803.08375},
  year         = {2018},
}
@article{MAIE:journals/corr/abs-2407-04587,
  author       = {Qing{-}Yuan Jiang and
                  Zhouyang Chi and
                  Yang Yang},
  title        = {Multimodal Classification via Modal-Aware Interactive Enhancement},
  journal      = {CoRR},
  volume       = {abs/2407.04587},
  year         = {2024},
  url          = {https://doi.org/10.48550/arXiv.2407.04587},
}
@article{LLAMA:journals/corr/abs-2302-13971,
  author       = {Hugo Touvron and
                  Thibaut Lavril and
                  Gautier Izacard and
                  Xavier Martinet and
                  Marie{-}Anne Lachaux and
                  Timoth{\'{e}}e Lacroix and
                  Baptiste Rozi{\`{e}}re and
                  Naman Goyal and
                  Eric Hambro and
                  Faisal Azhar and
                  Aur{\'{e}}lien Rodriguez and
                  Armand Joulin and
                  Edouard Grave and
                  Guillaume Lample},
  title        = {LLaMA: Open and Efficient Foundation Language Models},
  journal      = {CoRR},
  volume       = {abs/2302.13971},
  year         = {2023},
}
@article{EVACLIP:journals/corr/abs-2303-15389,
  author       = {Quan Sun and
                  Yuxin Fang and
                  Ledell Wu and
                  Xinlong Wang and
                  Yue Cao},
  title        = {{EVA-CLIP:} Improved Training Techniques for {CLIP} at Scale},
  journal      = {CoRR},
  volume       = {abs/2303.15389},
  year         = {2023},
}
@article{CMR:journals/corr/WangY0W016,
  author       = {Kaiye Wang and
                  Qiyue Yin and
                  Wei Wang and
                  Shu Wu and
                  Liang Wang},
  title        = {A Comprehensive Survey on Cross-modal Retrieval},
  journal      = {CoRR},
  volume       = {abs/1607.06215},
  year         = {2016},
}

@article{MAN:journals/corr/abs-2011-06102,
  author       = {Aya Abdelsalam Ismail and
                  Mahmudul Hasan and
                  Faisal Ishtiaq},
  title        = {Improving Multimodal Accuracy Through Modality Pre-training and Attention},
  journal      = {CoRR},
  volume       = {abs/2011.06102},
  year         = {2020},
}

@article{MML:journals/corr/abs-2301-04856,
  author       = {Cem Akkus and
                  Luyang Chu and
                  Vladana Djakovic and
                  Steffen Jauch{-}Walser and
                  Philipp Koch and
                  Giacomo Loss and
                  Christopher Marquardt and
                  Marco Moldovan and
                  Nadja Sauter and
                  Maximilian Schneider and
                  Rickmer Schulte and
                  Karol Urbanczyk and
                  Jann Goschenhofer and
                  Christian Heumann and
                  Rasmus Hvingelby and
                  Daniel Schalk and
                  Matthias A{\ss}enmacher},
  title        = {Multimodal Deep Learning},
  journal      = {CoRR},
  volume       = {abs/2301.04856},
  year         = {2023},
}

@article{CMR:journals/corr/abs-2308-14263,
  author       = {Lei Zhu and
                  Tianshi Wang and
                  Fengling Li and
                  Jingjing Li and
                  Zheng Zhang and
                  Heng Tao Shen},
  title        = {Cross-Modal Retrieval: {A} Systematic Review of Methods and Future
                  Directions},
  journal      = {CoRR},
  volume       = {abs/2308.14263},
  year         = {2023},
}

@article{GPT4:journals/corr/abs-2303-08774,
  author       = {OpenAI},
  title        = {{GPT-4} Technical Report},
  journal      = {CoRR},
  volume       = {abs/2303.08774},
  year         = {2023},
  doi          = {10.48550/ARXIV.2303.08774},
}

@article{MLLM:journals/corr/abs-2306-13549,
  author       = {Shukang Yin and
                  Chaoyou Fu and
                  Sirui Zhao and
                  Ke Li and
                  Xing Sun and
                  Tong Xu and
                  Enhong Chen},
  title        = {A Survey on Multimodal Large Language Models},
  journal      = {CoRR},
  volume       = {abs/2306.13549},
  year         = {2023},
  doi          = {10.48550/ARXIV.2306.13549},
}

@article{MML:journals/corr/abs-2106-11059,
  author       = {Chenzhuang Du and
                  Tingle Li and
                  Yichen Liu and
                  Zixin Wen and
                  Tianyu Hua and
                  Yue Wang and
                  Hang Zhao},
  title        = {Improving Multi-Modal Learning with Uni-Modal Teachers},
  journal      = {CoRR},
  volume       = {abs/2106.11059},
  year         = {2021},
  doi          = {10.48550/ARXIV.2106.11059},
}

%% ------------------------AAAI------------------------
@inproceedings{Film:conf/aaai/PerezSVDC18,
  author       = {Ethan Perez and
                  Florian Strub and
                  Harm de Vries and
                  Vincent Dumoulin and
                  Aaron C. Courville},
  title        = {FiLM: Visual Reasoning with a General Conditioning Layer},
  booktitle    = {Proceedings of the {AAAI} Conference on Artificial Intelligence},
  pages        = {3942--3951},
  publisher    = {{AAAI} Press},
  year         = {2018},
}
@inproceedings{Hybrid:conf/aaai/ZhengTWH023,
  author       = {Xiao Zheng and
                  Chang Tang and
                  Zhiguo Wan and
                  Chengyu Hu and
                  Wei Zhang},
  title        = {Multi-Level Confidence Learning for Trustworthy Multimodal Classification},
  booktitle    = {Proceedings of the {AAAI} Conference on Artificial Intelligence},
  pages        = {11381--11389},
  publisher    = {{AAAI} Press},
  year         = {2023},
}
@inproceedings{KMG:conf/aaai/FuSZY24,
  author       = {Zhongtian Fu and
                  Kefei Song and
                  Luping Zhou and
                  Yang Yang},
  title        = {Noise-Aware Image Captioning with Progressively Exploring Mismatched
                  Words},
  booktitle    = {Proceedings of the {AAAI} Conference on Artificial Intelligence},
  pages        = {12091--12099},
  publisher    = {{AAAI} Press},
  year         = {2024},
}

%% ------------------------CSUR------------------------
@article{Detection:journals/csur/DMelloK15,
  author       = {Sidney K. D'Mello and
                  Jacqueline M. Kory},
  title        = {A Review and Meta-Analysis of Multimodal Affect Detection Systems},
  journal      = {{ACM} Computing Surveys},
  volume       = {47},
  number       = {3},
  pages        = {43:1--43:36},
  year         = {2015},
}

%% ------------------------CVPR------------------------
@inproceedings{LabelSmoothing:conf/cvpr/SzegedyVISW16,
  author       = {Christian Szegedy and
                  Vincent Vanhoucke and
                  Sergey Ioffe and
                  Jonathon Shlens and
                  Zbigniew Wojna},
  title        = {Rethinking the Inception Architecture for Computer Vision},
  booktitle    = {{IEEE} Conference on Computer Vision and Pattern Recognition},
  pages        = {2818--2826},
  publisher    = {{IEEE} Computer Society},
  year         = {2016},
}
@inproceedings{MLA:conf/cvpr/ZhangYBY24,
  author       = {Xiaohui Zhang and
                  Jaehong Yoon and
                  Mohit Bansal and
                  Huaxiu Yao},
  title        = {Multimodal Representation Learning by Alternating Unimodal Adaptation},
  booktitle    = {{IEEE} Conference on Computer Vision and Pattern Recognition},
  publisher    = {IEEE},
  pages        = {27456--27466}, 
  year         = {2024},
}

@inproceedings{SMV:conf/cvpr/YakeRZD24,
  author       = {Yake Wei and Ruoxuan Feng and Zihe Wang and Di Hu},
  title        = {Enhancing Multimodal Cooperation via Sample-level Modality Valuation},
  booktitle    = {{IEEE} Conference on Computer Vision and Pattern Recognition},
  pages        = {27338--27347},
  publisher    = {{IEEE}},
  year         = {2024},
}

@inproceedings{RGP:conf/cvpr/ZhaoZTLQ0M23,
  author       = {Zhen Zhao and
                  Zhizhong Zhang and
                  Xin Tan and
                  Jun Liu and
                  Yanyun Qu and
                  Yuan Xie and
                  Lizhuang Ma},
  title        = {Rethinking Gradient Projection Continual Learning: Stability/Plasticity
                  Feature Space Decoupling},
  booktitle    = {{IEEE} Conference on Computer Vision and Pattern Recognition},
  pages        = {3718--3727},
  publisher    = {{IEEE}},
  year         = {2023},
}
@inproceedings{MMTM:conf/cvpr/JozeSIK20,
  author       = {Hamid Reza Vaezi Joze and
                  Amirreza Shaban and
                  Michael L. Iuzzolino and
                  Kazuhito Koishida},
  title        = {{MMTM:} Multimodal Transfer Module for {CNN} Fusion},
  publisher    = {Computer Vision Foundation / {IEEE}},
  booktitle    = {{IEEE} Conference on Computer Vision and Pattern Recognition},
  pages        = {13286--13296},
  year         = {2020},
}
@inproceedings{OGR-GB:conf/cvpr/WangTF20,
  author       = {Weiyao Wang and
                  Du Tran and
                  Matt Feiszli},
  title        = {What Makes Training Multi-Modal Classification Networks Hard?},
  publisher    = {Computer Vision Foundation / {IEEE}},
  booktitle    = {{IEEE} Conference on Computer Vision and Pattern Recognition},
  pages        = {12692--12702},
  year         = {2020},
}

@inproceedings{PMR:conf/cvpr/Fan0WW023,
  author       = {Yunfeng Fan and
                  Wenchao Xu and
                  Haozhao Wang and
                  Junxiao Wang and
                  Song Guo},
  title        = {{PMR:} Prototypical Modal Rebalance for Multimodal Learning},
  publisher    = {Computer Vision Foundation / {IEEE}},
  booktitle    = {{IEEE} Conference on Computer Vision and Pattern Recognition},
  pages        = {20029--20038},
  year         = {2023},
}

@inproceedings{OGM:conf/cvpr/PengWD0H22,
  author       = {Xiaokang Peng and
                  Yake Wei and
                  Andong Deng and
                  Dong Wang and
                  Di Hu},
  title        = {Balanced Multimodal Learning via On-the-fly Gradient Modulation},
  publisher    = {Computer Vision Foundation / {IEEE}},
  booktitle    = {{IEEE} Conference on Computer Vision and Pattern Recognition},
  pages        = {8228--8237},
  year         = {2022},
}

@inproceedings{NVGeasture:conf/cvpr/MolchanovYGKTK16,
  author       = {Pavlo Molchanov and
                  Xiaodong Yang and
                  Shalini Gupta and
                  Kihwan Kim and
                  Stephen Tyree and
                  Jan Kautz},
  title        = {Online Detection and Classification of Dynamic Hand Gestures with
                  Recurrent 3D Convolutional Neural Networks},
  publisher    = {Computer Vision Foundation / {IEEE}},
  booktitle    = {{IEEE} Conference on Computer Vision and Pattern Recognition},
  pages        = {4207--4215},
  year         = {2016},
}
@inproceedings{ResNet:conf/cvpr/HeZRS16,
  author       = {Kaiming He and
                  Xiangyu Zhang and
                  Shaoqing Ren and
                  Jian Sun},
  title        = {Deep Residual Learning for Image Recognition},
  publisher    = {Computer Vision Foundation / {IEEE}},
  booktitle    = {{IEEE} Conference on Computer Vision and Pattern Recognition},
  pages        = {770--778},
  year         = {2016},
}
@inproceedings{Adam-NSCL:conf/cvpr/WangL0X21,
  author       = {Shipeng Wang and
                  Xiaorong Li and
                  Jian Sun and
                  Zongben Xu},
  title        = {Training Networks in Null Space of Feature Covariance for Continual
                  Learning},
  publisher    = {Computer Vision Foundation / {IEEE}},
  booktitle    = {{IEEE} Conference on Computer Vision and Pattern Recognition},
  pages        = {184--193},
  year         = {2021},
}
@inproceedings{I3D:conf/cvpr/CarreiraZ17,
  author       = {Jo{\~{a}}o Carreira and
                  Andrew Zisserman},
  title        = {Quo Vadis, Action Recognition? {A} New Model and the Kinetics Dataset},
  publisher    = {Computer Vision Foundation / {IEEE}},
  booktitle    = {{IEEE} Conference on Computer Vision and Pattern Recognition},
  pages        = {4724--4733},
  year         = {2017},
}

@inproceedings{MMDL:conf/cvpr/SinghHGCGRK22,
  author       = {Amanpreet Singh and
                  Ronghang Hu and
                  Vedanuj Goswami and
                  Guillaume Couairon and
                  Wojciech Galuba and
                  Marcus Rohrbach and
                  Douwe Kiela},
  title        = {{FLAVA:} {A} Foundational Language And Vision Alignment Model},
  publisher    = {Computer Vision Foundation / {IEEE}},
  booktitle    = {{IEEE} Conference on Computer Vision and Pattern Recognition},
  pages        = {15617--15629},
  year         = {2022},
}

@inproceedings{Boost:conf/cvpr/LiuHMT14,
  author       = {Ping Liu and
                  Shizhong Han and
                  Zibo Meng and
                  Yan Tong},
  title        = {Facial Expression Recognition via a Boosted Deep Belief Network},
  publisher    = {Computer Vision Foundation / {IEEE}},
  booktitle    = {{IEEE} Conference on Computer Vision and Pattern Recognition},
  pages        = {1805--1812},
  year         = {2014},
}

@inproceedings{MML:conf/cvpr/Ge0G00AILZ23,
  author       = {Yunhao Ge and
                  Jie Ren and
                  Andrew Gallagher and
                  Yuxiao Wang and
                  Ming{-}Hsuan Yang and
                  Hartwig Adam and
                  Laurent Itti and
                  Balaji Lakshminarayanan and
                  Jiaping Zhao},
  title        = {Improving Zero-shot Generalization and Robustness of Multi-Modal Models},
  publisher    = {Computer Vision Foundation / {IEEE}},
  booktitle    = {{IEEE} Conference on Computer Vision and Pattern Recognition},
  pages        = {11093--11101},
  year         = {2023},
}
@inproceedings{MML:conf/cvpr/LvCHDL21,
  author       = {Fengmao Lv and
                  Xiang Chen and
                  Yanyong Huang and
                  Lixin Duan and
                  Guosheng Lin},
  title        = {Progressive Modality Reinforcement for Human Multimodal Emotion Recognition
                  From Unaligned Multimodal Sequences},
  publisher    = {Computer Vision Foundation / {IEEE}},
  booktitle    = {{IEEE} Conference on Computer Vision and Pattern Recognition},
  pages        = {2554--2562},
  year         = {2021},
}
@inproceedings{MML:conf/cvpr/HuLL16,
  author       = {Di Hu and
                  Xuelong Li and
                  Xiaoqiang Lu},
  title        = {Temporal Multimodal Learning in Audiovisual Speech Recognition},
  publisher    = {Computer Vision Foundation / {IEEE}},
  booktitle    = {{IEEE} Conference on Computer Vision and Pattern Recognition},
  pages        = {3574--3582},
  year         = {2016},
}
@inproceedings{MML:conf/cvpr/GaoOGT20,
  author       = {Ruohan Gao and
                  Tae{-}Hyun Oh and
                  Kristen Grauman and
                  Lorenzo Torresani},
  title        = {Listen to Look: Action Recognition by Previewing Audio},
  publisher    = {Computer Vision Foundation / {IEEE}},
  booktitle    = {{IEEE} Conference on Computer Vision and Pattern Recognition},
  pages        = {10454--10464},
  year         = {2020},
}

%% ------------------------EuroCOLT------------------------
@inproceedings{Adaboost:conf/eurocolt/FreundS95,
  author       = {Yoav Freund and
                  Robert E. Schapire},
  title        = {A decision-theoretic generalization of on-line learning and an application
                  to boosting},
  booktitle    = {EuroCOLT},
  series       = {Lecture Notes in Computer Science},
  volume       = {904},
  pages        = {23--37},
  publisher    = {Springer},
  year         = {1995},
}

%% ------------------------IEEE Access------------------------
@article{MML:journals/access/GuoWW19,
  author       = {Wenzhong Guo and
                  Jianwen Wang and
                  Shiping Wang},
  title        = {Deep Multimodal Representation Learning: {A} Survey},
  journal      = {{IEEE} Access},
  volume       = {7},
  pages        = {63373--63394},
  doi          = {10.1109/ACCESS.2019.2916887},
  year         = {2019},
}

%% ------------------------IEEE CM------------------------
@article{AVSR:journals/cm/YuhasGS89,
  author       = {Ben P. Yuhas and
                  Moise H. Goldstein Jr. and
                  Terrence J. Sejnowski},
  title        = {Integration of acoustic and visual speech signals using neural networks},
  journal      = {{IEEE} Communications Magazine},
  volume       = {27},
  number       = {11},
  pages        = {65--71},
  doi          = {10.1109/35.41402},
  year         = {1989},
}

%% ------------------------ICASSP------------------------
@inproceedings{VGGSound:conf/icassp/ChenXVZ20,
  author       = {Honglie Chen and
                  Weidi Xie and
                  Andrea Vedaldi and
                  Andrew Zisserman},
  title        = {Vggsound: {A} Large-Scale Audio-Visual Dataset},
  booktitle    = {{IEEE} International Conference on Acoustics, Speech and Signal
                  Processing},
  pages        = {721--725},
  publisher    = {{IEEE}},
  year         = {2020},
}

%% ------------------------ICCV------------------------
@inproceedings{AGM:conf/iccv/LiLHLLZ23,
  author       = {Hong Li and
                  Xingyu Li and
                  Pengbo Hu and
                  Yinuo Lei and
                  Chunxiao Li and
                  Yi Zhou},
  title        = {Boosting Multi-modal Model Performance with Adaptive Gradient Modulation},
  publisher    = {{IEEE} },
  booktitle    = {{IEEE/CVF} International Conference on Computer Vision},
  pages        = {22157--22167},
  year         = {2023},
}

@inproceedings{Kinetics-Sound:conf/iccv/ArandjelovicZ17,
  author       = {Relja Arandjelovic and
                  Andrew Zisserman},
  title        = {Look, Listen and Learn},
  publisher    = {{IEEE}},
  booktitle    = {{IEEE/CVF} International Conference on Computer Vision},
  pages        = {609--617},
  year         = {2017},
}

@inproceedings{MVIEW:conf/iccv/0065MW023,
  author       = {Jie Chen and
                  Hua Mao and
                  Wai Lok Woo and
                  Xi Peng},
  title        = {Deep Multiview Clustering by Contrasting Cluster Assignments},
  publisher    = {{IEEE}},
  booktitle    = {{IEEE/CVF} International Conference on Computer Vision},
  pages        = {16706--16715},
  year         = {2023},
}

%% ------------------------ICML------------------------
@inproceedings{OGB:conf/icml/HazanS21,
  author       = {Elad Hazan and
                  Karan Singh},
  editor       = {Marina Meila and
                  Tong Zhang},
  title        = {Boosting for Online Convex Optimization},
  booktitle    = {Proceedings of the International Conference on Machine Learning},
  series       = {Proceedings of Machine Learning Research},
  volume       = {139},
  pages        = {4140--4149},
  publisher    = {{PMLR}},
  year         = {2021},
}
@inproceedings{BLIP2:conf/icml/0008LSH23,
  author       = {Junnan Li and
                  Dongxu Li and
                  Silvio Savarese and
                  Steven C. H. Hoi},
  title        = {{BLIP-2:} Bootstrapping Language-Image Pre-training with Frozen Image
                  Encoders and Large Language Models},
  booktitle    = {Proceedings of the International Conference on Machine Learning},
  series       = {Proceedings of Machine Learning Research},
  volume       = {202},
  pages        = {19730--19742},
  publisher    = {{PMLR}},
}
@inproceedings{QMF:conf/icml/ZhangWZHFZP23,
  author       = {Qingyang Zhang and
                  Haitao Wu and
                  Changqing Zhang and
                  Qinghua Hu and
                  Huazhu Fu and
                  Joey Tianyi Zhou and
                  Xi Peng},
  title        = {Provable Dynamic Fusion for Low-Quality Multimodal Data},
  booktitle    = {Proceedings of the International Conference on Machine Learning},
  volume       = {202},
  pages        = {41753--41769},
  publisher    = {{PMLR}},
  year         = {2023},
}

@inproceedings{UMT:conf/icml/DuTLLYWYZ23,
  author       = {Chenzhuang Du and
                  Jiaye Teng and
                  Tingle Li and
                  Yichen Liu and
                  Tianyuan Yuan and
                  Yue Wang and
                  Yang Yuan and
                  Hang Zhao},
  title        = {On Uni-Modal Feature Learning in Supervised Multi-Modal Learning},
  booktitle    = {Proceedings of the International Conference on Machine Learning},
  series       = {Proceedings of Machine Learning Research},
  volume       = {202},
  pages        = {8632--8656},
  publisher    = {{PMLR}},
  year         = {2023},
}
@inproceedings{ReconBoost:conf/icml/CongHua24,
  author       = {Cong Hua and Qianqian Xu and Shilong Bao and Zhiyong Yang and Qingming Huang},
  title        = {ReconBoost: Boosting Can Achieve Modality Reconcilement},
  publisher    = {PMLR},
  booktitle    = {Proceedings of the International Conference on Machine Learning},
  year         = {2024},
}

@inproceedings{MMDL:conf/icml/NgiamKKNLN11,
  author       = {Jiquan Ngiam and
                  Aditya Khosla and
                  Mingyu Kim and
                  Juhan Nam and
                  Honglak Lee and
                  Andrew Y. Ng},
  title        = {Multimodal Deep Learning},
  publisher    = {Omnipress},
  booktitle    = {Proceedings of the International Conference on Machine Learning},
  pages        = {689--696},
  year         = {2011},
}
@inproceedings{CLIP:conf/icml/RadfordKHRGASAM21,
  author       = {Alec Radford and
                  Jong Wook Kim and
                  Chris Hallacy and
                  Aditya Ramesh and
                  Gabriel Goh and
                  Sandhini Agarwal and
                  Girish Sastry and
                  Amanda Askell and
                  Pamela Mishkin and
                  Jack Clark and
                  Gretchen Krueger and
                  Ilya Sutskever},
  title        = {Learning Transferable Visual Models From Natural Language Supervision},
  booktitle    = {Proceedings of the International Conference on Machine Learning},
  series       = {Proceedings of Machine Learning Research},
  volume       = {139},
  pages        = {8748--8763},
  publisher    = {{PMLR}},
  year         = {2021},
}

@inproceedings{ModalCompetition:conf/icml/HuangLZYH22,
  author       = {Yu Huang and
                  Junyang Lin and
                  Chang Zhou and
                  Hongxia Yang and
                  Longbo Huang},
  title        = {Modality Competition: What Makes Joint Training of Multi-modal Network
                  Fail in Deep Learning? (Provably)},
  booktitle    = {Proceedings of the International Conference on Machine Learning},
  series       = {Proceedings of Machine Learning Research},
  volume       = {162},
  pages        = {9226--9259},
  publisher    = {{PMLR}},
  year         = {2022},
}

@inproceedings{MMPareto:conf/icml/WeiH24,
  author       = {Yake Wei and Di Hu},
  title        = {MMPareto: Boosting Multimodal Learning with Innocent Unimodal Assistance},
  booktitle    = {Proceedings of the International Conference on Machine Learning},
  series       = {Proceedings of Machine Learning Research},
  publisher    = {{PMLR}},
  year         = {2024},
}

@inproceedings{nvGesture:conf/icml/WuJCG22,
  author       = {Nan Wu and
                  Stanislaw Jastrzebski and
                  Kyunghyun Cho and
                  Krzysztof J. Geras},
  title        = {Characterizing and Overcoming the Greedy Nature of Learning in Multi-modal
                  Deep Neural Networks},
  publisher    = {{PMLR}},
  booktitle    = {Proceedings of the International Conference on Machine Learning},
  volume       = {162},
  pages        = {24043--24055},
  year         = {2022},
}
@inproceedings{Sharpness:conf/icml/AndriushchenkoC23,
  author       = {Maksym Andriushchenko and
                  Francesco Croce and
                  Maximilian M{\"{u}}ller and
                  Matthias Hein and
                  Nicolas Flammarion},
  title        = {A Modern Look at the Relationship between Sharpness and Generalization},
  publisher    = {{PMLR}},
  booktitle    = {Proceedings of the International Conference on Machine Learning},
  volume       = {202},
  pages        = {840--902},
  year         = {2023},
}

@inproceedings{MMDL:conf/icml/JiaYXCPPLSLD21,
  author       = {Chao Jia and
                  Yinfei Yang and
                  Ye Xia and
                  Yi{-}Ting Chen and
                  Zarana Parekh and
                  Hieu Pham and
                  Quoc V. Le and
                  Yun{-}Hsuan Sung and
                  Zhen Li and
                  Tom Duerig},
  title        = {Scaling Up Visual and Vision-Language Representation Learning With Noisy Text Supervision},
  publisher    = {{PMLR}},
  booktitle    = {Proceedings of the International Conference on Machine Learning},
  pages        = {4904--4916},
  year         = {2021},
}
@inproceedings{Boost:conf/icml/CortesMS14,
  author       = {Corinna Cortes and
                  Mehryar Mohri and
                  Umar Syed},
  title        = {Deep Boosting},
  publisher    = {{PMLR}},
  booktitle    = {Proceedings of the International Conference on Machine Learning},
  pages        = {1179--1187},
  year         = {2014},
}

%% ------------------------ICLR------------------------
@inproceedings{MINIGPT4:conf/iclr/Zhu0SLE24,
  author       = {Deyao Zhu and
                  Jun Chen and
                  Xiaoqian Shen and
                  Xiang Li and
                  Mohamed Elhoseiny},
  title        = {MiniGPT-4: Enhancing Vision-Language Understanding with Advanced Large
                  Language Models},
  booktitle    = {The International Conference on Learning Representations},
  publisher    = {OpenReview.net},
  year         = {2024},
}
@misc{ModalityLaziness:conf/iclr/ChengTLLWYZ22,
    title      = {Modality Laziness: Everybody's Business is Nobody's Business},
    author     = {Chenzhuang Du and
                  Jiaye Teng and
                  Tingle Li and
                  Yichen Liu and
                  Yue Wang and
                  Yang Yuan and
                  Hang Zhao},
  booktitle    = {The International Conference on Learning Representations},
    publisher    = {OpenReview.net},
    year       = {2022}
}
@inproceedings{Flatness:conf/iclr/ChaudhariCSLBBC17,
  author       = {Pratik Chaudhari and
                  Anna Choromanska and
                  Stefano Soatto and
                  Yann LeCun and
                  Carlo Baldassi and
                  Christian Borgs and
                  Jennifer T. Chayes and
                  Levent Sagun and
                  Riccardo Zecchina},
  title        = {Entropy-SGD: Biasing Gradient Descent Into Wide Valleys},
  booktitle    = {The International Conference on Learning Representations},
  publisher    = {OpenReview.net},
  year         = {2017},
}
@inproceedings{SAM:conf/iclr/ForetKMN21,
  author       = {Pierre Foret and
                  Ariel Kleiner and
                  Hossein Mobahi and
                  Behnam Neyshabur},
  title        = {Sharpness-aware Minimization for Efficiently Improving Generalization},
  publisher    = {OpenReview.net},
  booktitle    = {The International Conference on Learning Representations},
  year         = {2021},
}
@inproceedings{Sharpness:conf/iclr/KeskarMNST17,
  author       = {Nitish Shirish Keskar and
                  Dheevatsa Mudigere and
                  Jorge Nocedal and
                  Mikhail Smelyanskiy and
                  Ping Tak Peter Tang},
  title        = {On Large-Batch Training for Deep Learning: Generalization Gap and
                  Sharp Minima},
  booktitle    = {The International Conference on Learning Representations},
  publisher    = {OpenReview.net},
  year         = {2017},
}
@inproceedings{MML:conf/iclr/MenonV23,
  author       = {Sachit Menon and
                  Carl Vondrick},
  title        = {Visual Classification via Description from Large Language Models},
  publisher    = {OpenReview.net},
  booktitle    = {The International Conference on Learning Representations},
  year         = {2023},
}

@inproceedings{Adam:journals/corr/KingmaB14,
  author       = {Diederik P. Kingma and
                  Jimmy Ba},
  title        = {Adam: {A} Method for Stochastic Optimization},
  publisher    = {OpenReview.net},
  booktitle    = {The International Conference on Learning Representations},
  year         = {2015},
}

%% ------------------------INFFUS------------------------
@article{Early:journals/inffus/ZengYMH24,
  author       = {Ying Zeng and
                  Wenjun Yan and
                  Sijie Mai and
                  Haifeng Hu},
  title        = {Disentanglement Translation Network for multimodal sentiment analysis},
  journal      = {Information Fusion},
  volume       = {102},
  pages        = {102031},
  year         = {2024},
}
@article{Late:journals/inffus/LiuHXXZD24,
  author       = {Bo Liu and
                  Lejian He and
                  Yuchen Xie and
                  Yuejia Xiang and
                  Li Zhu and
                  Weiping Ding},
  title        = {MinJoT: Multimodal infusion Joint Training for noise learning in text
                  and multimodal classification problems},
  journal      = {Information Fusion},
  volume       = {102},
  pages        = {102071},
  year         = {2024},
}

%% ------------------------IJCAI------------------------
@inproceedings{ARM:conf/ijcai/YangYZJ15,
  author       = {Yang Yang and
                  Han{-}Jia Ye and
                  De{-}Chuan Zhan and
                  Yuan Jiang},
  title        = {Auxiliary Information Regularized Machine for Multiple Modality Feature
                  Learning},
  booktitle    = {Proceedings of the International Joint Conference on
                  Artificial Intelligence},
  pages        = {1033--1039},
  publisher    = {{AAAI} Press},
  year         = {2015},
}
@inproceedings{OLM:conf/ijcai/ZongDLLZ24,
  author       = {Daoming Zong and
                  Chaoyue Ding and
                  Baoxiang Li and
                  Jiakui Li and
                  Ken Zheng
                 },
  title        = {Balancing Multimodal Learning via Online Logit Modulation},
  publisher    = {ijcai.org},
  booktitle    = {Proceedings of the International Joint Conference on
                  Artificial Intelligence},
  pages        = {5753--5761},
  year         = {2024},
}
@inproceedings{Detection:conf/ijcai/HodoshYH15,
  author       = {Micah Hodosh and
                  Peter Young and
                  Julia Hockenmaier},
  title        = {Framing Image Description as a Ranking Task: Data, Models and Evaluation
                  Metrics (Extended Abstract)},
  publisher    = {ijcai.org},
  booktitle    = {Proceedings of the International Joint Conference on
                  Artificial Intelligence},
  pages        = {4188--4192},
  year         = {2015},
}
@inproceedings{MML:conf/ijcai/YangWZX019,
  author       = {Yang Yang and
                  Ke{-}Tao Wang and
                  De{-}Chuan Zhan and
                  Hui Xiong and
                  Yuan Jiang},
  title        = {Comprehensive Semi-Supervised Multi-Modal Learning},
  booktitle    = {Proceedings of the International Joint Conference on
                  Artificial Intelligence},
  pages        = {4092--4098},
  publisher    = {ijcai.org},
  year         = {2019},
}
@inproceedings{Twitter15:conf/ijcai/Yu019,
  author       = {Jianfei Yu and
                  Jing Jiang},
  title        = {Adapting {BERT} for Target-Oriented Multimodal Sentiment Classification},
  publisher    = {ijcai.org},
  booktitle    = {Proceedings of the International Joint Conference on
                  Artificial Intelligence},
  pages        = {5408--5414},
  year         = {2019},
}
@inproceedings{KMG:conf/ijcai/WuJYWCL24,
  author       = {Xiangyu Wu and
                  Qing{-}Yuan Jiang and
                  Yang Yang and
                  Yi{-}Feng Wu and
                  Qing{-}Guo Chen and
                  Jianfeng Lu},
  title        = {{TAI++:} Text as Image for Multi-Label Image Classification by Co-Learning
                  Transferable Prompt},
  publisher    = {ijcai.org},
  booktitle    = {Proceedings of the International Joint Conference on
                  Artificial Intelligence},
  pages        = {5226--5234},
  year         = {2024},
}
%% ------------------------JMLR------------------------
@article{tSNE:journal/jmlr/MaatenH08,
  title        = {Visualizing data using t-SNE.},
  author       = {Van der Maaten, Laurens and Hinton, Geoffrey},
  journal      = {Journal of machine learning research},
  volume       = {9},
  number       = {11},
  year         = {2008}
}

%% ------------------------MTA------------------------
@inproceedings{XGBoost:conf/kdd/ChenG16,
  author       = {Tianqi Chen and
                  Carlos Guestrin},
  editor       = {Balaji Krishnapuram and
                  Mohak Shah and
                  Alexander J. Smola and
                  Charu C. Aggarwal and
                  Dou Shen and
                  Rajeev Rastogi},
  title        = {XGBoost: {A} Scalable Tree Boosting System},
  booktitle    = {Proceedings of the {ACM} {SIGKDD} International Conference on
                  Knowledge Discovery and Data Mining},
  pages        = {785--794},
  publisher    = {{ACM}},
  year         = {2016},
}

%% ------------------------MTA------------------------
@article{Reinforcement:journals/ml/Williams92,
  author       = {Ronald J. Williams},
  title        = {Simple Statistical Gradient-Following Algorithms for Connectionist
                  Reinforcement Learning},
  journal      = {Machine Learning},
  volume       = {8},
  pages        = {229--256},
  year         = {1992},
}

%% ------------------------MTA------------------------
@article{Classification:journals/mta/LanBYLH14,
  author       = {Zhen{-}zhong Lan and
                  Lei Bao and
                  Shoou{-}I Yu and
                  Wei Liu and
                  Alexander G. Hauptmann},
  title        = {Multimedia classification and event detection using double fusion},
  journal      = {Multimedia Tools and Applications},
  doi          = {10.1007/S11042-013-1391-2},
  volume       = {71},
  number       = {1},
  pages        = {333--347},
  year         = {2014},
}

%% ------------------------TAC------------------------
@article{CREMAD:journals/taffco/CaoCKGNV14,
  author       = {Houwei Cao and
                  David G. Cooper and
                  Michael K. Keutmann and
                  Ruben C. Gur and
                  Ani Nenkova and
                  Ragini Verma},
  title        = {{CREMA-D:} Crowd-Sourced Emotional Multimodal Actors Dataset},
  journal      = {TAC},
  volume       = {5},
  number       = {4},
  pages        = {377--390},
  year         = {2014},
}
%% ------------------------Nature------------------------
@article{RL:journals/nature/SilverHMGSDSAPL16,
  author    = {David Silver and
               Aja Huang and
               Chris J. Maddison and
               Arthur Guez and
               Laurent Sifre and
               George van den Driessche and
               Julian Schrittwieser and
               Ioannis Antonoglou and
               Vedavyas Panneershelvam and
               Marc Lanctot and
               Sander Dieleman and
               Dominik Grewe and
               John Nham and
               Nal Kalchbrenner and
               Ilya Sutskever and
               Timothy P. Lillicrap and
               Madeleine Leach and
               Koray Kavukcuoglu and
               Thore Graepel and
               Demis Hassabis},
  title     = {Mastering the game of Go with deep neural networks and tree search},
  journal   = {Nature},
  volume    = {529},
  number    = {7587},
  pages     = {484--489},
  year      = {2016},
  }

%% ------------------------NIPS------------------------
@inproceedings{Flamingo:conf/nips/AlayracDLMBHLMM22,
  author       = {Jean{-}Baptiste Alayrac and
                  Jeff Donahue and
                  Pauline Luc and
                  Antoine Miech and
                  Iain Barr and
                  Yana Hasson and
                  Karel Lenc and
                  Arthur Mensch and
                  Katherine Millican and
                  Malcolm Reynolds and
                  Roman Ring and
                  Eliza Rutherford and
                  Serkan Cabi and
                  Tengda Han and
                  Zhitao Gong and
                  Sina Samangooei and
                  Marianne Monteiro and
                  Jacob L. Menick and
                  Sebastian Borgeaud and
                  Andy Brock and
                  Aida Nematzadeh and
                  Sahand Sharifzadeh and
                  Mikolaj Binkowski and
                  Ricardo Barreira and
                  Oriol Vinyals and
                  Andrew Zisserman and
                  Kar{\'{e}}n Simonyan},
  title        = {Flamingo: a Visual Language Model for Few-Shot Learning},
  booktitle    = {Advances in Neural Information Processing Systems},
  year         = {2022},
}

@inproceedings{LLaVA:conf/nips/LiuLWL23a,
  author       = {Haotian Liu and
                  Chunyuan Li and
                  Qingyang Wu and
                  Yong Jae Lee},
  title        = {Visual Instruction Tuning},
  booktitle    = {Advances in Neural Information Processing Systems},
  year         = {2023},
}
@inproceedings{GPT-3:conf/nips/BrownETC20,
  author       = {Tom B. Brown and
                  Benjamin Mann and
                  Nick Ryder and
                  Melanie Subbiah and
                  Jared Kaplan and
                  Prafulla Dhariwal and
                  Arvind Neelakantan and
                  Pranav Shyam and
                  Girish Sastry and
                  Amanda Askell and
                  Sandhini Agarwal and
                  Ariel Herbert{-}Voss and
                  Gretchen Krueger and
                  Tom Henighan and
                  Rewon Child and
                  Aditya Ramesh and
                  Daniel M. Ziegler and
                  Jeffrey Wu and
                  Clemens Winter and
                  Christopher Hesse and
                  Mark Chen and
                  Eric Sigler and
                  Mateusz Litwin and
                  Scott Gray and
                  Benjamin Chess and
                  Jack Clark and
                  Christopher Berner and
                  Sam McCandlish and
                  Alec Radford and
                  Ilya Sutskever and
                  Dario Amodei},
  title        = {Language Models are Few-Shot Learners},
  booktitle    = {Advances in Neural Information Processing Systems},
  year         = {2020},
}
@inproceedings{RLHF:conf/nips/Ouyang0JAWMZASR22,
  author       = {Long Ouyang and
                  Jeffrey Wu and
                  Xu Jiang and
                  Diogo Almeida and
                  Carroll L. Wainwright and
                  Pamela Mishkin and
                  Chong Zhang and
                  Sandhini Agarwal and
                  Katarina Slama and
                  Alex Ray and
                  John Schulman and
                  Jacob Hilton and
                  Fraser Kelton and
                  Luke Miller and
                  Maddie Simens and
                  Amanda Askell and
                  Peter Welinder and
                  Paul F. Christiano and
                  Jan Leike and
                  Ryan Lowe},
  title        = {Training language models to follow instructions with human feedback},
  booktitle    = {Advances in Neural Information Processing Systems},
  year         = {2022},
}

@inproceedings{IsaacGym:conf/nips/MakoviychukWGLS21,
  author       = {Viktor Makoviychuk and
                  Lukasz Wawrzyniak and
                  Yunrong Guo and
                  Michelle Lu and
                  Kier Storey and
                  Miles Macklin and
                  David Hoeller and
                  Nikita Rudin and
                  Arthur Allshire and
                  Ankur Handa and
                  Gavriel State},
  title        = {Isaac Gym: High Performance {GPU} Based Physics Simulation For Robot
                  Learning},
  booktitle    = {Advances in Neural Information Processing Systems},
  year         = {2021},
}
@inproceedings{FlatMatch:conf/nips/Huang0Y0L23,
  author       = {Zhuo Huang and
                  Li Shen and
                  Jun Yu and
                  Bo Han and
                  Tongliang Liu},
  title        = {FlatMatch: Bridging Labeled Data and Unlabeled Data with Cross-Sharpness
                  for Semi-Supervised Learning},
  booktitle    = {Advances in Neural Information Processing Systems},
  year         = {2023},
}
@inproceedings{ModalityGap:conf/nips/LiangZKYZ22,
  author       = {Weixin Liang and
                  Yuhui Zhang and
                  Yongchan Kwon and
                  Serena Yeung and
                  James Y. Zou},
  title        = {Mind the Gap: Understanding the Modality Gap in Multi-modal Contrastive
                  Representation Learning},
  booktitle    = {Advances in Neural Information Processing Systems},
  year         = {2022},
}
@inproceedings{Flattening:conf/nips/DengCHWH21,
  author       = {Danruo Deng and
                  Guangyong Chen and
                  Jianye Hao and
                  Qiong Wang and
                  Pheng{-}Ann Heng},
  title        = {Flattening Sharpness for Dynamic Gradient Projection Memory Benefits
                  Continual Learning},
  booktitle    = {Advances in Neural Information Processing Systems},
  pages        = {18710--18721},
  year         = {2021},
}

@inproceedings{Visualization:conf/nips/Li0TSG18,
  author       = {Hao Li and
                  Zheng Xu and
                  Gavin Taylor and
                  Christoph Studer and
                  Tom Goldstein},
  title        = {Visualizing the Loss Landscape of Neural Nets},
  booktitle    = {Advances in Neural Information Processing Systems},
  pages        = {6391--6401},
  year         = {2018},
}

@inproceedings{MML:conf/nips/HuangDXCZH21,
  author       = {Yu Huang and
                  Chenzhuang Du and
                  Zihui Xue and
                  Xuanyao Chen and
                  Hang Zhao and
                  Longbo Huang},
  title        = {What Makes Multi-Modal Learning Better than Single (Provably)},
  booktitle    = {Advances in Neural Information Processing Systems},
  pages        = {10944--10956},
  year         = {2021},
}

@inproceedings{LightGBM:conf/nips/KeMFWCMYL17,
  author       = {Guolin Ke and
                  Qi Meng and
                  Thomas Finley and
                  Taifeng Wang and
                  Wei Chen and
                  Weidong Ma and
                  Qiwei Ye and
                  Tie{-}Yan Liu},
  title        = {LightGBM: {A} Highly Efficient Gradient Boosting Decision Tree},
  booktitle    = {Advances in Neural Information Processing Systems},
  pages        = {3146--3154},
  year         = {2017},
}
@inproceedings{Boost:conf/nips/ProkhorenkovaGV18,
  author       = {Liudmila Ostroumova Prokhorenkova and
                  Gleb Gusev and
                  Aleksandr Vorobev and
                  Anna Veronika Dorogush and
                  Andrey Gulin},
  title        = {CatBoost: unbiased boosting with categorical features},
  booktitle    = {Advances in Neural Information Processing Systems},
  pages        = {6639--6649},
  year         = {2018},
}
@inproceedings{MML:conf/nips/SimonyanZ14,
  author       = {Karen Simonyan and
                  Andrew Zisserman},
  title        = {Two-Stream Convolutional Networks for Action Recognition in Videos},
  booktitle    = {Advances in Neural Information Processing Systems},
  pages        = {568--576},
  year         = {2014},
}
%% ------------------------NAACL------------------------
@inproceedings{BERT:conf/naacl/DevlinCLT19,
  author       = {Jacob Devlin and
                  Ming{-}Wei Chang and
                  Kenton Lee and
                  Kristina Toutanova},
  title        = {{BERT:} Pre-training of Deep Bidirectional Transformers for Language
                  Understanding},
  publisher    = {Association for Computational Linguistics},
  booktitle    = {Proceedings of the Conference of the North American Chapter of
                  the Association for Computational Linguistics},
  pages        = {4171--4186},
  year         = {2019},
}

%% ------------------------SSPR------------------------
@inproceedings{LF:conf/sspr/MorvantHA14,
  author       = {Emilie Morvant and
                  Amaury Habrard and
                  St{\'{e}}phane Ayache},
  title        = {Majority Vote of Diverse Classifiers for Late Fusion},
  publisher    = {Springer},
  booktitle    = {Structural, Syntactic, and Statistical Pattern Recognition},
  series       = {Lecture Notes in Computer Science},
  volume       = {8621},
  pages        = {153--162},
  year         = {2014},
}


%% ------------------------TPAMI------------------------
@article{MML:journals/pami/XuZC23,
  author       = {Peng Xu and
                  Xiatian Zhu and
                  David A. Clifton},
  title        = {Multimodal Learning With Transformers: {A} Survey},
  journal      = {IEEE Transactions on Pattern Analysis and Machine Intelligence},
  volume       = {45},
  number       = {10},
  pages        = {12113--12132},
  year         = {2023},
}

@article{MML:journals/pami/BaltrusaitisAM19,
  author       = {Tadas Baltrusaitis and
                  Chaitanya Ahuja and
                  Louis{-}Philippe Morency},
  title        = {Multimodal Machine Learning: {A} Survey and Taxonomy},
  journal      = {IEEE Transactions on Pattern Analysis and Machine Intelligence},
  volume       = {41},
  number       = {2},
  pages        = {423--443},
  year         = {2019},
}

@article{MML:journals/pami/SunKRBWL23,
  author       = {Zehua Sun and
                  Qiuhong Ke and
                  Hossein Rahmani and
                  Mohammed Bennamoun and
                  Gang Wang and
                  Jun Liu},
  title        = {Human Action Recognition From Various Data Modalities: {A} Review},
  journal      = {IEEE Transactions on Pattern Analysis and Machine Intelligence},
  volume       = {45},
  number       = {3},
  pages        = {3200--3225},
  year         = {2023},
}
@article{AF:journals/pami/LiangQGCL22,
  author       = {Xinyan Liang and
                  Yuhua Qian and
                  Qian Guo and
                  Honghong Cheng and
                  Jiye Liang},
  title        = {{AF:} An Association-Based Fusion Method for Multi-Modal Classification},
  journal      = {IEEE Transactions on Pattern Analysis and Machine Intelligence},
  volume       = {44},
  number       = {12},
  pages        = {9236--9254},
  year         = {2022},
}
@article{MML:journals/pami/wei2024fly,
  author={Wei, Yake and Hu, Di and Du, Henghui and Wen, Ji-Rong},
  title={On-the-fly Modulation for Balanced Multimodal Learning},
  journal      = {IEEE Transactions on Pattern Analysis and Machine Intelligence},
  pages={1-16},
  year={2024},
}
%% ------------------------CIN------------------------
@article{Late:journals/cin/YeLLGY18,
  author       = {Yongkai Ye and
                  Xinwang Liu and
                  Qiang Liu and
                  Xifeng Guo and
                  Jianping Yin},
  title        = {Incomplete Multiview Clustering via Late Fusion},
  journal      = {Computational Intelligence and Neuroscience},
  volume       = {2018},
  pages        = {6148456:1--6148456:11},
  year         = {2018},
}


%% ------------------------SPL------------------------
@article{ATF:journals/spl/SunMH21,
  author       = {Ya Sun and
                  Sijie Mai and
                  Haifeng Hu},
  title        = {Learning to Balance the Learning Rates Between Various Modalities
                  via Adaptive Tracking Factor},
  journal      = {IEEE Signal Processing Letters},
  volume       = {28},
  pages        = {1650--1654},
  year         = {2021},
}

%% ------------------------VC------------------------
@article{MML:journals/vc/BayoudhKHM22,
  author       = {Khaled Bayoudh and
                  Raja Knani and
                  Fay{{c}}al Hamdaoui and
                  Abdellatif Mtibaa},
  title        = {A survey on deep multimodal learning for computer vision: advances,
                  trends, applications, and datasets},
  journal      = {Visual Computer},
  volume       = {38},
  number       = {8},
  pages        = {2939--2970},
  year         = {2022},
}

%% ------------------------ESWA-----------------------

@article{Late:journals/eswa/AlfaroContrerasVIC23,
  author       = {Mar{\'{\i}}a Alfaro{-}Contreras and
                  Jose J. Valero{-}Mas and
                  Jos{\'{e}} M. I{\~{n}}esta and
                  Jorge Calvo{-}Zaragoza},
  title        = {Late multimodal fusion for image and audio music transcription},
  journal      = {Expert Systems with Applications},
  volume       = {216},
  pages        = {119491},
  year         = {2023},
}


%% ------------------------rebuttal-----------------------
@inproceedings{OGM:PengWD0H22,
  author       = {Peng et al.},
  title        = {Balanced Multimodal Learning via On-the-fly Gradient Modulation},
  booktitle    = {CVPR},
  year         = {2022},
}

@inproceedings{OGR-GB:WangTF20,
  author       = {Wang et al.},
  title        = {What Makes Training Multi-Modal Classification Networks Hard?},
  booktitle    = {CVPR},
  year         = {2020},
}

@article{hwang1995writing,
  title={Writing in the Age of LATEX},
  author={Hwang et al.},
  journal={Notices of the AMS},
  year={1995}
}