@inproceedings{BFM,
  title={A 3D face model for pose and illumination invariant face recognition},
  author={Paysan, Pascal and Knothe, Reinhard and Amberg, Brian and Romdhani, Sami and Vetter, Thomas},
  booktitle={2009 sixth IEEE international conference on advanced video and signal based surveillance},
  pages={296--301},
  year={2009},
}

@inproceedings{Deep3DReconstruct,
  title={Accurate 3d face reconstruction with weakly-supervised learning: From single image to image set},
  author={Deng, Yu and Yang, Jiaolong and Xu, Sicheng and Chen, Dong and Jia, Yunde and Tong, Xin},
  booktitle={Proceedings of the IEEE Conference on Computer Vision and Pattern Recognition},
  pages={0--0},
  year={2019}
}

@inproceedings{ExpNet,
  title={Expnet: Landmark-free, deep, 3d facial expressions},
  author={Chang, Feng-Ju and Tran, Anh Tuan and Hassner, Tal and Masi, Iacopo and Nevatia, Ram and Medioni, Gerard},
  booktitle={Proceedings of IEEE International Conference on Automatic Face \& Gesture Recognition},
  pages={122--129},
  year={2018}
}

@article{Facewarehouse,
  title={Facewarehouse: A 3d facial expression database for visual computing},
  author={Cao, Chen and Weng, Yanlin and Zhou, Shun and Tong, Yiying and Zhou, Kun},
  journal={IEEE Transactions on Visualization and Computer Graphics},
  volume={20},
  number={3},
  pages={413--425},
  year={2013},
  publisher={IEEE}
}

@article{Infogan,
  title={Infogan: Interpretable representation learning by information maximizing generative adversarial nets},
  author={Chen, Xi and Duan, Yan and Houthooft, Rein and Schulman, John and Sutskever, Ilya and Abbeel, Pieter},
  journal={NeurIPS},
  volume={29},
  year={2016}
}

@article{LIA,
  title={Latent image animator: Learning to animate images via latent space navigation},
  author={Wang, Yaohui and Yang, Di and Bremond, Francois and Dantcheva, Antitza},
  journal={arXiv preprint arXiv:2203.09043},
  year={2022}
}

@inproceedings{Mofa,
  title={Mofa: Model-based deep convolutional face autoencoder for unsupervised monocular reconstruction},
  author={Tewari, Ayush and Zollhofer, Michael and Kim, Hyeongwoo and Garrido, Pablo and Bernard, Florian and Perez, Patrick and Theobalt, Christian},
  booktitle={Proceedings of the IEEE Conference on Computer Vision and Pattern Recognition},
  pages={1274--1283},
  year={2017}
}

@inproceedings{PIRenderer,
  title={Pirenderer: Controllable portrait image generation via semantic neural rendering},
  author={Ren, Yurui and Li, Ge and Chen, Yuanqi and Li, Thomas H and Liu, Shan},
  booktitle={{Proceedings of the IEEE International Conference on Computer Vision},
  year={2021}
}

@inproceedings{SDF,
  title={Deepsdf: Learning continuous signed distance functions for shape representation},
  author={Park, Jeong Joon and Florence, Peter and Straub, Julian and Newcombe, Richard and Lovegrove, Steven},
  booktitle={Proceedings of the IEEE Conference on Computer Vision and Pattern Recognition},
  pages={165--174},
  year={2019}
}

@inproceedings{STATEOF3D,
  title={State of the art on monocular 3D face reconstruction, tracking, and applications},
  author={Zollh{\"o}fer, Michael and Thies, Justus and Garrido, Pablo and Bradley, Derek and Beeler, Thabo and P{\'e}rez, Patrick and Stamminger, Marc and Nie{\ss}ner, Matthias and Theobalt, Christian},
  booktitle={Proceedings of Computer graphics forum},
  volume={37},
  number={2},
  pages={523--550},
  year={2018},
}

@inproceedings{StyleHEAT,
  title={StyleHEAT: One-shot high-resolution editable talking face generation via pre-trained StyleGAN},
  author={Yin, Fei and Zhang, Yong and Cun, Xiaodong and Cao, Mingdeng and Fan, Yanbo and Wang, Xuan and Bai, Qingyan and Wu, Baoyuan and Wang, Jue and Yang, Yujiu},
  booktitle={Proceedings of European Conference on Computer Vision},
  year={2022},
}

@article{aldrian2012inverse,
  title={Inverse rendering of faces with a 3D morphable model},
  author={Aldrian, Oswald and Smith, William AP},
  journal={IEEE Transactions on Pattern Analysis and Machine Intelligence},
  volume={35},
  number={5},
  pages={1080--1093},
  year={2012},
  publisher={IEEE}
}

@inproceedings{bas2017fitting,
  title={Fitting a 3D morphable model to edges: A comparison between hard and soft correspondences},
  author={Bas, Anil and Smith, William AP and Bolkart, Timo and Wuhrer, Stefanie},
  booktitle={Proceedings of ACCV 2016 International Workshops},
  pages={377--391},
  year={2017}
}

@inproceedings{beta-vae,
  title={beta-vae: Learning basic visual concepts with a constrained variational framework},
  author={Higgins, Irina and Matthey, Loic and Pal, Arka and Burgess, Christopher and Glorot, Xavier and Botvinick, Matthew and Mohamed, Shakir and Lerchner, Alexander},
  booktitle={ICLR},
  year={2016}
}

@article{booth20183d,
  title={3D reconstruction of “in-the-wild” faces in images and videos},
  author={Booth, James and Roussos, Anastasios and Ververas, Evangelos and Antonakos, Epameinondas and Ploumpis, Stylianos and Panagakis, Yannis and Zafeiriou, Stefanos},
  journal={IEEE Transactions on Pattern Analysis and Machine Intelligence},
  volume={40},
  number={11},
  pages={2638--2652},
  year={2018},
  publisher={IEEE}
}

@inproceedings{counter,
  title={Dense face alignment},
  author={Liu, Yaojie and Jourabloo, Amin and Ren, William and Liu, Xiaoming},
  booktitle={Proceedings of the IEEE International Conference on Computer Vision Workshops},
  pages={1619--1628},
  year={2017}
}

@inproceedings{dou2017end,
  title={End-to-end 3D face reconstruction with deep neural networks},
  author={Dou, Pengfei and Shah, Shishir K and Kakadiaris, Ioannis A},
  booktitle={Proceedings of the IEEE Conference on Computer Vision and Pattern Recognition},
  pages={5908--5917},
  year={2017}
}

@inproceedings{face2facevid,
  title={Face2Face $\rho$: Real-Time High-Resolution One-Shot Face Reenactment},
  author={Yang, Kewei and Chen, Kang and Guo, Daoliang and Zhang, Song-Hai and Guo, Yuan-Chen and Zhang, Weidong},
  booktitle={Proceedings of the European Conference on Computer Vision},
  year={2022},
}

@inproceedings{facescape,
  title={Facescape: a large-scale high quality 3d face dataset and detailed riggable 3d face prediction},
  author={Yang, Haotian and Zhu, Hao and Wang, Yanru and Huang, Mingkai and Shen, Qiu and Yang, Ruigang and Cao, Xun},
  booktitle={Proceedings of the IEEE Conference on Computer Vision and Pattern Recognition},
  pages={601--610},
  year={2020}
}

@inproceedings{feng2018joint,
  title={Joint 3d face reconstruction and dense alignment with position map regression network},
  author={Feng, Yao and Wu, Fan and Shao, Xiaohu and Wang, Yanfeng and Zhou, Xi},
  booktitle={Proceedings of the European Conference on Computer Vision},
  pages={534--551},
  year={2018}
}

@inproceedings{gecer2019ganfit,
  title={Ganfit: Generative adversarial network fitting for high fidelity 3d face reconstruction},
  author={Gecer, Baris and Ploumpis, Stylianos and Kotsia, Irene and Zafeiriou, Stefanos},
  booktitle={Proceedings of the IEEE Conference on Computer vision and Pattern Recognition},
  pages={1155--1164},
  year={2019}
}

@inproceedings{inversefacenet,
  title={Inversefacenet: Deep monocular inverse face rendering},
  author={Kim, Hyeongwoo and Zollh{\"o}fer, Michael and Tewari, Ayush and Thies, Justus and Richardt, Christian and Theobalt, Christian},
  booktitle={Proceedings of the IEEE Conference on Computer Vision and Pattern Recognition},
  pages={4625--4634},
  year={2018}
}

@article{lambertian,
  title={Lambertian reflectance},
  author={Koppal, Sanjeev J},
  journal={Computer vision: a reference guide},
  pages={1--3},
  year={2020},
  publisher={Springer}
}

@article{li2017learning,
  title={Learning a model of facial shape and expression from 4D scans.},
  author={Li, Tianye and Bolkart, Timo and Black, Michael J and Li, Hao and Romero, Javier},
  journal={ACM Transactions on Graphics (ToG)},
  volume={36},
  number={6},
  pages={194--1},
  year={2017}
}

@inproceedings{lin2020towards,
  title={Towards high-fidelity 3d face reconstruction from in-the-wild images using graph convolutional networks},
  author={Lin, Jiangke and Yuan, Yi and Shao, Tianjia and Zhou, Kun},
  booktitle={Proceedings of the IEEE Conference on Computer Vision and Pattern Recognition},
  pages={5891--5900},
  year={2020}
}

@inproceedings{liu2015deep,
  title={Deep learning face attributes in the wild},
  author={Liu, Ziwei and Luo, Ping and Wang, Xiaogang and Tang, Xiaoou},
  booktitle={Proceedings of the IEEE International Conference on Computer Vision},
  pages={3730--3738},
  year={2015}
}

@inproceedings{orthogonal,
  title={Orthogonal jacobian regularization for unsupervised disentanglement in image generation},
  author={Wei, Yuxiang and Shi, Yupeng and Liu, Xiao and Ji, Zhilong and Gao, Yuan and Wu, Zhongqin and Zuo, Wangmeng},
  booktitle={Proceedings of the IEEE International Conference on Computer Vision},
  year={2021},
}

@inproceedings{retinaface,
  title={Retinaface: Single-shot multi-level face localisation in the wild},
  author={Deng, Jiankang and Guo, Jia and Ververas, Evangelos and Kotsia, Irene and Zafeiriou, Stefanos},
  booktitle={Proceedings of the IEEE Conference on Computer Vision and Pattern Recognition},
  pages={5203--5212},
  year={2020}
}

@article{ruan2021sadrnet,
  title={Sadrnet: Self-aligned dual face regression networks for robust 3d dense face alignment and reconstruction},
  author={Ruan, Zeyu and Zou, Changqing and Wu, Longhai and Wu, Gangshan and Wang, Limin},
  journal={IEEE Transactions on Image Processing},
  volume={30},
  pages={5793--5806},
  year={2021},
  publisher={IEEE}
}

@inproceedings{shang2020self,
  title={Self-supervised monocular 3d face reconstruction by occlusion-aware multi-view geometry consistency},
  author={Shang, Jiaxiang and Shen, Tianwei and Li, Shiwei and Zhou, Lei and Zhen, Mingmin and Fang, Tian and Quan, Long},
  booktitle={Proceedings of European Conference on Computer Vision},
  pages={53--70},
  year={2020},
}

@inproceedings{tewari2021learning,
  title={Learning complete 3d morphable face models from images and videos},
  author={Tewari, Ayush and Seidel, Hans-Peter and Elgharib, Mohamed and Theobalt, Christian and others},
  booktitle={Proceedings of the IEEE Conference on Computer Vision and Pattern Recognition},
  pages={3361--3371},
  year={2021}
}

@inproceedings{tran2019towards,
  title={Towards high-fidelity nonlinear 3D face morphable model},
  author={Tran, Luan and Liu, Feng and Liu, Xiaoming},
  booktitle={Proceedings of the IEEE Conference on Computer Vision and Pattern Recognition},
  pages={1126--1135},
  year={2019}
}

@inproceedings{wang20243d,
  title={3D Face Reconstruction with the Geometric Guidance of Facial Part Segmentation},
  author={Wang, Zidu and Zhu, Xiangyu and Zhang, Tianshuo and Wang, Baiqin and Lei, Zhen},
  booktitle={Proceedings of the IEEE Conference on Computer Vision and Pattern Recognition},
  pages={1672--1682},
  year={2024}
}

@inproceedings{wu2020unsupervised,
  title={Unsupervised learning of probably symmetric deformable 3d objects from images in the wild},
  author={Wu, Shangzhe and Rupprecht, Christian and Vedaldi, Andrea},
  booktitle={Proceedings of the IEEE Conference on Computer Vision and Pattern Recognition},
  pages={1--10},
  year={2020}
}

@inproceedings{zeng2019df2net,
  title={Df2net: A dense-fine-finer network for detailed 3d face reconstruction},
  author={Zeng, Xiaoxing and Peng, Xiaojiang and Qiao, Yu},
  booktitle={Proceedings of the IEEE International Conference on Computer Vision},
  pages={2315--2324},
  year={2019}
}

@inproceedings{zielonka2022towards,
  title={Towards metrical reconstruction of human faces},
  author={Zielonka, Wojciech and Bolkart, Timo and Thies, Justus},
  booktitle={Proceedings of European Conference on Computer Vision},
  pages={250--269},
  year={2022},
}

