@misc{2022clap,
    Author = {Benjamin Elizalde and Soham Deshmukh and Mahmoud Al Ismail and Huaming Wang},
    Title = {CLAP: Learning Audio Concepts From Natural Language Supervision},
    Year = {2023},
    Eprint = {abs/2206.04769},
}

@Inproceedings{2023beats,
  title = {BEATs: Audio Pre-Training with Acoustic Tokenizers},
  author =  {Sanyuan Chen and Yu Wu and Chengyi Wang and Shujie Liu and Daniel Tompkins and Zhuo Chen and Wanxiang Che and Xiangzhan Yu and Furu Wei},
  booktitle = {Proc. of the 40 th Int. Conf. on Machine Learning (ICML), Honolulu, Hawaii, USA},
  year = {2023},
  volume = {202},
  series = {Proc. of Machine Learning Research (PMLR)},
  month = {23--29 Jul},
}

@Inproceedings{2023blip,
  title = {{BLIP}-2: Bootstrapping Language-Image Pre-training with Frozen Image Encoders and Large Language Models},
  author = {Li, Junnan and Li, Dongxu and Savarese, Silvio and Hoi, Steven},
  booktitle = {Proc. of the 40 th Int. Conf. on Machine Learning (ICML), Honolulu, Hawaii, USA},
  pages = {19730--19742},
  year = {2023},
  volume = {202},
  series = {Proc. of Machine Learning Research (PMLR)},
  month = {23--29 Jul},
}

@misc{2023lpmusiccaps,
    Author = {SeungHeon Doh and Keunwoo Choi and Jongpil Lee and Juhan Nam},
    Title = {LP-MusicCaps: LLM-Based Pseudo Music Captioning},
    Year = {2023},
    Eprint = {abs/2301.11325},
}

@misc{2023musiclm,
    Author = {Andrea Agostinelli and Timo I. Denk and Zal√°n Borsos and Jesse Engel and Mauro Verzetti and Antoine Caillon and Qingqing Huang and Aren Jansen and Adam Roberts and Marco Tagliasacchi and Matt Sharifi and Neil Zeghidour and Christian Frank},
    Title = {MusicLM: Generating Music From Text},
    Year = {2023},
    Eprint = {abs/2301.11325},
}

@article{2023wavcaps,
  author={Mei, Xinhao and Meng, Chutong and Liu, Haohe and Kong, Qiuqiang and Ko, Tom and Zhao, Chengqi and Plumbley, Mark D. and Zou, Yuexian and Wang, Wenwu},
  journal={IEEE/ACM Trans. Audio Speech Lang. Process.}, 
  title={Wav{C}aps: A {ChatGPT}-Assisted Weakly-Labelled Audio Captioning Dataset for Audio-Language Multimodal Research}, 
  year={2024},
  pages={1-15},
}

@Inproceedings{2023whisper,
  title = {Robust Speech Recognition via Large-Scale Weak Supervision},
  author =  {Alec Radford and Jong Wook Kim and Tao Xu and Greg Brockman and Christine McLeavey and Ilya Sutskever},
  booktitle = {Proc. of the 40 th Int. Conf. on Machine Learning (ICML), Honolulu, Hawaii, USA},
  year = {2023},
  volume = {202},
  series = {Proc. of Machine Learning Research (PMLR)},
  month = {23--29 Jul},
}

@inproceedings{2024mert,
  author  = {Yizhi Li and Ruibin Yuan and Ge Zhang and Yinghao Ma and Xingran Chen and Hanzhi Yin and Chenghao Xiao and Chenghua Lin and Anton Ragni and Emmanouil Benetos and Norbert Gyenge and Roger B. Dannenberg and Ruibo Liu and Wenhu Chen and Gus Xia and Yemin Shi and Wenhao Huang and Zili Wang and Yike Guo and Jie Fu},
  title = {{MERT:} Acoustic Music Understanding Model with Large-Scale Self-supervised Training},
  booktitle = {The 12th Int. Conf. on Learning Representations, {ICLR}, Vienna},
  year = {2024}
}

@inproceedings{2024salmonn,
    title={{SALMONN}: Towards Generic Hearing Abilities for Large Language Models},
    author={Changli Tang and Wenyi Yu and Guangzhi Sun and Xianzhao Chen and Tian Tan and Wei Li and Lu Lu and Zejun MA and Chao Zhang},
    booktitle={The 12th Int. Conf. on Learning Representations},
    year={2024}
}

@article{2024sunocaps,
    title = {SunoCaps: A novel dataset of text-prompt based AI-generated music with emotion annotations},
    journal = {Data in Brief},
    volume = {55},
    pages = {110743},
    year = {2024},
    issn = {2352-3409},
    doi = {https://doi.org/10.1016/j.dib.2024.110743},
    author = {M. Civit and V. Drai-Zerbib and D. Lizcano and M.J. Escalona},
}

@inproceedings{Melechovsky2024,
  author    = {Jan Melechovsky and Abhinaba Roy and Dorien Herremans},
  title     = {MidiCaps--A large-scale MIDI dataset with text captions},
  year      = {2024},
  booktitle   = {Proc. of ISMIR}
}

@article{huang2023noise2music,
  title={Noise2music: Text-conditioned music generation with diffusion models},
  author={Huang, Qingqing and Park, Daniel S and Wang, Tao and Denk, Timo I and Ly, Andy and Chen, Nanxin and Zhang, Zhengdong and Zhang, Zhishuai and Yu, Jiahui and Frank, Christian and others},
  journal={arXiv:2302.03917},
  year={2023}
}

@inproceedings{kim2024missing,
  title={Missing modality prediction for unpaired multimodal learning via joint embedding of unimodal models},
  author={Kim, Donggeun and Kim, Taesup},
  booktitle={European Conf. on Computer Vision},
  pages={171--187},
  year={2024},
  organization={Springer}
}

@article{lee2018deep,
  title={Deep content-user embedding model for music recommendation},
  author={Lee, Jongpil and Lee, Kyungyun and Park, Jiyoung and Park, Jangyeon and Nam, Juhan},
  journal={arXiv:1807.06786},
  year={2018}
}

@article{manco2023song,
  title={The song describer dataset: a corpus of audio captions for music-and-language evaluation},
  author={Manco, Ilaria and Weck, Benno and Doh, Seungheon and Won, Minz and Zhang, Yixiao and Bogdanov, Dmitry and Wu, Yusong and Chen, Ke  and others},
  journal={arXiv:2311.10057},
  year={2023}
}

@inproceedings{melechovsky2023mustango,
  title={Mustango: Toward Controllable Text-to-Music Generation},
  author={Melechovsky, Jan and Guo, Zixun and Ghosal, Deepanway and Majumder, Navonil and Herremans, Dorien and Poria, Soujanya},
  booktitle={Proc. of the 2024 Conf. of the North American Chapter of the Association for Computational Linguistics: Human Language Technologies},
  pages={8286--8309},
  year={2024}
}

