@article{balde2022reader,
  title={Reader reaction to “Outcome-adaptive lasso: Variable selection for causal inference” by Shortreed and Ertefaie (2017)},
  author={Bald{\'e}, Ismaila and Yang, Yi Archer and Lefebvre, Genevi{\`e}ve},
  journal={Biometrics},
  year={2022},
  publisher={Wiley Online Library}
}

@article{de2011covariate,
  title={Covariate selection for the nonparametric estimation of an average treatment effect},
  author={De Luna, Xavier and Waernbaum, Ingeborg and Richardson, Thomas S},
  journal={Biometrika},
  volume={98},
  number={4},
  pages={861--875},
  year={2011},
  publisher={Oxford University Press}
}

@article{ertefaie2018variable,
  title={Variable selection in causal inference using a simultaneous penalization method},
  author={Ertefaie, Ashkan and Asgharian, Masoud and Stephens, David A},
  journal={Journal of Causal Inference},
  volume={6},
  number={1},
  year={2018},
  publisher={De Gruyter}
}

@article{gruber2010application,
  title={An application of collaborative targeted maximum likelihood estimation in causal inference and genomics},
  author={Gruber, Susan and van der Laan, Mark J},
  journal={The International Journal of Biostatistics},
  volume={6},
  number={1},
  year={2010},
  publisher={De Gruyter}
}

@article{iacus2012causal,
  title={Causal inference without balance checking: Coarsened exact matching},
  author={Iacus, Stefano M and King, Gary and Porro, Giuseppe},
  journal={Political analysis},
  volume={20},
  number={1},
  pages={1--24},
  year={2012},
  publisher={Cambridge University Press}
}

@article{islam2021feature,
 title={A Two-Stage Feature Selection Approach for Robust
Evaluation of Treatment Effects in High-Dimensional
Observational Data},
  author={Islam, Md Saiful and Shikalgar, Sahil and  Noor-E-Alam, Md.},
  journal={IISE Transactions on Healthcare Systems Engineering, https://www.tandfonline.com/doi/full/10.1080/24725579.2024.2447715,},
year={2024}
}

@article{king2019propensity,
  title={Why propensity scores should not be used for matching},
  author={King, Gary and Nielsen, Richard},
  journal={Political analysis},
  volume={27},
  number={4},
  pages={435--454},
  year={2019},
  publisher={Cambridge University Press}
}

@article{kursa2010boruta,
  title={Boruta--a system for feature selection},
  author={Kursa, Miron B and Jankowski, Aleksander and Rudnicki, Witold R},
  journal={Fundamenta Informaticae},
  volume={101},
  number={4},
  pages={271--285},
  year={2010},
  publisher={IOS Press}
}

@book{lu2020feature,
  title={Feature Selection for High Dimensional Causal Inference},
  author={Lu, Rui},
  year={2020},
  publisher={Columbia University}
}

@article{roberts2015matching,
  title={Matching methods for high-dimensional data with applications to text},
  author={Roberts, Margaret E and Stewart, Brandon M and Nielsen, Richard},
  journal={Unpublished manuscript},
  year={2015}
}

@article{rosenbaum1983central,
  title={The central role of the propensity score in observational studies for causal effects},
  author={Rosenbaum, Paul R and Rubin, Donald B},
  journal={Biometrika},
  volume={70},
  number={1},
  pages={41--55},
  year={1983},
  publisher={Oxford University Press}
}

@article{rubin1979using,
  title={Using multivariate matched sampling and regression adjustment to control bias in observational studies},
  author={Rubin, Donald B},
  journal={Journal of the American Statistical Association},
  volume={74},
  number={366a},
  pages={318--328},
  year={1979},
  publisher={Taylor \& Francis}
}

@article{shortreed2017outcome,
  title={Outcome-adaptive lasso: variable selection for causal inference},
  author={Shortreed, Susan M and Ertefaie, Ashkan},
  journal={Biometrics},
  volume={73},
  number={4},
  pages={1111--1122},
  year={2017},
  publisher={Wiley Online Library}
}

@article{stuart2010matching,
  title={Matching methods for causal inference: A review and a look forward},
  author={Stuart, Elizabeth A},
  journal={Statistical science: a review journal of the Institute of Mathematical Statistics},
  volume={25},
  number={1},
  pages={1},
  year={2010},
  publisher={NIH Public Access}
}

@article{talbot2015bayesian,
  title={The Bayesian causal effect estimation algorithm},
  author={Talbot, Denis and Lefebvre, Genevieve and Atherton, Juli},
  journal={Journal of Causal Inference},
  volume={3},
  number={2},
  pages={207--236},
  year={2015},
  publisher={De Gruyter}
}

@article{vanderweele2019principles,
  title={Principles of confounder selection},
  author={VanderWeele, Tyler J},
  journal={European journal of epidemiology},
  volume={34},
  pages={211--219},
  year={2019},
  publisher={Springer}
}

@article{wang2012bayesian,
  title={Bayesian effect estimation accounting for adjustment uncertainty},
  author={Wang, Chi and Parmigiani, Giovanni and Dominici, Francesca},
  journal={Biometrics},
  volume={68},
  number={3},
  pages={661--671},
  year={2012},
  publisher={Wiley Online Library}
}

@article{wang2021flame,
  title={FLAME: A fast large-scale almost matching exactly approach to causal inference},
  author={Wang, Tianyu and Morucci, Marco and Awan, M Usaid and Liu, Yameng and Roy, Sudeepa and Rudin, Cynthia and Volfovsky, Alexander},
  journal={The Journal of Machine Learning Research},
  volume={22},
  number={1},
  pages={1477--1517},
  year={2021},
  publisher={JMLRORG}
}

@article{wooldridge2016should,
  title={Should instrumental variables be used as matching variables?},
  author={Wooldridge, Jeffrey M},
  journal={Research in Economics},
  volume={70},
  number={2},
  pages={232--237},
  year={2016},
  publisher={Elsevier}
}

@article{zou2005regularization,
  title={Regularization and variable selection via the elastic net},
  author={Zou, Hui and Hastie, Trevor},
  journal={Journal of the royal statistical society: series B (statistical methodology)},
  volume={67},
  number={2},
  pages={301--320},
  year={2005},
  publisher={Wiley Online Library}
}

@article{zou2006adaptive,
  title={The adaptive lasso and its oracle properties},
  author={Zou, Hui},
  journal={Journal of the American statistical association},
  volume={101},
  number={476},
  pages={1418--1429},
  year={2006},
  publisher={Taylor \& Francis}
}

