@article{mccance2019national,
  title={The national survey on drug use and health: 2017},
  author={McCance-Katz, Elinore F},
  journal={Substance Abuse and Mental Health Services Administration. https://www. samhsa. gov/data/sites/default/files/nsduh-ppt-09-2018. pdf. Accessed May},
  volume={7},
  year={2019}
}

@article{yu2020causality,
  title={Causality-based feature selection: Methods and evaluations},
  author={Yu, Kui and Guo, Xianjie and Liu, Lin and Li, Jiuyong and Wang, Hao and Ling, Zhaolong and Wu, Xindong},
  journal={ACM Computing Surveys (CSUR)},
  volume={53},
  number={5},
  pages={1--36},
  year={2020},
  publisher={ACM New York, NY, USA}
}
@article{yao2021survey,
  title={A survey on causal inference},
  author={Yao, Liuyi and Chu, Zhixuan and Li, Sheng and Li, Yaliang and Gao, Jing and Zhang, Aidong},
  journal={ACM Transactions on Knowledge Discovery from Data (TKDD)},
  volume={15},
  number={5},
  pages={1--46},
  year={2021},
  publisher={ACM New York, NY, USA}
}
@article{nikolaev2013balance,
  title={Balance optimization subset selection (BOSS): An alternative approach for causal inference with observational data},
  author={Nikolaev, Alexander G and Jacobson, Sheldon H and Cho, Wendy K Tam and Sauppe, Jason J and Sewell, Edward C},
  journal={Operations Research},
  volume={61},
  number={2},
  pages={398--412},
  year={2013},
  publisher={INFORMS}
}
@article{stuart2010matching,
  title={Matching methods for causal inference: A review and a look forward},
  author={Stuart, Elizabeth A},
  journal={Statistical science: a review journal of the Institute of Mathematical Statistics},
  volume={25},
  number={1},
  pages={1},
  year={2010},
  publisher={NIH Public Access}
}
@article{shortreed2017outcome,
  title={Outcome-adaptive lasso: variable selection for causal inference},
  author={Shortreed, Susan M and Ertefaie, Ashkan},
  journal={Biometrics},
  volume={73},
  number={4},
  pages={1111--1122},
  year={2017},
  publisher={Wiley Online Library}
}
@article{ertefaie2018variable,
  title={Variable selection in causal inference using a simultaneous penalization method},
  author={Ertefaie, Ashkan and Asgharian, Masoud and Stephens, David A},
  journal={Journal of Causal Inference},
  volume={6},
  number={1},
  year={2018},
  publisher={De Gruyter}
}
@article{blackwell2009cem,
  title={cem: Coarsened exact matching in Stata},
  author={Blackwell, Matthew and Iacus, Stefano and King, Gary and Porro, Giuseppe},
  journal={The Stata Journal},
  volume={9},
  number={4},
  pages={524--546},
  year={2009},
  publisher={SAGE Publications Sage CA: Los Angeles, CA}
}
@article{rubin1979using,
  title={Using multivariate matched sampling and regression adjustment to control bias in observational studies},
  author={Rubin, Donald B},
  journal={Journal of the American Statistical Association},
  volume={74},
  number={366a},
  pages={318--328},
  year={1979},
  publisher={Taylor \& Francis}
}
@article{brookhart2006variable,
  title={Variable selection for propensity score models},
  author={Brookhart, M Alan and Schneeweiss, Sebastian and Rothman, Kenneth J and Glynn, Robert J and Avorn, Jerry and St{\"u}rmer, Til},
  journal={American journal of epidemiology},
  volume={163},
  number={12},
  pages={1149--1156},
  year={2006},
  publisher={Oxford University Press}
}
@techreport{wooldridge2009should,
  title={Should instrumental variables be used as matching variables},
  author={Wooldridge, Jeffrey},
  year={2009},
  institution={Citeseer}
}
@article{islam2019robust,
  title={Robust policy evaluation from large-scale observational studies},
  author={Islam, Md Saiful and Morshed, Md Sarowar and Young, Gary J and Noor-E-Alam, Md},
  journal={PloS one},
  volume={14},
  number={10},
  pages={e0223360},
  year={2019},
  publisher={Public Library of Science San Francisco, CA USA}
}
@article{tibshirani1996regression,
  title={Regression shrinkage and selection via the lasso},
  author={Tibshirani, Robert},
  journal={Journal of the Royal Statistical Society: Series B (Methodological)},
  volume={58},
  number={1},
  pages={267--288},
  year={1996},
  publisher={Wiley Online Library}
}
@article{zou2006adaptive,
  title={The adaptive lasso and its oracle properties},
  author={Zou, Hui},
  journal={Journal of the American statistical association},
  volume={101},
  number={476},
  pages={1418--1429},
  year={2006},
  publisher={Taylor \& Francis}
}
@article{zou2005regularization,
  title={Regularization and variable selection via the elastic net},
  author={Zou, Hui and Hastie, Trevor},
  journal={Journal of the royal statistical society: series B (statistical methodology)},
  volume={67},
  number={2},
  pages={301--320},
  year={2005},
  publisher={Wiley Online Library}
}
@article{zou2009adaptive,
  title={On the adaptive elastic-net with a diverging number of parameters},
  author={Zou, Hui and Zhang, Hao Helen},
  journal={Annals of statistics},
  volume={37},
  number={4},
  pages={1733},
  year={2009},
  publisher={NIH Public Access}
}
@article{efron2004least,
  title={Least angle regression},
  author={Efron, Bradley and Hastie, Trevor and Johnstone, Iain and Tibshirani, Robert},
  year={2004}
}
@article{talbot2015bayesian,
  title={The Bayesian causal effect estimation algorithm},
  author={Talbot, Denis and Lefebvre, Genevieve and Atherton, Juli},
  journal={Journal of Causal Inference},
  volume={3},
  number={2},
  pages={207--236},
  year={2015},
  publisher={De Gruyter}
}
@article{wang2012bayesian,
  title={Bayesian effect estimation accounting for adjustment uncertainty},
  author={Wang, Chi and Parmigiani, Giovanni and Dominici, Francesca},
  journal={Biometrics},
  volume={68},
  number={3},
  pages={661--671},
  year={2012},
  publisher={Wiley Online Library}
}
@article{islam2021feature,
 title={A Two-Stage Feature Selection Approach for Robust
Evaluation of Treatment Effects in High-Dimensional
Observational Data},
  author={Islam, Md Saiful and Shikalgar, Sahil and  Noor-E-Alam, Md.},
  journal={IISE Transactions on Healthcare Systems Engineering, https://www.tandfonline.com/doi/full/10.1080/24725579.2024.2447715,},
year={2024}
}
@article{balde2022reader,
  title={Reader reaction to “Outcome-adaptive lasso: Variable selection for causal inference” by Shortreed and Ertefaie (2017)},
  author={Bald{\'e}, Ismaila and Yang, Yi Archer and Lefebvre, Genevi{\`e}ve},
  journal={Biometrics},
  year={2022},
  publisher={Wiley Online Library}
}
@article{ghosh2011grouped,
  title={On the grouped selection and model complexity of the adaptive elastic net},
  author={Ghosh, Samiran},
  journal={Statistics and computing},
  volume={21},
  pages={451--462},
  year={2011},
  publisher={Springer}
}
@article{salazar2012comparison,
  title={Comparison between SVM and logistic regression: Which one is better to discriminate?},
  author={Salazar, Diego Alejandro and V{\'e}lez, Jorge Iv{\'a}n and Salazar, Juan Carlos},
  journal={Revista Colombiana de Estad{\'\i}stica},
  volume={35},
  number={SPE2},
  pages={223--237},
  year={2012},
  publisher={Universidad Nacional de Colombia.}
}
@article{xin2017oracle,
  title={On the oracle property of a generalized adaptive elastic-net for multivariate linear regression with a diverging number of parameters},
  author={Xin, Xin and Hu, Jianhua and Liu, Liangyuan},
  journal={Journal of Multivariate Analysis},
  volume={162},
  pages={16--31},
  year={2017},
  publisher={Elsevier}
}
@article{kursa2010feature,
  title={Feature selection with the Boruta package},
  author={Kursa, Miron B and Rudnicki, Witold R},
  journal={Journal of statistical software},
  volume={36},
  pages={1--13},
  year={2010}
}
@article{ho2017om,
  title={OM forum—Causal inference models in operations management},
  author={Ho, Teck-Hua and Lim, Noah and Reza, Sadat and Xia, Xiaoyu},
  journal={Manufacturing \& Service Operations Management},
  volume={19},
  number={4},
  pages={509--525},
  year={2017},
  publisher={INFORMS}
}
@article{yang2022achieving,
  title={Achieving reliable causal inference with data-mined variables: A random forest approach to the measurement error problem},
  author={Yang, Mochen and McFowland III, Edward and Burtch, Gordon and Adomavicius, Gediminas},
  journal={INFORMS Journal on Data Science},
  year={2022},
  publisher={INFORMS}
}
@book{wooldridge2015introductory,
  title={Introductory econometrics: A modern approach},
  author={Wooldridge, Jeffrey M},
  year={2015},
  publisher={Cengage learning}
}
@article{rosenbaum1983central,
  title={The central role of the propensity score in observational studies for causal effects},
  author={Rosenbaum, Paul R and Rubin, Donald B},
  journal={Biometrika},
  volume={70},
  number={1},
  pages={41--55},
  year={1983},
  publisher={Oxford University Press}
}
@article{king2019propensity,
  title={Why propensity scores should not be used for matching},
  author={King, Gary and Nielsen, Richard},
  journal={Political analysis},
  volume={27},
  number={4},
  pages={435--454},
  year={2019},
  publisher={Cambridge University Press}
}
@article{iacus2012causal,
  title={Causal inference without balance checking: Coarsened exact matching},
  author={Iacus, Stefano M and King, Gary and Porro, Giuseppe},
  journal={Political analysis},
  volume={20},
  number={1},
  pages={1--24},
  year={2012},
  publisher={Cambridge University Press}
}
@article{greenland2008invited,
  title={Invited commentary: variable selection versus shrinkage in the control of multiple confounders},
  author={Greenland, Sander},
  journal={American journal of epidemiology},
  volume={167},
  number={5},
  pages={523--529},
  year={2008},
  publisher={Oxford University Press}
}
@article{rotnitzky2010note,
  title={A note on overadjustment in inverse probability weighted estimation},
  author={Rotnitzky, Andrea and Li, Lingling and Li, Xiaochun},
  journal={Biometrika},
  volume={97},
  number={4},
  pages={997--1001},
  year={2010},
  publisher={Oxford University Press}
}
@article{de2011covariate,
  title={Covariate selection for the nonparametric estimation of an average treatment effect},
  author={De Luna, Xavier and Waernbaum, Ingeborg and Richardson, Thomas S},
  journal={Biometrika},
  volume={98},
  number={4},
  pages={861--875},
  year={2011},
  publisher={Oxford University Press}
}
@article{roberts2015matching,
  title={Matching methods for high-dimensional data with applications to text},
  author={Roberts, Margaret E and Stewart, Brandon M and Nielsen, Richard},
  journal={Unpublished manuscript},
  year={2015}
}
@article{wang2021flame,
  title={FLAME: A fast large-scale almost matching exactly approach to causal inference},
  author={Wang, Tianyu and Morucci, Marco and Awan, M Usaid and Liu, Yameng and Roy, Sudeepa and Rudin, Cynthia and Volfovsky, Alexander},
  journal={The Journal of Machine Learning Research},
  volume={22},
  number={1},
  pages={1477--1517},
  year={2021},
  publisher={JMLRORG}
}
@article{witte2019covariate,
  title={Covariate selection strategies for causal inference: Classification and comparison},
  author={Witte, Janine and Didelez, Vanessa},
  journal={Biometrical Journal},
  volume={61},
  number={5},
  pages={1270--1289},
  year={2019},
  publisher={Wiley Online Library}
}
@article{ju2019scalable,
  title={Scalable collaborative targeted learning for high-dimensional data},
  author={Ju, Cheng and Gruber, Susan and Lendle, Samuel D and Chambaz, Antoine and Franklin, Jessica M and Wyss, Richard and Schneeweiss, Sebastian and van Der Laan, Mark J},
  journal={Statistical methods in medical research},
  volume={28},
  number={2},
  pages={532--554},
  year={2019},
  publisher={SAGE Publications Sage UK: London, England}
}
@phdthesis{pirkhan2021simulation,
  title={A Simulation Study to Evaluate Performance of Covariate Selection Techniques for High Dimensional Data in Causal Inference},
  author={Pirkhan, Mohammad Aslam},
  year={2021},
  school={Northeastern University}
}
@article{gruber2010application,
  title={An application of collaborative targeted maximum likelihood estimation in causal inference and genomics},
  author={Gruber, Susan and van der Laan, Mark J},
  journal={The International Journal of Biostatistics},
  volume={6},
  number={1},
  year={2010},
  publisher={De Gruyter}
}
@article{kursa2010boruta,
  title={Boruta--a system for feature selection},
  author={Kursa, Miron B and Jankowski, Aleksander and Rudnicki, Witold R},
  journal={Fundamenta Informaticae},
  volume={101},
  number={4},
  pages={271--285},
  year={2010},
  publisher={IOS Press}
}
@book{lu2020feature,
  title={Feature Selection for High Dimensional Causal Inference},
  author={Lu, Rui},
  year={2020},
  publisher={Columbia University}
}
@article{zhao2018will,
  title={Will competition-winning methods for causal inference also succeed in practice?},
  author={Zhao, Qingyuan and Keele, Luke J and Small, Dylan S},
  journal={Statistical Science},
  year={2018}
}
@article{hill2011bayesian,
  title={Bayesian nonparametric modeling for causal inference},
  author={Hill, Jennifer L},
  journal={Journal of Computational and Graphical Statistics},
  volume={20},
  number={1},
  pages={217--240},
  year={2011},
  publisher={Taylor \& Francis}
}
@article{pearl2012class,
  title={On a class of bias-amplifying variables that endanger effect estimates},
  author={Pearl, Judea},
  journal={arXiv preprint arXiv:1203.3503},
  year={2012}
}
@article{vanderweele2019principles,
  title={Principles of confounder selection},
  author={VanderWeele, Tyler J},
  journal={European journal of epidemiology},
  volume={34},
  pages={211--219},
  year={2019},
  publisher={Springer}
}
@article{wooldridge2016should,
  title={Should instrumental variables be used as matching variables?},
  author={Wooldridge, Jeffrey M},
  journal={Research in Economics},
  volume={70},
  number={2},
  pages={232--237},
  year={2016},
  publisher={Elsevier}
}
@article{islam2021two,
  title={A Two-Stage Feature Selection Approach for Robust Evaluation of Treatment Effects in High-Dimensional Observational Data},
  author={Islam, Md Saiful and Shikalgar, Sahil and others},
  journal={arXiv preprint arXiv:2111.13800},
  year={2021}
}