@article{blei2003latent,
  title={Latent dirichlet allocation},
  author={Blei, David M and Ng, Andrew Y and Jordan, Michael I},
  journal={Journal of machine Learning research},
  volume={3},
  number={Jan},
  pages={993--1022},
  year={2003}
}

@book{boyatzis1998transforming,
  title={Transforming qualitative information: Thematic analysis and code development},
  author={Boyatzis, Richard E},
  year={1998},
  publisher={Sage}
}

@article{braun2006using,
  title={Using thematic analysis in psychology},
  author={Braun, Virginia and Clarke, Victoria},
  journal={Qualitative research in psychology},
  volume={3},
  number={2},
  pages={77--101},
  year={2006},
  publisher={Taylor \& Francis}
}

@article{braun2019reflecting,
  title={Reflecting on reflexive thematic analysis},
  author={Braun, Virginia and Clarke, Victoria},
  journal={Qualitative research in sport, exercise and health},
  volume={11},
  number={4},
  pages={589--597},
  year={2019},
  publisher={Taylor \& Francis}
}

@article{brown2020language,
  title={Language models are few-shot learners},
  author={Brown, Tom B},
  journal={arXiv preprint arXiv:2005.14165},
  year={2020}
}

@article{chauhan2024tracking,
  title={Tracking collective emotions in 16 countries during COVID-19: a novel methodology for identifying major emotional events using Twitter},
  author={Chauhan, Apurv and Belhekar, Vivek and Sehgal, Surbhi and Singh, Himanshu and Prakash, Jay},
  journal={Frontiers in Psychology},
  volume={14},
  pages={1105875},
  year={2024},
  publisher={Frontiers Media SA}
}

@inproceedings{chuang2012termite,
  title={Termite: Visualization techniques for assessing textual topic models},
  author={Chuang, Jason and Manning, Christopher D and Heer, Jeffrey},
  booktitle={Proceedings of the international working conference on advanced visual interfaces},
  pages={74--77},
  year={2012}
}

@article{corti2022social,
  title={Social media analysis of Twitter tweets related to ASD in 2019--2020, with particular attention to COVID-19: topic modelling and sentiment analysis},
  author={Corti, Luca and Zanetti, Michele and Tricella, Giovanni and Bonati, Maurizio},
  journal={Journal of big Data},
  volume={9},
  number={1},
  pages={113},
  year={2022},
  publisher={Springer}
}

@article{devlin2018bert,
  title={Bert: Pre-training of deep bidirectional transformers for language understanding},
  author={Devlin, Jacob},
  journal={arXiv preprint arXiv:1810.04805},
  year={2018}
}

@article{dong2024understanding,
  title={Understanding the impact of government social media on citizensâ€™ unverified information avoidance behavior during health crises: the health belief model},
  author={Dong, Xueyan and Tang, Zhenya and Wang, Houcai},
  journal={Online Information Review},
  year={2024},
  publisher={Emerald Publishing Limited}
}

@incollection{gabarron2023autistic,
  title={What do autistic people discuss on Twitter? An approach using BERTopic modelling},
  author={Gabarron, Elia and Dorronzoro, Enrique and Reichenpfader, Daniel and Denecke, Kerstin},
  booktitle={Caring is Sharing--Exploiting the Value in Data for Health and Innovation},
  pages={403--407},
  year={2023},
  publisher={IOS Press}
}

@article{golder2014digital,
  title={Digital footprints: Opportunities and challenges for online social research},
  author={Golder, Scott A and Macy, Michael W},
  journal={Annual review of sociology},
  volume={40},
  number={1},
  pages={129--152},
  year={2014},
  publisher={Annual Reviews}
}

@inproceedings{hong2010empirical,
  title={Empirical study of topic modeling in twitter},
  author={Hong, Liangjie and Davison, Brian D},
  booktitle={Proceedings of the first workshop on social media analytics},
  pages={80--88},
  year={2010}
}

@article{markham2017research,
  title={Research ethics in context: Decision-making in digital research},
  author={Markham, Annette and Buchanan, Elizabeth},
  year={2017},
  publisher={Amsterdam University Press}
}

@article{mikolov2013distributed,
  title={Distributed representations of words and phrases and their compositionality},
  author={Mikolov, Tomas and Sutskever, Ilya and Chen, Kai and Corrado, Greg S and Dean, Jeff},
  journal={Advances in neural information processing systems},
  volume={26},
  year={2013}
}

@article{nguyen2015sentiment,
  title={Sentiment analysis on social media for stock movement prediction},
  author={Nguyen, Thien Hai and Shirai, Kiyoaki and Velcin, Julien},
  journal={Expert Systems with Applications},
  volume={42},
  number={24},
  pages={9603--9611},
  year={2015},
  publisher={Elsevier}
}

@inproceedings{wanna2024topictag,
  title={TopicTag: Automatic Annotation of NMF Topic Models Using Chain of Thought and Prompt Tuning with LLMs},
  author={Wanna, Selma and Solovyev, Nicholas and Barron, Ryan and Eren, Maksim E and Bhattarai, Manish and Rasmussen, Kim {\O} and Alexandrov, Boian S},
  booktitle={Proceedings of the ACM Symposium on Document Engineering 2024},
  pages={1--4},
  year={2024}
}

@article{wu2022study,
  title={A study of BERT for context-aware neural machine translation},
  author={Wu, Xueqing and Xia, Yingce and Zhu, Jinhua and Wu, Lijun and Xie, Shufang and Qin, Tao},
  journal={Machine Learning},
  volume={111},
  number={3},
  pages={917--935},
  year={2022},
  publisher={Springer}
}

@inproceedings{yin2020detecting,
  title={Detecting topic and sentiment dynamics due to COVID-19 pandemic using social media},
  author={Yin, Hui and Yang, Shuiqiao and Li, Jianxin},
  booktitle={Advanced Data Mining and Applications: 16th International Conference, ADMA 2020, Foshan, China, November 12--14, 2020, Proceedings 16},
  pages={610--623},
  year={2020},
  organization={Springer}
}

