@inproceedings{DBLP:conf/aaai/YuJLHWLCLLTZZXH24,
  author       = {Tianyu Yu and
                  Chengyue Jiang and
                  Chao Lou and
                  Shen Huang and
                  Xiaobin Wang and
                  Wei Liu and
                  Jiong Cai and
                  Yangning Li and
                  Yinghui Li and
                  Kewei Tu and
                  Hai{-}Tao Zheng and
                  Ningyu Zhang and
                  Pengjun Xie and
                  Fei Huang and
                  Yong Jiang},
  editor       = {Michael J. Wooldridge and
                  Jennifer G. Dy and
                  Sriraam Natarajan},
  title        = {SeqGPT: An Out-of-the-Box Large Language Model for Open Domain Sequence
                  Understanding},
  booktitle    = {Thirty-Eighth {AAAI} Conference on Artificial Intelligence, {AAAI}
                  2024, Thirty-Sixth Conference on Innovative Applications of Artificial
                  Intelligence, {IAAI} 2024, Fourteenth Symposium on Educational Advances
                  in Artificial Intelligence, {EAAI} 2014, February 20-27, 2024, Vancouver,
                  Canada},
  pages        = {19458--19467},
  publisher    = {{AAAI} Press},
  year         = {2024},
  url          = {https://doi.org/10.1609/aaai.v38i17.29917},
  doi          = {10.1609/AAAI.V38I17.29917},
  timestamp    = {Wed, 06 Nov 2024 14:03:37 +0100},
  biburl       = {https://dblp.org/rec/conf/aaai/YuJLHWLCLLTZZXH24.bib},
  bibsource    = {dblp computer science bibliography, https://dblp.org}
}

@inproceedings{DBLP:conf/acl/LiCRCZNW24,
  author       = {Junyi Li and
                  Jie Chen and
                  Ruiyang Ren and
                  Xiaoxue Cheng and
                  Xin Zhao and
                  Jian{-}Yun Nie and
                  Ji{-}Rong Wen},
  editor       = {Lun{-}Wei Ku and
                  Andre Martins and
                  Vivek Srikumar},
  title        = {The Dawn After the Dark: An Empirical Study on Factuality Hallucination
                  in Large Language Models},
  booktitle    = {Proceedings of the 62nd Annual Meeting of the Association for Computational
                  Linguistics (Volume 1: Long Papers), {ACL} 2024, Bangkok, Thailand,
                  August 11-16, 2024},
  pages        = {10879--10899},
  publisher    = {Association for Computational Linguistics},
  year         = {2024}
}

@inproceedings{DBLP:conf/acl/LiXC0LMJLZZS24,
  author       = {Yinghui Li and
                  Zishan Xu and
                  Shaoshen Chen and
                  Haojing Huang and
                  Yangning Li and
                  Shirong Ma and
                  Yong Jiang and
                  Zhongli Li and
                  Qingyu Zhou and
                  Hai{-}Tao Zheng and
                  Ying Shen},
  editor       = {Lun{-}Wei Ku and
                  Andre Martins and
                  Vivek Srikumar},
  title        = {Towards Real-World Writing Assistance: {A} Chinese Character Checking
                  Benchmark with Faked and Misspelled Characters},
  booktitle    = {Proceedings of the 62nd Annual Meeting of the Association for Computational
                  Linguistics (Volume 1: Long Papers), {ACL} 2024, Bangkok, Thailand,
                  August 11-16, 2024},
  pages        = {8656--8668},
  publisher    = {Association for Computational Linguistics},
  year         = {2024},
  url          = {https://doi.org/10.18653/v1/2024.acl-long.469},
  doi          = {10.18653/V1/2024.ACL-LONG.469},
  timestamp    = {Tue, 24 Sep 2024 10:55:52 +0200},
  biburl       = {https://dblp.org/rec/conf/acl/LiXC0LMJLZZS24.bib},
  bibsource    = {dblp computer science bibliography, https://dblp.org}
}

@inproceedings{DBLP:conf/acl/NiuWZXSZS024,
  author       = {Cheng Niu and
                  Yuanhao Wu and
                  Juno Zhu and
                  Siliang Xu and
                  Kashun Shum and
                  Randy Zhong and
                  Juntong Song and
                  Tong Zhang},
  editor       = {Lun{-}Wei Ku and
                  Andre Martins and
                  Vivek Srikumar},
  title        = {RAGTruth: {A} Hallucination Corpus for Developing Trustworthy Retrieval-Augmented
                  Language Models},
  booktitle    = {Proceedings of the 62nd Annual Meeting of the Association for Computational
                  Linguistics (Volume 1: Long Papers), {ACL} 2024, Bangkok, Thailand,
                  August 11-16, 2024},
  pages        = {10862--10878},
  publisher    = {Association for Computational Linguistics},
  year         = {2024}
}

@inproceedings{DBLP:conf/acl/YanWHZYG0C24,
  author       = {Tianyi Yan and
                  Fei Wang and
                  James Y. Huang and
                  Wenxuan Zhou and
                  Fan Yin and
                  Aram Galstyan and
                  Wenpeng Yin and
                  Muhao Chen},
  editor       = {Lun{-}Wei Ku and
                  Andre Martins and
                  Vivek Srikumar},
  title        = {Contrastive Instruction Tuning},
  booktitle    = {Findings of the Association for Computational Linguistics, {ACL} 2024,
                  Bangkok, Thailand and virtual meeting, August 11-16, 2024},
  pages        = {10288--10302},
  publisher    = {Association for Computational Linguistics},
  year         = {2024}
}

@inproceedings{DBLP:conf/acl/ZhangGLY24,
  author       = {Dongxu Zhang and
                  Varun Gangal and
                  Barrett Martin Lattimer and
                  Yi Yang},
  editor       = {Lun{-}Wei Ku and
                  Andre Martins and
                  Vivek Srikumar},
  title        = {Enhancing Hallucination Detection through Perturbation-Based Synthetic
                  Data Generation in System Responses},
  booktitle    = {Findings of the Association for Computational Linguistics, {ACL} 2024,
                  Bangkok, Thailand and virtual meeting, August 11-16, 2024},
  pages        = {13321--13332},
  publisher    = {Association for Computational Linguistics},
  year         = {2024}
}

@inproceedings{DBLP:conf/emnlp/DuW0D0LZVZSZGL024,
  author       = {Jiangshu Du and
                  Yibo Wang and
                  Wenting Zhao and
                  Zhongfen Deng and
                  Shuaiqi Liu and
                  Renze Lou and
                  Henry Peng Zou and
                  Pranav Narayanan Venkit and
                  Nan Zhang and
                  Mukund Srinath and
                  Haoran Zhang and
                  Vipul Gupta and
                  Yinghui Li and
                  Tao Li and
                  Fei Wang and
                  Qin Liu and
                  Tianlin Liu and
                  Pengzhi Gao and
                  Congying Xia and
                  Chen Xing and
                  Cheng Jiayang and
                  Zhaowei Wang and
                  Ying Su and
                  Raj Sanjay Shah and
                  Ruohao Guo and
                  Jing Gu and
                  Haoran Li and
                  Kangda Wei and
                  Zihao Wang and
                  Lu Cheng and
                  Surangika Ranathunga and
                  Meng Fang and
                  Jie Fu and
                  Fei Liu and
                  Ruihong Huang and
                  Eduardo Blanco and
                  Yixin Cao and
                  Rui Zhang and
                  Philip S. Yu and
                  Wenpeng Yin},
  editor       = {Yaser Al{-}Onaizan and
                  Mohit Bansal and
                  Yun{-}Nung Chen},
  title        = {LLMs Assist {NLP} Researchers: Critique Paper (Meta-)Reviewing},
  booktitle    = {Proceedings of the 2024 Conference on Empirical Methods in Natural
                  Language Processing, {EMNLP} 2024, Miami, FL, USA, November 12-16,
                  2024},
  pages        = {5081--5099},
  publisher    = {Association for Computational Linguistics},
  year         = {2024},
  url          = {https://aclanthology.org/2024.emnlp-main.292},
  timestamp    = {Fri, 15 Nov 2024 19:32:19 +0100},
  biburl       = {https://dblp.org/rec/conf/emnlp/DuW0D0LZVZSZGL024.bib},
  bibsource    = {dblp computer science bibliography, https://dblp.org}
}

@inproceedings{DBLP:conf/iclr/0131Z00H24,
  author       = {Wei Liu and
                  Weihao Zeng and
                  Keqing He and
                  Yong Jiang and
                  Junxian He},
  title        = {What Makes Good Data for Alignment? {A} Comprehensive Study of Automatic
                  Data Selection in Instruction Tuning},
  booktitle    = {The Twelfth International Conference on Learning Representations,
                  {ICLR} 2024, Vienna, Austria, May 7-11, 2024},
  publisher    = {OpenReview.net},
  year         = {2024}
}

@inproceedings{DBLP:conf/iclr/AsaiWWSH24,
  author       = {Akari Asai and
                  Zeqiu Wu and
                  Yizhong Wang and
                  Avirup Sil and
                  Hannaneh Hajishirzi},
  title        = {Self-RAG: Learning to Retrieve, Generate, and Critique through Self-Reflection},
  booktitle    = {The Twelfth International Conference on Learning Representations,
                  {ICLR} 2024, Vienna, Austria, May 7-11, 2024},
  publisher    = {OpenReview.net},
  year         = {2024}
}

@inproceedings{DBLP:conf/iclr/BurnsYKS23,
  author       = {Collin Burns and
                  Haotian Ye and
                  Dan Klein and
                  Jacob Steinhardt},
  title        = {Discovering Latent Knowledge in Language Models Without Supervision},
  booktitle    = {The Eleventh International Conference on Learning Representations,
                  {ICLR} 2023, Kigali, Rwanda, May 1-5, 2023},
  publisher    = {OpenReview.net},
  year         = {2023}
}

@inproceedings{DBLP:conf/iclr/ChuangXLKGH24,
  author       = {Yung{-}Sung Chuang and
                  Yujia Xie and
                  Hongyin Luo and
                  Yoon Kim and
                  James R. Glass and
                  Pengcheng He},
  title        = {DoLa: Decoding by Contrasting Layers Improves Factuality in Large
                  Language Models},
  booktitle    = {The Twelfth International Conference on Learning Representations,
                  {ICLR} 2024, Vienna, Austria, May 7-11, 2024},
  publisher    = {OpenReview.net},
  year         = {2024}
}

@inproceedings{DBLP:conf/iclr/LiuLLWYW24,
  author       = {Fuxiao Liu and
                  Kevin Lin and
                  Linjie Li and
                  Jianfeng Wang and
                  Yaser Yacoob and
                  Lijuan Wang},
  title        = {Mitigating Hallucination in Large Multi-Modal Models via Robust Instruction
                  Tuning},
  booktitle    = {The Twelfth International Conference on Learning Representations,
                  {ICLR} 2024, Vienna, Austria, May 7-11, 2024},
  publisher    = {OpenReview.net},
  year         = {2024}
}

@inproceedings{DBLP:conf/iclr/Mu024,
  author       = {Wenchuan Mu and
                  Kwan Hui Lim},
  title        = {Explicitly Stating Assumptions Reduces Hallucinations in Natural Language
                  Inference},
  booktitle    = {The Second Tiny Papers Track at {ICLR}

@inproceedings{DBLP:conf/iclr/MuennighoffLZZH24,
  author       = {Niklas Muennighoff and
                  Qian Liu and
                  Armel Randy Zebaze and
                  Qinkai Zheng and
                  Binyuan Hui and
                  Terry Yue Zhuo and
                  Swayam Singh and
                  Xiangru Tang and
                  Leandro von Werra and
                  Shayne Longpre},
  title        = {OctoPack: Instruction Tuning Code Large Language Models},
  booktitle    = {The Twelfth International Conference on Learning Representations,
                  {ICLR} 2024, Vienna, Austria, May 7-11, 2024},
  publisher    = {OpenReview.net},
  year         = {2024}
}

@inproceedings{DBLP:conf/iclr/MundlerHJV24,
  author       = {Niels M{\"{u}}ndler and
                  Jingxuan He and
                  Slobodan Jenko and
                  Martin T. Vechev},
  title        = {Self-contradictory Hallucinations of Large Language Models: Evaluation,
                  Detection and Mitigation},
  booktitle    = {The Twelfth International Conference on Learning Representations,
                  {ICLR} 2024, Vienna, Austria, May 7-11, 2024},
  publisher    = {OpenReview.net},
  year         = {2024}
}

@inproceedings{DBLP:conf/iclr/SanhWRBSACSRDBX22,
  author       = {Victor Sanh and
                  Albert Webson and
                  Colin Raffel and
                  Stephen H. Bach and
                  Lintang Sutawika and
                  Zaid Alyafeai and
                  Antoine Chaffin and
                  Arnaud Stiegler and
                  Arun Raja and
                  Manan Dey and
                  M Saiful Bari and
                  Canwen Xu and
                  Urmish Thakker and
                  Shanya Sharma Sharma and
                  Eliza Szczechla and
                  Taewoon Kim and
                  Gunjan Chhablani and
                  Nihal V. Nayak and
                  Debajyoti Datta and
                  Jonathan Chang and
                  Mike Tian{-}Jian Jiang and
                  Han Wang and
                  Matteo Manica and
                  Sheng Shen and
                  Zheng Xin Yong and
                  Harshit Pandey and
                  Rachel Bawden and
                  Thomas Wang and
                  Trishala Neeraj and
                  Jos Rozen and
                  Abheesht Sharma and
                  Andrea Santilli and
                  Thibault F{\'{e}}vry and
                  Jason Alan Fries and
                  Ryan Teehan and
                  Teven Le Scao and
                  Stella Biderman and
                  Leo Gao and
                  Thomas Wolf and
                  Alexander M. Rush},
  title        = {Multitask Prompted Training Enables Zero-Shot Task Generalization},
  booktitle    = {The Tenth International Conference on Learning Representations, {ICLR}
                  2022, Virtual Event, April 25-29, 2022},
  publisher    = {OpenReview.net},
  year         = {2022}
}

@inproceedings{DBLP:conf/iclr/WeiBZGYLDDL22,
  author       = {Jason Wei and
                  Maarten Bosma and
                  Vincent Y. Zhao and
                  Kelvin Guu and
                  Adams Wei Yu and
                  Brian Lester and
                  Nan Du and
                  Andrew M. Dai and
                  Quoc V. Le},
  title        = {Finetuned Language Models are Zero-Shot Learners},
  booktitle    = {The Tenth International Conference on Learning Representations, {ICLR}
                  2022, Virtual Event, April 25-29, 2022},
  publisher    = {OpenReview.net},
  year         = {2022}
}

@inproceedings{DBLP:conf/icml/ChengSLZYLLH0Q24,
  author       = {Qinyuan Cheng and
                  Tianxiang Sun and
                  Xiangyang Liu and
                  Wenwei Zhang and
                  Zhangyue Yin and
                  Shimin Li and
                  Linyang Li and
                  Zhengfu He and
                  Kai Chen and
                  Xipeng Qiu},
  title        = {Can {AI} Assistants Know What They Don't Know?},
  booktitle    = {Forty-first International Conference on Machine Learning, {ICML} 2024,
                  Vienna, Austria, July 21-27, 2024},
  publisher    = {OpenReview.net},
  year         = {2024}
}

@inproceedings{DBLP:conf/icml/LongpreHVWCTZLZ23,
  author       = {Shayne Longpre and
                  Le Hou and
                  Tu Vu and
                  Albert Webson and
                  Hyung Won Chung and
                  Yi Tay and
                  Denny Zhou and
                  Quoc V. Le and
                  Barret Zoph and
                  Jason Wei and
                  Adam Roberts},
  editor       = {Andreas Krause and
                  Emma Brunskill and
                  Kyunghyun Cho and
                  Barbara Engelhardt and
                  Sivan Sabato and
                  Jonathan Scarlett},
  title        = {The Flan Collection: Designing Data and Methods for Effective Instruction
                  Tuning},
  booktitle    = {International Conference on Machine Learning, {ICML} 2023, 23-29 July
                  2023, Honolulu, Hawaii, {USA}},
  series       = {Proceedings of Machine Learning Research},
  volume       = {202},
  pages        = {22631--22648},
  publisher    = {{PMLR}},
  year         = {2023}
}

@inproceedings{DBLP:conf/icml/Lv0C00024,
  author       = {Qitan Lv and
                  Jie Wang and
                  Hanzhu Chen and
                  Bin Li and
                  Yongdong Zhang and
                  Feng Wu},
  title        = {Coarse-to-Fine Highlighting: Reducing Knowledge Hallucination in Large
                  Language Models},
  booktitle    = {Forty-first International Conference on Machine Learning, {ICML} 2024,
                  Vienna, Austria, July 21-27, 2024},
  publisher    = {OpenReview.net},
  year         = {2024}
}

@inproceedings{DBLP:conf/icml/ZhangPMLS24,
  author       = {Muru Zhang and
                  Ofir Press and
                  William Merrill and
                  Alisa Liu and
                  Noah A. Smith},
  title        = {How Language Model Hallucinations Can Snowball},
  booktitle    = {Forty-first International Conference on Machine Learning, {ICML} 2024,
                  Vienna, Austria, July 21-27, 2024},
  publisher    = {OpenReview.net},
  year         = {2024}
}

@inproceedings{DBLP:conf/naacl/ZhangDLFL0CJZ24,
  author       = {Hanning Zhang and
                  Shizhe Diao and
                  Yong Lin and
                  Yi R. Fung and
                  Qing Lian and
                  Xingyao Wang and
                  Yangyi Chen and
                  Heng Ji and
                  Tong Zhang},
  editor       = {Kevin Duh and
                  Helena G{\'{o}}mez{-}Adorno and
                  Steven Bethard},
  title        = {R-Tuning: Instructing Large Language Models to Say 'I Don't Know'},
  booktitle    = {Proceedings of the 2024 Conference of the North American Chapter of
                  the Association for Computational Linguistics: Human Language Technologies
                  (Volume 1: Long Papers), {NAACL} 2024, Mexico City, Mexico, June 16-21,
                  2024},
  pages        = {7113--7139},
  publisher    = {Association for Computational Linguistics},
  year         = {2024}
}

@inproceedings{DBLP:conf/nips/Ouyang0JAWMZASR22,
  author       = {Long Ouyang and
                  Jeffrey Wu and
                  Xu Jiang and
                  Diogo Almeida and
                  Carroll L. Wainwright and
                  Pamela Mishkin and
                  Chong Zhang and
                  Sandhini Agarwal and
                  Katarina Slama and
                  Alex Ray and
                  John Schulman and
                  Jacob Hilton and
                  Fraser Kelton and
                  Luke Miller and
                  Maddie Simens and
                  Amanda Askell and
                  Peter Welinder and
                  Paul F. Christiano and
                  Jan Leike and
                  Ryan Lowe},
  editor       = {Sanmi Koyejo and
                  S. Mohamed and
                  A. Agarwal and
                  Danielle Belgrave and
                  K. Cho and
                  A. Oh},
  title        = {Training language models to follow instructions with human feedback},
  booktitle    = {Advances in Neural Information Processing Systems 35: Annual Conference
                  on Neural Information Processing Systems 2022, NeurIPS 2022, New Orleans,
                  LA, USA, November 28 - December 9, 2022},
  year         = {2022}
}

@article{DBLP:journals/corr/abs-2210-11416,
  author       = {Hyung Won Chung and
                  Le Hou and
                  Shayne Longpre and
                  Barret Zoph and
                  Yi Tay and
                  William Fedus and
                  Eric Li and
                  Xuezhi Wang and
                  Mostafa Dehghani and
                  Siddhartha Brahma and
                  Albert Webson and
                  Shixiang Shane Gu and
                  Zhuyun Dai and
                  Mirac Suzgun and
                  Xinyun Chen and
                  Aakanksha Chowdhery and
                  Sharan Narang and
                  Gaurav Mishra and
                  Adams Yu and
                  Vincent Y. Zhao and
                  Yanping Huang and
                  Andrew M. Dai and
                  Hongkun Yu and
                  Slav Petrov and
                  Ed H. Chi and
                  Jeff Dean and
                  Jacob Devlin and
                  Adam Roberts and
                  Denny Zhou and
                  Quoc V. Le and
                  Jason Wei},
  title        = {Scaling Instruction-Finetuned Language Models},
  journal      = {CoRR},
  volume       = {abs/2210.11416},
  year         = {2022}
}

@article{DBLP:journals/corr/abs-2305-14705,
  author       = {Sheng Shen and
                  Le Hou and
                  Yanqi Zhou and
                  Nan Du and
                  Shayne Longpre and
                  Jason Wei and
                  Hyung Won Chung and
                  Barret Zoph and
                  William Fedus and
                  Xinyun Chen and
                  Tu Vu and
                  Yuexin Wu and
                  Wuyang Chen and
                  Albert Webson and
                  Yunxuan Li and
                  Vincent Y. Zhao and
                  Hongkun Yu and
                  Kurt Keutzer and
                  Trevor Darrell and
                  Denny Zhou},
  title        = {Flan-MoE: Scaling Instruction-Finetuned Language Models with Sparse
                  Mixture of Experts},
  journal      = {CoRR},
  volume       = {abs/2305.14705},
  year         = {2023}
}

@article{DBLP:journals/corr/abs-2307-09007,
  author       = {Yinghui Li and
                  Haojing Huang and
                  Shirong Ma and
                  Yong Jiang and
                  Yangning Li and
                  Feng Zhou and
                  Hai{-}Tao Zheng and
                  Qingyu Zhou},
  title        = {On the (In)Effectiveness of Large Language Models for Chinese Text
                  Correction},
  journal      = {CoRR},
  volume       = {abs/2307.09007},
  year         = {2023},
  url          = {https://doi.org/10.48550/arXiv.2307.09007},
  doi          = {10.48550/ARXIV.2307.09007},
  eprinttype    = {arXiv},
  eprint       = {2307.09007},
  timestamp    = {Wed, 28 Aug 2024 10:14:15 +0200},
  biburl       = {https://dblp.org/rec/journals/corr/abs-2307-09007.bib},
  bibsource    = {dblp computer science bibliography, https://dblp.org}
}

@article{DBLP:journals/corr/abs-2308-07633,
  author       = {Xunyu Zhu and
                  Jian Li and
                  Yong Liu and
                  Can Ma and
                  Weiping Wang},
  title        = {A Survey on Model Compression for Large Language Models},
  journal      = {CoRR},
  volume       = {abs/2308.07633},
  year         = {2023}
}

@article{DBLP:journals/corr/abs-2308-10855,
  author       = {Shulin Huang and
                  Shirong Ma and
                  Yinghui Li and
                  Mengzuo Huang and
                  Wuhe Zou and
                  Weidong Zhang and
                  Hai{-}Tao Zheng},
  title        = {LatEval: An Interactive LLMs Evaluation Benchmark with Incomplete
                  Information from Lateral Thinking Puzzles},
  journal      = {CoRR},
  volume       = {abs/2308.10855},
  year         = {2023},
  url          = {https://doi.org/10.48550/arXiv.2308.10855},
  doi          = {10.48550/ARXIV.2308.10855},
  eprinttype    = {arXiv},
  eprint       = {2308.10855},
  timestamp    = {Wed, 30 Aug 2023 17:27:54 +0200},
  biburl       = {https://dblp.org/rec/journals/corr/abs-2308-10855.bib},
  bibsource    = {dblp computer science bibliography, https://dblp.org}
}

@article{DBLP:journals/corr/abs-2405-18654,
  author       = {Pritam Sarkar and
                  Sayna Ebrahimi and
                  Ali Etemad and
                  Ahmad Beirami and
                  Sercan {\"{O}}. Arik and
                  Tomas Pfister},
  title        = {Mitigating Object Hallucination via Data Augmented Contrastive Tuning},
  journal      = {CoRR},
  volume       = {abs/2405.18654},
  year         = {2024}
}

@article{DBLP:journals/eswa/LiMCHHLZS25,
  author       = {Yinghui Li and
                  Shirong Ma and
                  Shaoshen Chen and
                  Haojing Huang and
                  Shulin Huang and
                  Yangning Li and
                  Hai{-}Tao Zheng and
                  Ying Shen},
  title        = {Correct like humans: Progressive learning framework for Chinese text
                  error correction},
  journal      = {Expert Syst. Appl.},
  volume       = {265},
  pages        = {126039},
  year         = {2025},
  url          = {https://doi.org/10.1016/j.eswa.2024.126039},
  doi          = {10.1016/J.ESWA.2024.126039},
  timestamp    = {Sat, 25 Jan 2025 23:34:56 +0100},
  biburl       = {https://dblp.org/rec/journals/eswa/LiMCHHLZS25.bib},
  bibsource    = {dblp computer science bibliography, https://dblp.org}
}

@article{gekhman2024does,
  title={Does Fine-Tuning LLMs on New Knowledge Encourage Hallucinations?},
  author={Gekhman, Zorik and Yona, Gal and Aharoni, Roee and Eyal, Matan and Feder, Amir and Reichart, Roi and Herzig, Jonathan},
  journal={arXiv preprint arXiv:2405.05904},
  year={2024}
}

