@inproceedings{cao2019adversarial,
  title={Adversarial sensor attack on lidar-based perception in autonomous driving},
  author={Cao, Yulong and Xiao, Chaowei and Cyr, Benjamin and Zhou, Yimeng and Park, Won and Rampazzi, Sara and Chen, Qi Alfred and Fu, Kevin and Mao, Z Morley},
  booktitle={Proceedings of the 2019 ACM SIGSAC conference on computer and communications security},
  pages={2267--2281},
  year={2019}
}

@article{urmson2007tartan,
  title={Tartan racing: A multi-modal approach to the darpa urban challenge},
  author={Urmson, Chris and Bagnell, J Andrew and Baker, Christopher and Hebert, Martial and Kelly, Alonzo and Rajkumar, Raj and Rybski, Paul E and Scherer, Sebastian and Simmons, Reid and Singh, Sanjiv and others},
  year={2007},
  publisher={Carnegie Mellon University}
}

@misc{VLP16,
  title = {{VLP-16 User Manual}},
  howpublished = {https://velodynelidar.com/wp-content/uploads/2019/12/63-9243-Rev-E-VLP-16-User-Manual.pdf},
}

@misc{livox_horizon,
  title = {{Livox Horizon User Manual}},
  howpublished = {https://www.livoxtech.com{\slash}
3296f540ecf5458a8829e01cf429798e/assets/horizon{\slash}Livox\%20Horizon\%20user\%20manual\%20v1.0.pdf},
}

@misc{permitted_ad,
  title = {{Autonomous Vehicle Testing Permit Holders}},
  howpublished = {https://www.dmv.ca.gov/portal/vehicle-industry-services/autonomous-vehicles},
}


@inproceedings{shin2017illusion,
  title={Illusion and dazzle: Adversarial optical channel exploits against lidars for automotive applications},
  author={Shin, Hocheol and Kim, Dohyun and Kwon, Yujin and Kim, Yongdae},
  booktitle={Cryptographic Hardware and Embedded Systems--CHES 2017: 19th International Conference, Taipei, Taiwan, September 25-28, 2017, Proceedings},
  pages={445--467},
  year={2017},
  organization={Springer}
}

@inproceedings{cao2023you,
  title={You can't see me: Physical removal attacks on $\{$lidar-based$\}$ autonomous vehicles driving frameworks},
  author={Cao, Yulong and Bhupathiraju, S Hrushikesh and Naghavi, Pirouz and Sugawara, Takeshi and Mao, Z Morley and Rampazzi, Sara},
  booktitle={32nd USENIX Security Symposium (USENIX Security 23)},
  pages={2993--3010},
  year={2023}
}

@article{petit2015remote,
  title={Remote attacks on automated vehicles sensors: Experiments on camera and lidar},
  author={Petit, Jonathan and Stottelaar, Bas and Feiri, Michael and Kargl, Frank},
  journal={Black Hat Europe},
  volume={11},
  number={2015},
  pages={995},
  year={2015},
  publisher={Amsterdam, Netherlands}
}

@article{fukunagarandom,
  title={Random Spoofing Attack against LiDAR-Based Scan Matching SLAM},
  author={Fukunaga, Masashi and Sugawara, Takeshi},
  journal={VehicleSec2024},
  year={2024}
}

@inproceedings{sato2024lidar,
  title={LiDAR Spoofing Meets the New-Gen: Capability Improvements, Broken Assumptions, and New Attack Strategies},
  author={Sato, Takami and Hayakawa, Yuki and Suzuki, Ryo and Shiiki, Yohsuke and Yoshioka, Kentaro and Chen, Qi Alfred},
  booktitle={ISOC Network and Distributed System Security Symposium (NDSS)},
  year={2024},
  organization={ISOC}
}

@article{suzukiwip,
  title={WIP: Towards Practical LiDAR Spoofing Attack against Vehicles Driving at Cruising Speeds},
  author={Suzuki, Ryo and Sato, Takami and Hayakawa, Yuki and Ikeda, Kazuma and Sako, Ozora and Nagata, Rokuto and Chen, Qi Alfred and Yoshioka, Kentaro},
  journal={VehicleSec2024},
  year={2024}
}

@article{vizzo2023ral,
  author    = {Vizzo, Ignacio and Guadagnino, Tiziano and Mersch, Benedikt and Wiesmann, Louis and Behley, Jens and Stachniss, Cyrill},
  title     = {{KISS-ICP: In Defense of Point-to-Point ICP -- Simple, Accurate, and Robust Registration If Done the Right Way}},
  journal   = {IEEE Robotics and Automation Letters (RA-L)},
  pages     = {1029--1036},
  doi       = {10.1109/LRA.2023.3236571},
  volume    = {8},
  number    = {2},
  year      = {2023},
  codeurl   = {https://github.com/PRBonn/kiss-icp},
}

@inproceedings{zhang2014loam,
  title={LOAM: Lidar odometry and mapping in real-time.},
  author={Zhang, Ji and Singh, Sanjiv and others},
  booktitle={Robotics: Science and systems},
  volume={2},
  number={9},
  pages={1--9},
  year={2014},
  organization={Berkeley, CA}
}

@article{koide2019portable,
  title={A portable three-dimensional LIDAR-based system for long-term and wide-area people behavior measurement},
  author={Koide, Kenji and Miura, Jun and Menegatti, Emanuele},
  journal={International Journal of Advanced Robotic Systems},
  volume={16},
  number={2},
  pages={1729881419841532},
  year={2019},
  publisher={SAGE Publications Sage UK: London, England}
}

@inproceedings{segal2009generalized,
  title={Generalized-icp.},
  author={Segal, Aleksandr and Haehnel, Dirk and Thrun, Sebastian},
  booktitle={Robotics: science and systems},
  volume={2},
  number={4},
  pages={435},
  year={2009},
  organization={Seattle, WA}
}

@misc{hayakawa2024wip,
  title={WIP: An Adaptive High Frequency Removal Attack to Bypass Pulse Fingerprinting in New-Gen LiDARs},
  author={Hayakawa, Yuki and Sato, Takami and Suzuki, Ryo and Ikeda, Kazuma and Sako, Ozora and Nagata, Rokuto and Chen, Qi Alfred and Yoshioka, Kentaro},
  year={2024},
  publisher={VehicleSec}
}

@inproceedings{shan2020lio,
  title={Lio-sam: Tightly-coupled lidar inertial odometry via smoothing and mapping},
  author={Shan, Tixiao and Englot, Brendan and Meyers, Drew and Wang, Wei and Ratti, Carlo and Rus, Daniela},
  booktitle={2020 IEEE/RSJ international conference on intelligent robots and systems (IROS)},
  pages={5135--5142},
  year={2020},
  organization={IEEE}
}

@article{yoshida2022adversarial,
  title={Adversarial scan attack against scan matching algorithm for pose estimation in lidar-based slam},
  author={Yoshida, Kota and Hojo, Masaya and Fujino, Takeshi},
  journal={IEICE Transactions on Fundamentals of Electronics, Communications and Computer Sciences},
  volume={105},
  number={3},
  pages={326--335},
  year={2022},
  publisher={The Institute of Electronics, Information and Communication Engineers}
}

@inproceedings{xu2023sok,
  title={SoK: Rethinking sensor spoofing attacks against robotic vehicles from a systematic view},
  author={Xu, Yuan and Han, Xingshuo and Deng, Gelei and Li, Jiwei and Liu, Yang and Zhang, Tianwei},
  booktitle={2023 IEEE 8th European Symposium on Security and Privacy (EuroS\&P)},
  pages={1082--1100},
  year={2023},
  organization={IEEE}
}

@inproceedings{hallyburton2022security,
  title={Security analysis of $\{$Camera-LiDAR$\}$ fusion against $\{$Black-Box$\}$ attacks on autonomous vehicles},
  author={Hallyburton, R Spencer and Liu, Yupei and Cao, Yulong and Mao, Z Morley and Pajic, Miroslav},
  booktitle={31st USENIX Security Symposium (USENIX Security 22)},
  pages={1903--1920},
  year={2022}
}

@inproceedings{sato2021dirty,
  title={Dirty road can attack: Security of deep learning based automated lane centering under $\{$Physical-World$\}$ attack},
  author={Sato, Takami and Shen, Junjie and Wang, Ningfei and Jia, Yunhan and Lin, Xue and Chen, Qi Alfred},
  booktitle={30th USENIX security symposium (USENIX Security 21)},
  pages={3309--3326},
  year={2021}
}

@inproceedings{cticp,
  author={Dellenbach, Pierre and Deschaud, Jean-Emmanuel and Jacquet, Bastien and Goulette, Fran√ßois},
  booktitle={2022 International Conference on Robotics and Automation (ICRA)}, 
  title={CT-ICP: Real-time Elastic LiDAR Odometry with Loop Closure}, 
  year={2022},
  pages={5580-5586},
  doi={10.1109/ICRA46639.2022.9811849}
}

@inproceedings{mulls,
  author={Pan, Yue and Xiao, Pengchuan and He, Yujie and Shao, Zhenlei and Li, Zesong},
  booktitle={2021 IEEE International Conference on Robotics and Automation (ICRA)}, 
  title={MULLS: Versatile LiDAR SLAM via Multi-metric Linear Least Square}, 
  year={2021},
  pages={11633-11640},
  doi={10.1109/ICRA48506.2021.9561364}
}

@inproceedings{koide2024_02,
  author={Koide, Kenji and Oishi, Shuji and Yokozuka, Masashi and Banno, Atsuhiko},
  booktitle={2024 IEEE International Conference on Robotics and Automation (ICRA)}, 
  title={Tightly Coupled Range Inertial Localization on a 3D Prior Map Based on Sliding Window Factor Graph Optimization}, 
  year={2024},
  pages={1745-1751},
  doi={10.1109/ICRA57147.2024.10611195}
}

@inproceedings{zhang2018tutorial,
  title={A tutorial on quantitative trajectory evaluation for visual (-inertial) odometry},
  author={Zhang, Zichao and Scaramuzza, Davide},
  booktitle={2018 IEEE/RSJ International Conference on Intelligent Robots and Systems (IROS)},
  pages={7244--7251},
  year={2018},
  organization={IEEE}
}

@article{fastlio2,
  author={Xu, Wei and Cai, Yixi and He, Dongjiao and Lin, Jiarong and Zhang, Fu},
  journal={IEEE Transactions on Robotics}, 
  title={FAST-LIO2: Fast Direct LiDAR-Inertial Odometry}, 
  year={2022},
  volume={38},
  number={4},
  pages={2053-2073},
  doi={10.1109/TRO.2022.3141876}
}

@article{zhang1994iterative,
  title={Iterative point matching for registration of free-form curves and surfaces},
  author={Zhang, Zhengyou},
  journal={International journal of computer vision},
  volume={13},
  number={2},
  pages={119--152},
  year={1994},
  publisher={Springer}
}

@phdthesis{magnusson2009three,
  title={The three-dimensional normal-distributions transform: an efficient representation for registration, surface analysis, and loop detection},
  author={Magnusson, Martin},
  year={2009},
  school={{\"O}rebro universitet}
}


