@inproceedings{MLPST,
  title={MLPST: MLP is All You Need for Spatio-Temporal Prediction},
  author={Zhang, Zijian and Huang, Ze and Hu, Zhiwei and Zhao, Xiangyu and Wang, Wanyu and Liu, Zitao and Zhang, Junbo and Qin, S Joe and Zhao, Hongwei},
  booktitle={Proceedings of the 32nd ACM International Conference on Information and Knowledge Management},
  pages={3381--3390},
  year={2023}
}

@inproceedings{PDFormer,
  title={Pdformer: Propagation delay-aware dynamic long-range transformer for traffic flow prediction},
  author={Jiang, Jiawei and Han, Chengkai and Zhao, Wayne Xin and Wang, Jingyuan},
  booktitle={Proceedings of the AAAI conference on artificial intelligence},
  volume={37},
  number={4},
  pages={4365--4373},
  year={2023}
}

@inproceedings{START,
  title={Self-supervised trajectory representation learning with temporal regularities and travel semantics},
  author={Jiang, Jiawei and Pan, Dayan and Ren, Houxing and Jiang, Xiaohan and Li, Chao and Wang, Jingyuan},
  booktitle={2023 IEEE 39th international conference on data engineering (ICDE)},
  pages={843--855},
  year={2023},
  organization={IEEE}
}

@inproceedings{cape,
  title={Content-aware hierarchical point-of-interest embedding model for successive poi recommendation.},
  author={Chang, Buru and Park, Yonggyu and Park, Donghyeon and Kim, Seongsoon and Kang, Jaewoo},
  booktitle={IJCAI},
  volume={20},
  pages={3301--3307},
  year={2018}
}

@inproceedings{controltraj,
  title={Controltraj: Controllable trajectory generation with topology-constrained diffusion model},
  author={Zhu, Yuanshao and Yu, James Jianqiao and Zhao, Xiangyu and Liu, Qidong and Ye, Yongchao and Chen, Wei and Zhang, Zijian and Wei, Xuetao and Liang, Yuxuan},
  booktitle={Proceedings of the 30th ACM SIGKDD Conference on Knowledge Discovery and Data Mining},
  pages={4676--4687},
  year={2024}
}

@inproceedings{gan,
  title={Continuous trajectory generation based on two-stage GAN},
  author={Jiang, Wenjun and Zhao, Wayne Xin and Wang, Jingyuan and Jiang, Jiawei},
  booktitle={Proceedings of the AAAI Conference on Artificial Intelligence},
  volume={37},
  number={4},
  pages={4374--4382},
  year={2023}
}

@article{gatgpt,
  title={Gatgpt: A pre-trained large language model with graph attention network for spatiotemporal imputation},
  author={Chen, Yakun and Wang, Xianzhi and Xu, Guandong},
  journal={arXiv preprint arXiv:2311.14332},
  year={2023}
}

@inproceedings{ge,
  title={Learning graph-based poi embedding for location-based recommendation},
  author={Xie, Min and Yin, Hongzhi and Wang, Hao and Xu, Fanjiang and Chen, Weitong and Wang, Sen},
  booktitle={Proceedings of the 25th ACM international on conference on information and knowledge management},
  pages={15--24},
  year={2016}
}

@article{geogpt,
  title={GeoGPT: understanding and processing geospatial tasks through an autonomous GPT},
  author={Zhang, Yifan and Wei, Cheng and Wu, Shangyou and He, Zhengting and Yu, Wenhao},
  journal={arXiv preprint arXiv:2307.07930},
  year={2023}
}

@article{geollm,
  title={Geollm: Extracting geospatial knowledge from large language models},
  author={Manvi, Rohin and Khanna, Samar and Mai, Gengchen and Burke, Marshall and Lobell, David and Ermon, Stefano},
  journal={arXiv preprint arXiv:2310.06213},
  year={2023}
}

@article{ppr,
  title={Spatio-temporal representation learning with social tie for personalized POI recommendation},
  author={Dai, Shaojie and Yu, Yanwei and Fan, Hao and Dong, Junyu},
  journal={Data Science and Engineering},
  volume={7},
  number={1},
  pages={44--56},
  year={2022},
  publisher={Springer}
}

@article{stllm,
  title={Spatial-temporal large language model for traffic prediction},
  author={Liu, Chenxi and Yang, Sun and Xu, Qianxiong and Li, Zhishuai and Long, Cheng and Li, Ziyue and Zhao, Rui},
  journal={arXiv preprint arXiv:2401.10134},
  year={2024}
}

@inproceedings{stssl,
  title={Spatio-temporal self-supervised learning for traffic flow prediction},
  author={Ji, Jiahao and Wang, Jingyuan and Huang, Chao and Wu, Junjie and Xu, Boren and Wu, Zhenhe and Zhang, Junbo and Zheng, Yu},
  booktitle={Proceedings of the AAAI conference on artificial intelligence},
  volume={37},
  number={4},
  pages={4356--4364},
  year={2023}
}

@article{yu2024bigcity,
  title={BIGCity: A Universal Spatiotemporal Model for Unified Trajectory and Traffic State Data Analysis},
  author={Yu, Xie and Wang, Jingyuan and Yang, Yifan and Huang, Qian and Qu, Ke},
  journal={arXiv preprint arXiv:2412.00953},
  year={2024}
}

