@inproceedings{bao2023tallrec,
  title={Tallrec: An effective and efficient tuning framework to align large language model with recommendation},
  author={Bao, Keqin and Zhang, Jizhi and Zhang, Yang and Wang, Wenjie and Feng, Fuli and He, Xiangnan},
  booktitle={Recsys},
  pages={1007--1014},
  year={2023}
}

@inproceedings{hou2024large,
  title={Large language models are zero-shot rankers for recommender systems},
  author={Hou, Yupeng and Zhang, Junjie and Lin, Zihan and Lu, Hongyu and Xie, Ruobing and McAuley, Julian and Zhao, Wayne Xin},
  booktitle={ECIR},
  pages={364--381},
  year={2024},
}

@article{jannach2021survey,
  title={A survey on conversational recommender systems},
  author={Jannach, Dietmar and Manzoor, Ahtsham and Cai, Wanling and Chen, Li},
  journal={CSUR},
  volume={54},
  number={5},
  pages={1--36},
  year={2021},
  publisher={ACM New York, NY, USA}
}

@inproceedings{lei2020interactive,
  title={Interactive path reasoning on graph for conversational recommendation},
  author={Lei, Wenqiang and Zhang, Gangyi and He, Xiangnan and Miao, Yisong and Wang, Xiang and Chen, Liang and Chua, Tat-Seng},
  booktitle={KDD},
  pages={2073--2083},
  year={2020}
}

@article{llamarec,
  title={LlamaRec: Two-stage recommendation using large language models for ranking},
  author={Yue, Zhenrui and Rabhi, Sara and Moreira, Gabriel de Souza Pereira and Wang, Dong and Oldridge, Even},
  journal={arXiv preprint arXiv:2311.02089},
  year={2023}
}

@article{shao2024ulmrec,
  title={ULMRec: User-centric Large Language Model for Sequential Recommendation},
  author={Shao, Minglai and Huang, Hua and Peng, Qiyao and Liu, Hongtao},
  journal={arXiv preprint arXiv:2412.05543},
  year={2024}
}

@article{zhang2023collm,
  title={Collm: Integrating collaborative embeddings into large language models for recommendation},
  author={Zhang, Yang and Feng, Fuli and Zhang, Jizhi and Bao, Keqin and Wang, Qifan and He, Xiangnan},
  journal={arXiv preprint arXiv:2310.19488},
  year={2023}
}

@inproceedings{zheng2024adapting,
  title={Adapting large language models by integrating collaborative semantics for recommendation},
  author={Zheng, Bowen and Hou, Yupeng and Lu, Hongyu and Chen, Yu and Zhao, Wayne Xin and Chen, Ming and Wen, Ji-Rong},
  booktitle={ICDE},
  pages={1435--1448},
  year={2024},
  organization={IEEE}
}

