@inproceedings{wang2024recmind,
  title={RecMind: Large Language Model Powered Agent For Recommendation},
  author={Wang, Yancheng and Jiang, Ziyan and Chen, Zheng and Yang, Fan and Zhou, Yingxue and Cho, Eunah and Fan, Xing and Lu, Yanbin and Huang, Xiaojiang and Yang, Yingzhen},
  booktitle={Findings of NAACL},
  pages={4351--4364},
  year={2024}
}

@inproceedings{zeng2024automated,
  title={Automated interactive domain-specific conversational agents that understand human dialogs},
  author={Zeng, Yankai and Rajasekharan, Abhiramon and Padalkar, Parth and Basu, Kinjal and Arias, Joaqu{\'\i}n and Gupta, Gopal},
  booktitle={ISPADL},
  pages={204--222},
  year={2024},
}

@article{huang2023recommender,
  title={Recommender ai agent: Integrating large language models for interactive recommendations},
  author={Huang, Xu and Lian, Jianxun and Lei, Yuxuan and Yao, Jing and Lian, Defu and Xie, Xing},
  journal={arXiv preprint arXiv:2308.16505},
  year={2023}
}

@inproceedings{zhao2024let,
  title={Let me do it for you: Towards llm empowered recommendation via tool learning},
  author={Zhao, Yuyue and Wu, Jiancan and Wang, Xiang and Tang, Wei and Wang, Dingxian and de Rijke, Maarten},
  booktitle={SIGIR},
  pages={1796--1806},
  year={2024}
}



@inproceedings{ning2024cheatagent,
  title={Cheatagent: Attacking llm-empowered recommender systems via llm agent},
  author={Ning, Liang-bo and Wang, Shijie and Fan, Wenqi and Li, Qing and Xu, Xin and Chen, Hao and Huang, Feiran},
  booktitle={KDD},
  pages={2284--2295},
  year={2024}
}


@inproceedings{hmacrs,
  title={A hybrid multi-agent conversational recommender system with llm and search engine in e-commerce},
  author={Nie, Guangtao and Zhi, Rong and Yan, Xiaofan and Du, Yufan and Zhang, Xiangyang and Chen, Jianwei and Zhou, Mi and Chen, Hongshen and Li, Tianhao and Cheng, Ziguang and others},
  booktitle={Recsys},
  pages={745--747},
  year={2024}
}


@article{lusim,
  title={LLM-Powered User Simulator for Recommender System},
  author={Zhang, Zijian and Liu, Shuchang and Liu, Ziru and Zhong, Rui and Cai, Qingpeng and Zhao, Xiangyu and Zhang, Chunxu and Liu, Qidong and Jiang, Peng},
  journal={arXiv preprint arXiv:2412.16984},
  year={2024}
}

@inproceedings{shi2024large,
  title={Large language models are learnable planners for long-term recommendation},
  author={Shi, Wentao and He, Xiangnan and Zhang, Yang and Gao, Chongming and Li, Xinyue and Zhang, Jizhi and Wang, Qifan and Feng, Fuli},
  booktitle={SIGIR},
  pages={1893--1903},
  year={2024}
}

@article{wang2023drdt,
  title={Drdt: Dynamic reflection with divergent thinking for llm-based sequential recommendation},
  author={Wang, Yu and Liu, Zhiwei and Zhang, Jianguo and Yao, Weiran and Heinecke, Shelby and Yu, Philip S},
  journal={arXiv preprint arXiv:2312.11336},
  year={2023}
}

@inproceedings{zhang2024generative,
  title={On generative agents in recommendation},
  author={Zhang, An and Chen, Yuxin and Sheng, Leheng and Wang, Xiang and Chua, Tat-Seng},
  booktitle={SIGIR},
  pages={1807--1817},
  year={2024}
}


@article{wang2023user,
  title={User behavior simulation with large language model based agents},
  author={Wang, Lei and Zhang, Jingsen and Yang, Hao and Chen, Zhiyuan and Tang, Jiakai and Zhang, Zeyu and Chen, Xu and Lin, Yankai and Song, Ruihua and Zhao, Wayne Xin and others},
  journal={arXiv preprint arXiv:2306.02552},
  year={2023}
}


@article{zhang2024prospect,
  title={Prospect Personalized Recommendation on Large Language Model-based Agent Platform},
  author={Zhang, Jizhi and Bao, Keqin and Wang, Wenjie and Zhang, Yang and Shi, Wentao and Xu, Wanhong and Feng, Fuli and Chua, Tat-Seng},
  journal={arXiv preprint arXiv:2402.18240},
  year={2024}
}

@inproceedings{wang2024macrec,
  title={MACRec: A Multi-Agent Collaboration Framework for Recommendation},
  author={Wang, Zhefan and Yu, Yuanqing and Zheng, Wendi and Ma, Weizhi and Zhang, Min},
  booktitle={SIGIR},
  pages={2760--2764},
  year={2024}
}


@article{li2018towards,
  title={Towards deep conversational recommendations},
  author={Li, Raymond and Ebrahimi Kahou, Samira and Schulz, Hannes and Michalski, Vincent and Charlin, Laurent and Pal, Chris},
  journal={NuerIPS},
  volume={31},
  year={2018}
}


@article{cshi,
  title={A LLM-based Controllable, Scalable, Human-Involved User Simulator Framework for Conversational Recommender Systems},
  author={Zhu, Lixi and Huang, Xiaowen and Sang, Jitao},
  journal={arXiv preprint arXiv:2405.08035},
  year={2024}
}

@inproceedings{core,
  title={Lending interaction wings to recommender systems with conversational agents},
  author={Jin, Jiarui and Chen, Xianyu and Ye, Fanghua and Yang, Mengyue and Feng, Yue and Zhang, Weinan and Yu, Yong and Wang, Jun},
  booktitle={NuerIPS},
  pages={27951--27979},
  year={2023}
}


@article{wang2024survey,
  title={A survey on large language model based autonomous agents},
  author={Wang, Lei and Ma, Chen and Feng, Xueyang and Zhang, Zeyu and Yang, Hao and Zhang, Jingsen and Chen, Zhiyuan and Tang, Jiakai and Chen, Xu and Lin, Yankai and others},
  journal={Frontiers of Computer Science},
  volume={18},
  number={6},
  pages={186345},
  year={2024},
  publisher={Springer}
}

@article{touvron2023llama,
  title={Llama: Open and efficient foundation language models},
  author={Touvron, Hugo and Lavril, Thibaut and Izacard, Gautier and Martinet, Xavier and Lachaux, Marie-Anne and Lacroix, Timoth{\'e}e and Rozi{\`e}re, Baptiste and Goyal, Naman and Hambro, Eric and Azhar, Faisal and others},
  journal={arXiv preprint arXiv:2302.13971},
  year={2023}
}


@article{achiam2023gpt,
  title={Gpt-4 technical report},
  author={Achiam, Josh and Adler, Steven and Agarwal, Sandhini and Ahmad, Lama and Akkaya, Ilge and Aleman, Florencia Leoni and Almeida, Diogo and Altenschmidt, Janko and Altman, Sam and Anadkat, Shyamal and others},
  journal={arXiv preprint arXiv:2303.08774},
  year={2023}
}




@article{zhu2024recommender,
  title={Recommender Systems Meet Large Language Model Agents: A Survey},
  author={Zhu, Xi and Wang, Yu and Gao, Hang and Xu, Wujiang and Wang, Chen and Liu, Zhiwei and Wang, Kun and Jin, Mingyu and Pang, Linsey and Wen, Qingsong and others},
  journal={SSRN 5062105},
  year={2024}
}


@article{wu2022survey,
  title={A survey on accuracy-oriented neural recommendation: From collaborative filtering to information-rich recommendation},
  author={Wu, Le and He, Xiangnan and Wang, Xiang and Zhang, Kun and Wang, Meng},
  journal={IEEE TKDE},
  volume={35},
  number={5},
  pages={4425--4445},
  year={2022},
  publisher={IEEE}
}

@inproceedings{he2020lightgcn,
  title={Lightgcn: Simplifying and powering graph convolution network for recommendation},
  author={He, Xiangnan and Deng, Kuan and Wang, Xiang and Li, Yan and Zhang, Yongdong and Wang, Meng},
  booktitle={SIGIR},
  pages={639--648},
  year={2020}
}


@article{zhang2019deep,
  title={Deep learning based recommender system: A survey and new perspectives},
  author={Zhang, Shuai and Yao, Lina and Sun, Aixin and Tay, Yi},
  journal={ACM CSUR},
  volume={52},
  number={1},
  pages={1--38},
  year={2019},
  publisher={ACM New York, NY, USA}
}

@inproceedings{he2017neural,
  title={Neural collaborative filtering},
  author={He, Xiangnan and Liao, Lizi and Zhang, Hanwang and Nie, Liqiang and Hu, Xia and Chua, Tat-Seng},
  booktitle={The WebConf},
  pages={173--182},
  year={2017}
}


@article{suber,
  title={An LLM-based Recommender System Environment},
  author={Corecco, Nathan and Piatti, Giorgio and Lanzend{\"o}rfer, Luca A and Fan, Flint Xiaofeng and Wattenhofer, Roger},
  journal={arXiv preprint arXiv:2406.01631},
  year={2024}
}


@article{Rec4Agentverse,
  title={Prospect Personalized Recommendation on Large Language Model-based Agent Platform},
  author={Zhang, Jizhi and Bao, Keqin and Wang, Wenjie and Zhang, Yang and Shi, Wentao and Xu, Wanhong and Feng, Fuli and Chua, Tat-Seng},
  journal={arXiv preprint arXiv:2402.18240},
  year={2024}
}

@inproceedings{toolrec,
  title={Let me do it for you: Towards llm empowered recommendation via tool learning},
  author={Zhao, Yuyue and Wu, Jiancan and Wang, Xiang and Tang, Wei and Wang, Dingxian and De Rijke, Maarten},
  booktitle={SIGIR},
  pages={1796--1806},
  year={2024}
}


@inproceedings{moon2019opendialkg,
  title={Opendialkg: Explainable conversational reasoning with attention-based walks over knowledge graphs},
  author={Moon, Seungwhan and Shah, Pararth and Kumar, Anuj and Subba, Rajen},
  booktitle={ACL},
  pages={845--854},
  year={2019}
}


@inproceedings{cantador2011second,
  title={Second workshop on information heterogeneity and fusion in recommender systems (HetRec2011)},
  author={Cantador, Iv{\'a}n and Brusilovsky, Peter and Kuflik, Tsvi},
  booktitle={Recsys},
  pages={387--388},
  year={2011}
}

@inproceedings{he2023large,
  title={Large language models as zero-shot conversational recommenders},
  author={He, Zhankui and Xie, Zhouhang and Jha, Rahul and Steck, Harald and Liang, Dawen and Feng, Yesu and Majumder, Bodhisattwa Prasad and Kallus, Nathan and McAuley, Julian},
  booktitle={CIKM},
  pages={720--730},
  year={2023}
}


@inproceedings{kang2018self,
  title={Self-attentive sequential recommendation},
  author={Kang, Wang-Cheng and McAuley, Julian},
  booktitle={ICDM},
  pages={197--206},
  year={2018},
  organization={IEEE}
}


@article{harper2015movielens,
  title={The movielens datasets: History and context},
  author={Harper, F Maxwell and Konstan, Joseph A},
  journal={ACM TIIS},
  volume={5},
  number={4},
  pages={1--19},
  year={2015},
  publisher={Acm New York, NY, USA}
}


@inproceedings{mcauley2015image,
  title={Image-based recommendations on styles and substitutes},
  author={McAuley, Julian and Targett, Christopher and Shi, Qinfeng and Van Den Hengel, Anton},
  booktitle={SIGIR},
  pages={43--52},
  year={2015}
}

@article{cai2024flow,
  title={FLOW: A Feedback LOop FrameWork for Simultaneously Enhancing Recommendation and User Agents},
  author={Cai, Shihao and Zhang, Jizhi and Bao, Keqin and Gao, Chongming and Feng, Fuli},
  journal={arXiv preprint arXiv:2410.20027},
  year={2024}
}

@article{shu2024rah,
  title={RAH! RecSys--Assistant--Human: A Human-Centered Recommendation Framework With LLM Agents},
  author={Shu, Yubo and Zhang, Haonan and Gu, Hansu and Zhang, Peng and Lu, Tun and Li, Dongsheng and Gu, Ning},
  journal={IEEE TCSS},
  year={2024},
  publisher={IEEE}
}


@article{thakkar2024personalized,
  title={Personalized Recommendation Systems using Multimodal, Autonomous, Multi Agent Systems},
  author={Thakkar, Param and Yadav, Anushka},
  journal={arXiv preprint arXiv:2410.19855},
  year={2024}
}

@article{zhu2024llm,
  title={A LLM-based Controllable, Scalable, Human-Involved User Simulator Framework for Conversational Recommender Systems},
  author={Zhu, Lixi and Huang, Xiaowen and Sang, Jitao},
  journal={arXiv preprint arXiv:2405.08035},
  year={2024}
}

@article{yoon2024evaluating,
  title={Evaluating Large Language Models as Generative User Simulators for Conversational Recommendation},
  author={Yoon, Se-eun and He, Zhankui and Echterhoff, Jessica Maria and McAuley, Julian},
  journal={arXiv preprint arXiv:2403.09738},
  year={2024}
}

@inproceedings{zhang2024agentcf,
  title={Agentcf: Collaborative learning with autonomous language agents for recommender systems},
  author={Zhang, Junjie and Hou, Yupeng and Xie, Ruobing and Sun, Wenqi and McAuley, Julian and Zhao, Wayne Xin and Lin, Leyu and Wen, Ji-Rong},
  booktitle={The WebConf},
  pages={3679--3689},
  year={2024}
}

@article{guo2024knowledge,
  title={Knowledge Graph Enhanced Language Agents for Recommendation},
  author={Guo, Taicheng and Liu, Chaochun and Wang, Hai and Mannam, Varun and Wang, Fang and Chen, Xin and Zhang, Xiangliang and Reddy, Chandan K},
  journal={arXiv preprint arXiv:2410.19627},
  year={2024}
}

@article{friedman2023leveraging,
  title={Leveraging large language models in conversational recommender systems},
  author={Friedman, Luke and Ahuja, Sameer and Allen, David and Tan, Zhenning and Sidahmed, Hakim and Long, Changbo and Xie, Jun and Schubiner, Gabriel and Patel, Ajay and others},
  journal={arXiv preprint arXiv:2305.07961},
  year={2023}
}


@article{fang2024multi,
  title={A multi-agent conversational recommender system},
  author={Fang, Jiabao and Gao, Shen and Ren, Pengjie and Chen, Xiuying and Verberne, Suzan and Ren, Zhaochun},
  journal={arXiv preprint arXiv:2402.01135},
  year={2024}
}


@inproceedings{toolformer,
  title={Toolformer: Language models can teach themselves to use tools},
  author={Schick, Timo and Dwivedi-Yu, Jane and Dess{\`\i}, Roberto and Raileanu, Roberta and Lomeli, Maria and Hambro, Eric and Zettlemoyer, Luke and Cancedda, Nicola and Scialom, Thomas},
  booktitle={NuerIPS},
  volume={36},
  year={2023}
}


@inproceedings{park2023generative,
  title={Generative agents: Interactive simulacra of human behavior},
  author={Park, Joon Sung and O'Brien, Joseph and Cai, Carrie Jun and Morris, Meredith Ringel and Liang, Percy and Bernstein, Michael S},
  booktitle={AASUIST},
  pages={1--22},
  year={2023}
}

@inproceedings{lei2020interactive,
  title={Interactive path reasoning on graph for conversational recommendation},
  author={Lei, Wenqiang and Zhang, Gangyi and He, Xiangnan and Miao, Yisong and Wang, Xiang and Chen, Liang and Chua, Tat-Seng},
  booktitle={KDD},
  pages={2073--2083},
  year={2020}
}


@article{jannach2021survey,
  title={A survey on conversational recommender systems},
  author={Jannach, Dietmar and Manzoor, Ahtsham and Cai, Wanling and Chen, Li},
  journal={CSUR},
  volume={54},
  number={5},
  pages={1--36},
  year={2021},
  publisher={ACM New York, NY, USA}
}


@article{llamarec,
  title={LlamaRec: Two-stage recommendation using large language models for ranking},
  author={Yue, Zhenrui and Rabhi, Sara and Moreira, Gabriel de Souza Pereira and Wang, Dong and Oldridge, Even},
  journal={arXiv preprint arXiv:2311.02089},
  year={2023}
}

@article{zhang2023collm,
  title={Collm: Integrating collaborative embeddings into large language models for recommendation},
  author={Zhang, Yang and Feng, Fuli and Zhang, Jizhi and Bao, Keqin and Wang, Qifan and He, Xiangnan},
  journal={arXiv preprint arXiv:2310.19488},
  year={2023}
}

@inproceedings{zheng2024adapting,
  title={Adapting large language models by integrating collaborative semantics for recommendation},
  author={Zheng, Bowen and Hou, Yupeng and Lu, Hongyu and Chen, Yu and Zhao, Wayne Xin and Chen, Ming and Wen, Ji-Rong},
  booktitle={ICDE},
  pages={1435--1448},
  year={2024},
  organization={IEEE}
}

@inproceedings{hou2024large,
  title={Large language models are zero-shot rankers for recommender systems},
  author={Hou, Yupeng and Zhang, Junjie and Lin, Zihan and Lu, Hongyu and Xie, Ruobing and McAuley, Julian and Zhao, Wayne Xin},
  booktitle={ECIR},
  pages={364--381},
  year={2024},
}

@article{shao2024ulmrec,
  title={ULMRec: User-centric Large Language Model for Sequential Recommendation},
  author={Shao, Minglai and Huang, Hua and Peng, Qiyao and Liu, Hongtao},
  journal={arXiv preprint arXiv:2412.05543},
  year={2024}
}

@inproceedings{bao2023tallrec,
  title={Tallrec: An effective and efficient tuning framework to align large language model with recommendation},
  author={Bao, Keqin and Zhang, Jizhi and Zhang, Yang and Wang, Wenjie and Feng, Fuli and He, Xiangnan},
  booktitle={Recsys},
  pages={1007--1014},
  year={2023}
}

@article{patil2023gorilla,
  title={Gorilla: Large language model connected with massive apis},
  author={Patil, Shishir G and Zhang, Tianjun and Wang, Xin and Gonzalez, Joseph E},
  journal={arXiv preprint arXiv:2305.15334},
  year={2023}
}


@article{hugginggpt,
  title={Hugginggpt: Solving ai tasks with chatgpt and its friends in hugging face},
  author={Shen, Yongliang and Song, Kaitao and Tan, Xu and Li, Dongsheng and Lu, Weiming and Zhuang, Yueting},
  booktitle={NuerIPS},
  volume={36},
  year={2024}
}


@inproceedings{react,
  title={ReAct: Synergizing Reasoning and Acting in Language Models},
  author={Yao, Shunyu and Zhao, Jeffrey and Yu, Dian and Du, Nan and Shafran, Izhak and Narasimhan, Karthik R and Cao, Yuan},
  booktitle={ICLR},
  year={2023}
}

@inproceedings{hu2008collaborative,
  title={Collaborative filtering for implicit feedback datasets},
  author={Hu, Yifan and Koren, Yehuda and Volinsky, Chris},
  booktitle={ICDM},
  pages={263--272},
  year={2008},
}


@article{pms,
  title={Personalized Recommendation Systems using Multimodal, Autonomous, Multi Agent Systems},
  author={Thakkar, Param and Yadav, Anushka},
  journal={arXiv preprint arXiv:2410.19855},
  year={2024}
}