@article{Floridi2020,
author = {Floridi, Luciano and Chiriatti, Massimo},
doi = {10.1007/s11023-020-09548-1},
journal = {Mind Mach.},
number = {4},
pages = {681-694},
title = {{GPT-3: Its Nature, Scope, Limits, and Consequences}},
volume = {30},
year = {2020}
}

@article{Elkins2020,
author = {Elkins, Katherine and Chun, Jon},
doi = {10.22148/001c.17212},
journal = {J. Cult. Anal.},
number = {2},
pages = {1-16},
title = {{Can GPT-3 Pass a Writer's Turing Test?}},
volume = {5},
year = {2020}
}

@article{Webb2023,
author = {Taylor Webb and Keith J. Holyoak and Hongjing Lu},
doi = {10.1038/s41562-023-01659-w},
issn = {2397-3374},
issue = {9},
journal = {Nat. Hum. Behav.},
pages = {1526-1541},
title = {{Emergent Analogical Reasoning in Large Language Models}},
volume = {7},
year = {2023},
}

@inproceedings{attention-2017,
author = {Vaswani, Ashish and Shazeer, Noam and Parmar, Niki and Uszkoreit, Jakob and Jones, Llion and Gomez, Aidan N. and Kaiser, {\L}ukasz and Polosukhin, Illia},
booktitle = {Advances in Neural Information Processing Systems},
issn = {10495258},
pages = {1-11},
publisher = {MIT Press},
title = {{Attention is All you Need}},
year = {2017}
}

@inproceedings{Bender2021,
author = {Bender, Emily M. and Gebru, Timnit and McMillan-Major, Angelina and Shmitchell, Shmargaret},
booktitle = {Proceedings of the Association for Computing Machinery Conference on Fairness, Accountability, and Transparency},
doi = {10.1145/3442188.3445922},
pages = {610-623},
publisher = {ACM},
title = {{On the Dangers of Stochastic Parrots}},
year = {2021}
}

@inproceedings{Lucy2021,
author = {Li Lucy and David Bamman},
doi = {10.18653/v1/2021.nuse-1.5},
booktitle = {Proceedings of the Third Workshop on Narrative Understanding},
pages = {48-55},
publisher = {Association for Computational Linguistics},
title = {{Gender and Representation Bias in GPT-3 Generated Stories}},
year = {2021},
}

@article{Garrido-Munoz2021,
author = {Garrido-Mu{\~{n}}oz, Ismael and Montejo-R{\'{a}}ez, Arturo and Mart{\'{i}}nez-Santiago, Fernando and Ure{\~{n}}a-L{\'{o}}pez, L. Alfonso},
doi = {10.3390/app11073184},
journal = {Appl. Sci.},
number = {7},
pages = {1-3184},
title = {{A Survey on Bias in Deep NLP}},
volume = {11},
year = {2021}
}

@article{Liu2020,
author = {Yinhan Liu and Jiatao Gu and Naman Goyal and Xian Li and Sergey Edunov and Marjan Ghazvininejad and Mike Lewis and Luke Zettlemoyer},
doi = {10.1162/tacl_a_00343},
issn = {2307-387X},
journal = {Trans. Assoc. Comput. Linguistics},
pages = {726-742},
title = {{Multilingual Denoising Pre-Training for Neural Machine Translation}},
volume = {8},
year = {2020},
}


@article{gutierrezfandino2022,
author = {Asier Gutiérrez-Fandiño and Jordi Armengol-Estapé and Marc Pàmies and Joan Llop-Palao and Joaquin Silveira-Ocampo and Casimiro Pio Carrino and Carme Armentano-Oller and Carlos Rodriguez-Penagos and Aitor Gonzalez-Agirre and Marta Villegas},
doi = {10.26342/2022-68-3},
title = {MarIA: Spanish Language Models},
journal = {Proces. Leng. Nat.},
volume = {68},
number = {0},
year = {2022},
issn = {1989-7553},
pages = {39-60}
}

@inproceedings{Wu2020a,
author = {Shijie Wu and Mark Dredze},
city = {Stroudsburg, PA, USA},
doi = {10.18653/v1/2020.repl4nlp-1.16},
booktitle = {Proceedings of the Workshop on Representation Learning for NLP},
pages = {120-130},
publisher = {Association for Computational Linguistics},
title = {{Are All Languages Created Equal in Multilingual BERT?}},
year = {2020},
}

@inproceedings{Rust2021,
author = {Phillip Rust and Jonas Pfeiffer and Ivan Vulić and Sebastian Ruder and Iryna Gurevych},
doi = {10.18653/v1/2021.acl-long.243},
booktitle = {Proceedings of the Annual Meeting of the Association for Computational Linguistics and the International Joint Conference on Natural Language Processing},
pages = {3118-3135},
publisher = {Association for Computational Linguistics},
title = {{How Good is Your Tokenizer? On the Monolingual Performance of Multilingual Language Models}},
year = {2021},
}

@article{Artetxe2019,
author = {Mikel Artetxe and Holger Schwenk},
doi = {10.1162/tacl_a_00288},
issn = {2307-387X},
journal = {Trans. Assoc. Comput. Linguistics},
pages = {597-610},
title = {{Massively Multilingual Sentence Embeddings for Zero-Shot Cross-Lingual Transfer and Beyond}},
volume = {7},
year = {2019},
}

@article{Clark2022,
author = {Jonathan H. Clark and Dan Garrette and Iulia Turc and John Wieting},
doi = {10.1162/tacl_a_00448},
issn = {2307-387X},
journal = {Trans. Assoc. Comput. Linguistics},
pages = {73-91},
publisher = {MIT Press Journals},
title = {{\textsc{Canine} : Pre-Training an Efficient Tokenization-Free Encoder for Language Representation}},
volume = {10},
year = {2022},
}



@inproceedings{Limisiewicz2023,
author = {Tomasz Limisiewicz and Dan Malkin and Gabriel Stanovsky},
city = {Stroudsburg, PA, USA},
doi = {10.18653/v1/2023.sigtyp-1.1},
booktitle = {Proc. 5th Workshop Res. Comput. Linguistic Typology Multiling. NLP},
pages = {1-11},
publisher = {Association for Computational Linguistics},
title = {You Can Have Your Data and Balance It Too: Towards Balanced and Efficient Multilingual Models},
year = {2023},
}

@inproceedings{Davis2020,
author = {Forrest Davis and Marten van Schijndel},
city = {Stroudsburg, PA, USA},
doi = {10.18653/v1/2020.acl-main.179},
booktitle = {Proceedings of the Annual Meeting of the Association for Computational Linguistics},
pages = {1979-1990},
publisher = {Association for Computational Linguistics},
title = {{Recurrent Neural Network Language Models Always Learn English-Like Relative Clause Attachment}},
year = {2020},
}

@article{Lahousse2012,
author = {Karen Lahousse and Béatrice Lamiroy},
doi = {10.1515/flin.2012.014},
issn = {1614-7308},
issue = {2},
journal = {Folia Linguistica},
title = {{Word Order in French, Spanish and Italian: A Grammaticalization Account}},
volume = {46},
year = {2012},
pages = {387-415}
}

@article{Assaiqeli2021,
author = {Aladdin Assaiqeli and Mahendran Maniam and Mohammed Farrah},
doi = {10.24815/siele.v8i2.20217},
issn = {2461-0275},
issue = {2},
journal = {Stud. Engl. Lang. Educ.},
pages = {523-545},
title = {{Inversion and Word Order in English: A Functional Perspective}},
volume = {8},
year = {2021},
}

@article{Wang2023,
author = {Zihao Wang and Ming Jiang and Junli Wang},
doi = {10.1109/TBDATA.2023.3316472},
issn = {2332-7790},
journal = {IEEE Trans. Big Data},
pages = {1-12},
title = {PHAED: A Speaker-aware Parallel Hierarchical Attentive Encoder-Decoder Model for Multi-turn Dialogue Generation},
year = {2023},
}


@article{Yu2021,
author = {Shi Yu and Yuxin Chen and Hussain Zaidi},
doi = {10.3389/fams.2021.604842},
issn = {2297-4687},
journal = {Front. Appl. Math. Stat.},
publisher = {Frontiers Media S.A.},
title = {{AVA: A Financial Service Chatbot Based on Deep Bidirectional Transformers}},
volume = {7},
year = {2021},
pages = {1-33}
}


@article{Chen2021,
author = {Nanxin Chen and Shinji Watanabe and Jesus Villalba and Piotr Zelasko and Najim Dehak},
doi = {10.1109/LSP.2020.3044547},
issn = {1070-9908},
journal = {IEEE Signal Process. Lett.},
pages = {121-125},
publisher = {Institute of Electrical and Electronics Engineers Inc.},
title = {{Non-Autoregressive Transformer for Speech Recognition}},
volume = {28},
year = {2021},
}

@article{Wang2022,
author = {Chengyu Wang and Suyang Dai and Yipeng Wang and Fei Yang and Minghui Qiu and Kehan Chen and Wei Zhou and Jun Huang},
doi = {10.1109/TASLP.2022.3153268},
issn = {2329-9290},
journal = {IEEE/ACM Trans. Audio Speech Lang. Process.},
pages = {1207-1218},
title = {{ARoBERT: An ASR Robust Pre-Trained Language Model for Spoken Language Understanding}},
volume = {30},
year = {2022},
}

@article{Kaneko2020,
author = {Masahiro Kaneko},
doi = {10.5715/jnlp.27.683},
issn = {1340-7619},
issue = {3},
journal = {J. Nat. Lang. Process.},
pages = {683-687},
publisher = {Association for Natural Language Processing},
title = {{Encoder-Decoder Models Can Benefit from Pre-trained Masked Language Models in Grammatical Error Correction}},
volume = {27},
year = {2020},
}

@article{Park2019,
author = {Dongju Park and Chang Wook Ahn},
doi = {10.3390/sym11111393},
issn = {2073-8994},
issue = {11},
journal = {Symmetry},
pages = {1-1393},
publisher = {MDPI AG},
title = {{Self-Supervised Contextual Data Augmentation for Natural Language Processing}},
volume = {11},
year = {2019},
}

@article{Forney1973,
author = {G.D. Forney},
doi = {10.1109/PROC.1973.9030},
issn = {0018-9219},
issue = {3},
journal = {Proc. IEEE},
pages = {268-278},
title = {The viterbi algorithm},
volume = {61},
year = {1973},
}

@article{Chen2020,
author = {Kehai Chen and Rui Wang and Masao Utiyama and Eiichiro Sumita and Tiejun Zhao and Muyun Yang and Hai Zhao},
doi = {10.1109/TASLP.2020.2996077},
issn = {2329-9290},
journal = {IEEE/ACM Trans. Audio Speech Lang. Process.},
pages = {1586-1597},
title = {Towards More Diverse Input Representation for Neural Machine Translation},
volume = {28},
year = {2020},
}

@article{Wu2020b,
author = {Ephrem Wu},
doi = {10.1007/s42979-021-00688-4},
issn = {26618907},
issue = {4},
journal = {SN Comput. Sci.},
publisher = {Springer},
title = {{Learning Accurate Integer Transformer Machine-Translation Models}},
volume = {2},
year = {2020},
pages = {1-8}
}

@article{Kawara2021,
author = {Yuki Kawara and Chenhui Chu and Yuki Arase},
doi = {10.1109/TASLP.2020.3042001},
issn = {2329-9290},
journal = {IEEE/ACM Trans. Audio Speech Lang. Process.},
pages = {644-655},
title = {Preordering Encoding on Transformer for Translation},
volume = {29},
year = {2021},
}

@article{Nguyen2021,
author = {Thien Nguyen and Lam Nguyen and Phuoc Tran and Huu Nguyen},
doi = {10.1155/2021/5515407},
editor = {Dr Shahzad Sarfraz},
issn = {1099-0526},
journal = {Complexity},
pages = {1-10},
publisher = {Hindawi Limited},
title = {{Improving Transformer-Based Neural Machine Translation with Prior Alignments}},
volume = {2021},
year = {2021},
}

@article{Zeng2021,
author = {Changchang Zeng and Shaobo Li},
doi = {10.1155/2021/5375334},
editor = {Balakrishnan Nagaraj},
issn = {1530-8677},
journal = {Wirel. Commun. Mob. Comput.},
pages = {1-17},
publisher = {Hindawi Limited},
title = {{Analyzing the Effect of Masking Length Distribution of MLM: An Evaluation Framework and Case Study on Chinese MRC Datasets}},
volume = {2021},
year = {2021},
}

@inproceedings{Wang2019a,
title = {{BERT has a Mouth, and It Must Speak: BERT as a Markov Random Field Language Model}},
author = {Alex Wang and Kyunghyun Cho},
booktitle = {Proceedings of the Workshop on Methods for Optimizing and Evaluating Neural Language Generation},
year = {2019},
publisher = {Association for Computational Linguistics},
doi = {10.18653/v1/W19-2304},
pages ={30-36},
}

@inproceedings{Shen2020,
author = {Tianxiao Shen and Victor Quach and Regina Barzilay and Tommi Jaakkola},
city = {Stroudsburg, PA, USA},
doi = {10.18653/v1/2020.emnlp-main.420},
booktitle = {Proceedings of the Conference on Empirical Methods in Natural Language Processing},
pages = {5186-5198},
publisher = {Association for Computational Linguistics},
title = {{Blank Language Models}},
year = {2020},
}

@article{Spearman1904,
author = {C. Spearman},
doi = {10.2307/1412159},
issn = {00029556},
issue = {1},
journal = {Am. J. Psychol.},
pages = {72},
title = {{The Proof and Measurement of Association between Two Things}},
volume = {15},
year = {1904},
}

@article{Masumura2019,
author = {Ryo Masumura and Taichi Asami and Takanobu Oba and Hirokazu Masataki and Sumitaka Sakauchi},
doi = {10.2197/ipsjjip.27.168},
issn = {1882-6652},
issue = {0},
journal = {J. Inf. Process.},
pages = {168-176},
title = {{Viterbi Approximation of Latent Words Language Models for Automatic Speech Recognition}},
volume = {27},
year = {2019},
}

@article{Jo2019,
author = {Jihyuck Jo and Han-Gyu Kim and In-Cheol Park and Bang Chul Jung and Hoyoung Yoo},
doi = {10.31209/2019.100000096},
issn = {1079-8587},
issue = {2},
journal = {Intell. Autom. Soft Comput.},
pages = {351-358},
publisher = {TSI Press},
title = {{Modified Viterbi Scoring for HMM-based Speech Recognition}},
volume = {25},
year = {2019},
}

@article{Raj2022,
author = {Pani Prithvi Raj and Pakala Akhil Reddy and Nitin Chandrachoodan},
doi = {10.1145/3510028},
issn = {1539-9087},
issue = {3},
journal = {ACM Trans. Embed. Comput. Syst.},
keywords = {On-chip memory,Viterbi decoding,binary search trees},
pages = {1-18},
publisher = {Association for Computing Machinery},
title = {{Reduced Memory Viterbi Decoding for Hardware-accelerated Speech Recognition}},
volume = {21},
year = {2022},
}

@article{Pattnaik2020,
author = {Sagarika Pattnaik and Ajit Kumar Nayak and Srikanta Patnaik},
doi = {10.6109/jicce.2020.18.4.207},
issn = {22348883},
issue = {4},
journal = {J. Inf. Commun. Converg. Eng.},
pages = {207-215},
publisher = {Korea Institute of Information and Communication Engineering},
title = {{A Semi-supervised Learning of HMM to Build a POS Tagger for a Low Resourced Language}},
volume = {18},
year = {2020},
}

@article{Real1996,
author = {Raimundo Real and Juan M. Vargas},
doi = {10.2307/2413572},
issn = {10635157},
issue = {3},
journal = {Syst. Biology},
pages = {380},
title = {{The Probabilistic Basis of Jaccard's Index of Similarity}},
volume = {45},
year = {1996},
}

@article{Joost2016,
author = {Joost C. F. de Winter and Samuel D. Gosling and Jeff Potter},
doi = {10.1037/met0000079},
issn = {1939-1463},
issue = {3},
journal = {Psychol. Method},
pages = {273-290},
title = {{Comparing the Pearson and Spearman correlation coefficients across distributions and sample sizes: A tutorial using simulations and empirical data.}},
volume = {21},
year = {2016},
}

@article{Srivastava2023,
author = {Rajendra P. Srivastava},
doi = {10.2308/JETA-2021-043},
issn = {1554-1908},
issue = {1},
journal = {J. Emerg. Technol. Account.},
pages = {77-90},
publisher = {American Accounting Association},
title = {A New Measure of Similarity in Textual Analysis: Vector Similarity Metric versus Cosine Similarity Metric},
volume = {20},
year = {2023},
}

@article{Schobel2023,
   author = {Sofia Schöbel and Anuschka Schmitt and Dennis Benner and Mohammed Saqr and Andreas Janson and Jan Marco Leimeister},
   doi = {10.1007/s10796-023-10375-9},
   issn = {1387-3326},
   journal = {Inf. Syst. Front.},
   title = {Charting the Evolution and Future of Conversational Agents: A Research Agenda Along Five Waves and New Frontiers},
   year = {2023},
}

@article{Suhaili2021,
   author = {Sinarwati Mohamad Suhaili and Naomie Salim and Mohamad Nazim Jambli},
   doi = {10.1016/j.eswa.2021.115461},
   issn = {09574174},
   journal = {Expert Syst. Appl.},
   pages = {115461},
   title = {{Service Chatbots: A Systematic Review}},
   volume = {184},
   year = {2021},
}

@article{Tiwari2023,
   author = {Abhisek Tiwari and Abhijeet Khandwe and Sriparna Saha and Roshni Ramnani and Anutosh Maitra and Shubhashis Sengupta},
   doi = {10.1016/j.eswa.2022.118775},
   issn = {09574174},
   journal = {Expert Syst. Appl.},
   pages = {118775},
   title = {{Towards Personalized Persuasive Dialogue Generation for Adversarial Task Oriented Dialogue Setting}},
   volume = {213},
   year = {2023},
}

@article{Vartinen2022,
   author = {Susanna Vartinen and Perttu Hamalainen and Christian Guckelsberger},
   doi = {10.1109/TG.2022.3228480},
   issn = {2475-1502},
   journal = {IEEE Trans. Game},
   keywords = {Artificial intelligence,Computational modeling,Data models,Games,Generators,Task analysis,Transformers,artificial intelligence,computational storytelling,games,generative models,procedural content generation,quests},
   pages = {1-12},
   publisher = {Institute of Electrical and Electronics Engineers Inc.},
   title = {{Generating Role-Playing Game Quests With GPT Language Models}},
   year = {2022},
}

@article{Nichols2021,
   author = {Eric Nichols and Leo Gao and Yurii Vasylkiv and Randy Gomez},
   doi = {10.3389/fcomp.2021.674333},
   issn = {2624-9898},
   journal = {Front. Comput. Sci.},
   keywords = {AI agents,interactivity,language models,social robotics,storytelling},
   publisher = {Frontiers Media S.A.},
   title = {{Design and Analysis of a Collaborative Story Generation Game for Social Robots}},
   volume = {3},
   year = {2021},
}

@article{Syrdal2023,
   author = {Holly A. Syrdal and Susan Myers and Sandipan Sen and Parker J. Woodroof and William C. McDowell},
   doi = {10.1016/j.jbusres.2023.113875},
   issn = {01482963},
   journal = {J. Bus. Res.},
   keywords = {Big data,Elaboration likelihood model,Influencer affiliate marketing,Linguistic cues,Micro-influencers,Natural language processing,Social media engagement,Text mining},
   pages = {113875},
   publisher = {Elsevier Inc.},
   title = {{Influencer Marketing and the Growth of Affiliates: The Effects of Language Features on Engagement Behavior}},
   volume = {163},
   year = {2023},
}

@article{Sood2023,
   author = {Suresh Sood and Hugh Pattinson},
   doi = {10.18775/ijied.1849-7551-7020.2015.86.2003},
   issn = {18497551},
   issue = {6},
   journal = {Int. J. Innov. Econ. Dev.},
   pages = {23-40},
   publisher = {Inovatus Usluge d.o.o.},
   title = {{Marketing Education Renaissance Through Big Data Curriculum: Developing Marketing Expertise Using AI Large Language Models}},
   volume = {8},
   year = {2023},
}

@article{Youssef2023,
   author = {A. Youssef},
   doi = {10.1002/uog.26297},
   issn = {0960-7692},
   issue = {2},
   journal = {Ultrasound Obstet. Gynecol.},
   pages = {308-312},
   title = {{Unleashing the AI Revolution: Exploring the Capabilities and Challenges of Large Language Models and Text‐to‐Image AI Programs}},
   volume = {62},
   year = {2023},
}

@article{Gal2022,
   author = {Rinon Gal and Or Patashnik and Haggai Maron and Amit H. Bermano and Gal Chechik and Daniel Cohen-Or},
   doi = {10.1145/3528223.3530164},
   issn = {0730-0301},
   issue = {4},
   journal = {ACM Trans. Graph.},
   pages = {1-13},
   title = {{StyleGAN-NADA: CLIP-Guided Domain Adaptation of Image Generators}},
   volume = {41},
   year = {2022},
}

@inproceedings{Hale2001,
author = {John Hale},
city = {Morristown, NJ, USA},
doi = {10.3115/1073336.1073357},
booktitle = {Proceedings of the North American Chapter of the Association for Computational Linguistics on Language technologies},
pages = {1-8},
publisher = {Association for Computational Linguistics},
title = {{A Probabilistic Earley Parser as a Psycholinguistic Model}},
year = {2001},
}

@article{Levy2008,
author = {Roger Levy},
doi = {10.1016/j.cognition.2007.05.006},
issn = {00100277},
issue = {3},
journal = {Cognition},
pages = {1126-1177},
title = {{Expectation-Based Syntactic Comprehension}},
volume = {106},
year = {2008},
}

@article{Lowder2018,
author = {Matthew W. Lowder and Wonil Choi and Fernanda Ferreira and John M. Henderson},
doi = {10.1111/cogs.12597},
issn = {03640213},
journal = {Cognitive Science},
pages = {1166-1183},
title = {{Lexical Predictability During Natural Reading: Effects of Surprisal and Entropy Reduction}},
volume = {42},
year = {2018},
}

@article{Henderson2016,
author = {John M. Henderson and Wonil Choi and Matthew W. Lowder and Fernanda Ferreira},
doi = {10.1016/j.neuroimage.2016.02.050},
issn = {10538119},
journal = {NeuroImage},
pages = {293-300},
title = {{Language Structure in the Brain: A Fixation-Related fMRI Study of Syntactic Surprisal in Reading}},
volume = {132},
year = {2016},
}

@article{Gibson1998,
author = {Edward Gibson},
doi = {10.1016/S0010-0277(98)00034-1},
issn = {00100277},
issue = {1},
journal = {Cognition},
pages = {1-76},
title = {{Linguistic Complexity: Locality of Syntactic Dependencies}},
volume = {68},
year = {1998},
}

@article{Lewis2005,
author = {Richard L. Lewis and Shravan Vasishth},
doi = {10.1207/s15516709cog0000_25},
issn = {03640213},
issue = {3},
journal = {Cognitive Science},
pages = {375-419},
title = {{An Activation-Based Model of Sentence Processing as Skilled Memory Retrieval}},
volume = {29},
year = {2005},
}

@article{Bartek2011,
author = {Brian Bartek and Richard L. Lewis and Shravan Vasishth and Mason R. Smith},
doi = {10.1037/a0024194},
issn = {1939-1285},
issue = {5},
journal = {Journal of Experimental Psychology: Learning, Memory, and Cognition},
pages = {1178-1198},
title = {{In Search of On-Line Locality Effects in Sentence Comprehension}},
volume = {37},
year = {2011},
}

@article{Nicenboim2015,
author = {Bruno Nicenboim and Shravan Vasishth and Carolina Gattei and Mariano Sigman and Reinhold Kliegl},
doi = {10.3389/fpsyg.2015.00312},
issn = {1664-1078},
issue = {MAR},
journal = {Frontiers in Psychology},
title = {{Working Memory Differences in Long-Distance Dependency Resolution}},
volume = {6},
year = {2015},
pages = {1--312}
}

@article{Nicenboim2016,
author = {Bruno Nicenboim and Pavel Logačev and Carolina Gattei and Shravan Vasishth},
doi = {10.3389/fpsyg.2016.00280},
issn = {1664-1078},
journal = {Frontiers in Psychology},
title = {{When High-Capacity Readers Slow Down and Low-Capacity Readers Speed Up: Working Memory and Locality Effects}},
volume = {7},
year = {2016},
pages = {1--280}
}

@article{Futrell2020,
author = {Richard Futrell and Edward Gibson and Roger P. Levy},
doi = {10.1111/cogs.12814},
issn = {0364-0213},
issue = {3},
journal = {Cognitive Science},
title = {{Lossy‐Context Surprisal: An Information‐Theoretic Model of Memory Effects in Sentence Processing}},
volume = {44},
year = {2020},
pages = {1--54}
}

@article{Vasishth2010,
author = {Shravan Vasishth and Katja Suckow and Richard L. Lewis and Sabine Kern},
doi = {10.1080/01690960903310587},
issn = {0169-0965},
issue = {4},
journal = {Language and Cognitive Processes},
pages = {533-567},
title = {{Short-Term Forgetting in Sentence Comprehension: Crosslinguistic Evidence From Verb-Final Structures}},
volume = {25},
year = {2010},
}

@article{Frank2016,
author = {Stefan L. Frank and Thijs Trompenaars and Shravan Vasishth},
doi = {10.1111/cogs.12247},
issn = {03640213},
issue = {3},
journal = {Cognitive Science},
pages = {554-578},
title = {{Cross-Linguistic Differences in Processing Double-Embedded Relative Clauses: Working-Memory Constraints or Language Statistics?}},
volume = {40},
year = {2016},
}

@article{Stroud2012,
   author = {Clare Stroud and Colin Phillips},
   doi = {10.1016/j.bandl.2011.02.001},
   issn = {0093934X},
   issue = {2},
   journal = {Brain and Language},
   month = {2},
   pages = {108-126},
   title = {{Examining the evidence for an independent semantic analyzer: An ERP study in Spanish}},
   volume = {120},
   year = {2012},
}

