@article{MiyauchiCMAES,
author = {Miyauchi, Yoshiki and Maki, Atsuo and Umeda, Naoya and Rachman, Dimas and Akimoto, Youhei},
year = {2022},
month = {06},
pages = {},
title = {System parameter exploration of ship maneuvering model for automatic docking/berthing using CMA-ES},
volume = {27},
journal = {Journal of Marine Science and Technology}
}

@article{SILVA2022103222,
title = {Data-Driven system identification of 6-DoF ship motion in waves with neural networks},
journal = {Applied Ocean Research},
year = {2022},
issn = {0141-1187},
author = {Kevin M. Silva and Kevin J. Maki}
}

@article{aastrom1976identification,
  title={Identification of ship steering dynamics},
  author={{\AA}str{\"o}m, K. J. and K{\"a}llstr{\"o}m, C. G.},
  journal={Automatica},
  volume={12},
  number={1},
  pages={9--22},
  year={1976},
  publisher={Elsevier}
}

@article{abkowitz1964ship,
  title={Ship hydrodynamics-steering and manoeuvrability},
  author={Abkowitz, M. A.},
  journal={Hydro-and Aerodynamics Laboratory, Hydrodynamics Section, Lyngby, Denmark, Report No. Hy-5, Lectures},
  year={1964}
}

@article{arizaramirez2018nonparametric,
title={Non-parametric dynamic system identification of ships using multi-output Gaussian Processes},
author={Ariza Ramirez, W and Leong, ZQ and Nguyen, H and Jayasinghe, SG},
journal={Ocean Engineering},
volume={166},
pages={26--36},
year={2018},
publisher={Elsevier}
}

@article{davidson1946turning,
  title={Turning and course keeping qualities},
  author={Davidson, K. S. M. and Schiff, L. I.},
  journal={Stevens Institute of Technology},
  year={1946}
}

@article{kanazawa2023bridging,
  title={Bridging similar ships’ dynamics for safeguarding the system identification of maneuvering models},
  author={Kanazawa, Motoyasu and Wang, Tongtong and Ichinose, Yasuo and Skulstad, Robert and Li, Guoyuan and Zhang, Houxiang},
  journal={Ocean Engineering},
  volume={280},
  pages={114874},
  year={2023},
  publisher={Elsevier}
}

@article{li2013active,
  title={Active disturbance rejection with sliding mode control based course and path following for underactuated ships},
  author={Li, R. and Li, T. and Bu, R. and Zheng, Q. and Chen, C. L. P.},
  journal={Mathematical Problems in Engineering},
  volume={2013},
  number={1},
  pages={743716},
  year={2013},
  publisher={Wiley Online Library}
}

@article{luo2016modeling,
title={Modeling of ship maneuvering motion using neural networks},
author={Luo, W and Zhang, Z},
journal={Journal of Marine Science and Application},
volume={15},
pages={426--432},
year={2016},
publisher={Springer}
}

@inproceedings{mathioudakis2025realworldvalidationphysicsbasedship,
      title={Towards Real-World Validation of a Physics-Based Ship Motion Prediction Model}, 
      author={Michail Mathioudakis and Christos Papandreou and Theodoros Stouraitis and Vicky Margari and Antonios Nikitakis and Stavros Paschalakis and Konstantinos Kyriakopoulos and Kostas J. Spyrou},
      year={2025},
      eprint={2501.13804},
      organization={arXiv},
      booktitle={eess.SY},
}

@article{moreira2003dynamic,
title={Dynamic model of manoeuvrability using recursive neural networks},
author={Moreira, L and Soares, CG},
journal={Ocean Engineering},
volume={30},
number={13},
pages={1669--1697},
year={2003},
publisher={Elsevier}
}

@article{motora1955course,
  title={Course stability of ships},
  author={Motora, S.},
  journal={Journal of Zosen Kiokai},
  volume={1955},
  number={77},
  pages={69--90},
  year={1955},
  publisher={The Japan Society of Naval Architects and Ocean Engineers}
}

@article{motora1959measurement,
  title={On the measurement of added mass and added moment of inertia for ship motions},
  author={Motora, S.},
  journal={Journal of Zosen Kiokai},
  volume={1959},
  number={105},
  pages={83--92},
  year={1959},
  publisher={The Japan Society of Naval Architects and Ocean Engineers}
}

@article{nomoto1957steering,
  title={On the steering qualities of ships},
  author={Nomoto, K. and Taguchi, T. and Honda, K. and Hirano, S.},
  journal={International Shipbuilding Progress},
  volume={4},
  number={35},
  pages={354--370},
  year={1957},
  publisher={IOS Press}
}

@article{ogawa1977mmg,
title={MMG report-I, on the mathematical model of ship manoeuvring},
author={Ogawa, A and Koyama, T and Kijima, K},
journal={Bull Soc Naval Archit Jpn},
volume={575},
number={22-28},
year={1977}
}

@article{oskin2013neural,
title={Neural network identification of marine ship dynamics},
author={Oskin, DA and Dyda, AA and Markin, VE},
journal={IFAC Proceedings Volumes},
volume={46},
number={33},
pages={191--196},
year={2013},
publisher={Elsevier}
}

@article{rajesh2008system,
title={System identification for nonlinear maneuvering of large tankers using artificial neural network},
author={Rajesh, G and Bhattacharyya, SK},
journal={Applied Ocean Research},
year={2008},
publisher={Elsevier}
}

@article{sutulo2015development,
title={Development of a core mathematical model for arbitrary manoeuvres of a shuttle tanker},
author={Sutulo, S and Soares, CG},
journal={Applied Ocean Research},
volume={51},
pages={293--308},
year={2015},
publisher={Elsevier}
}

@article{suyama2024parameter,
title={Parameter fine-tuning method for MMG model using real-scale ship data},
author={Suyama, R and Matsushita, R and Kakuta, R and Wakita, K and Maki, A},
journal={Ocean Engineering},
volume={298},
year={2024},
publisher={Elsevier}
}

@article{woo2018dynamic,
title={Dynamic model identification of unmanned surface vehicles using deep learning network},
author={Woo, J and Park, J and Yu, C and Kim, N},
journal={Applied Ocean Research},
volume={78},
year={2018},
publisher={Elsevier}
}

@article{xue2020system,
title={System identification of ship dynamic model based on Gaussian process regression with input noise},
author={Xue, Y and Liu, Y and Ji, C and Xue, G and Huang, S},
journal={Ocean Engineering},
volume={216},
pages={107862},
year={2020},
publisher={Elsevier}
}

@article{yasukawa2015introduction,
  title={Introduction of MMG standard method for ship maneuvering predictions},
  author={Yasukawa, H. and Yoshimura, Y.},
  journal={Journal of Marine Science and Technology},
  volume={20},
  pages={37--52},
  year={2015},
  publisher={Springer}
}

@article{yoshimura2012hydrodynamic,
title={Hydrodynamic force database with medium high speed merchant ships including fishing vessels and investigation into a manoeuvring prediction method},
author={Yoshimura, Y and Masumoto, Y},
journal={Journal of the Japan Society of Naval Architects and Ocean Engineers},
volume={14},
pages={63--73},
year={2012},
publisher={The Japan Society of Naval Architects and Ocean Engineers, Hamamatsucho~…}
}

@article{zhang2013black,
title={Black-box modeling of ship manoeuvring motion based on feed-forward neural network with Chebyshev orthogonal basis function},
author={Zhang, XG and Zou, ZJ},
journal={Journal of Marine Science and Technology},
volume={18},
pages={42--49},
year={2013},
publisher={Springer}
}

@article{zhang2017ship,
  title={Ship nonlinear-feedback course keeping algorithm based on MMG model driven by bipolar sigmoid function for berthing},
  author={Zhang, Q. and Zhang, X. and Im, N.},
  journal={International Journal of Naval Architecture and Ocean Engineering},
  volume={9},
  number={5},
  pages={525--536},
  year={2017},
  publisher={Elsevier}
}

