@article{spyrou1996dynamic,
  title={Dynamic instability in quartering seas: the behavior of a ship during broaching},
  author={Spyrou, K. J.},
  journal={Journal of Ship Research},
  volume={40},
  number={01},
  pages={46--59},
  year={1996},
  publisher={SNAME}
}

@article{abkowitz1964ship,
  title={Ship hydrodynamics-steering and manoeuvrability},
  author={Abkowitz, M. A.},
  journal={Hydro-and Aerodynamics Laboratory, Hydrodynamics Section, Lyngby, Denmark, Report No. Hy-5, Lectures},
  year={1964}
}

@book{fossen2011handbook,
  title={Handbook of marine craft hydrodynamics and motion control},
  author={Fossen, T. I.},
  year={2011},
  publisher={John Wiley \& Sons}
}

@article{motora1959measurement,
  title={On the measurement of added mass and added moment of inertia for ship motions},
  author={Motora, S.},
  journal={Journal of Zosen Kiokai},
  volume={1959},
  number={105},
  pages={83--92},
  year={1959},
  publisher={The Japan Society of Naval Architects and Ocean Engineers}
}

@article{motora1955course,
  title={Course stability of ships},
  author={Motora, S.},
  journal={Journal of Zosen Kiokai},
  volume={1955},
  number={77},
  pages={69--90},
  year={1955},
  publisher={The Japan Society of Naval Architects and Ocean Engineers}
}

@article{kijima2002practical,
  title={On the practical prediction method for ship manoeuvring characteristics},
  author={Kijima, K.},
  journal={Trans West Jpn Soc Nav Archit},
  volume={105},
  pages={21--31},
  year={2002}
}

@article{spyrou2006asymmetric,
  title={Asymmetric surging of ships in following seas and its repercussions for safety},
  author={Spyrou, K. J.},
  journal={Nonlinear Dynamics},
  volume={43},
  pages={149--172},
  year={2006},
  publisher={Springer}
}

@article{fujiwara1998estimation,
  title={Estimation of wind forces and moments acting on ships},
  author={Fujiwara, T. and Ueno, M. and Nimura, T.},
  journal={Journal of the Society of Naval Architects of Japan},
  volume={1998},
  number={183},
  pages={77--90},
  year={1998},
  publisher={The Japan Society of Naval Architects and Ocean Engineers}
}

@article{holtrop1982approximate,
  title={An approximate power prediction method},
  author={Holtrop, J. and Mennen, G. G. J.},
  journal={International Shipbuilding Progress},
  volume={29},
  number={335},
  pages={166--170},
  year={1982},
  publisher={IOS Press}
}

@article{davidson1946turning,
  title={Turning and course keeping qualities},
  author={Davidson, K. S. M. and Schiff, L. I.},
  journal={Stevens Institute of Technology},
  year={1946}
}

@article{inoue1981hydrodynamic,
  title={Hydrodynamic derivatives on ship manoeuvring},
  author={Inoue, S. and Hirano, M. and Kijima, K.},
  journal={International Shipbuilding Progress},
  volume={28},
  number={321},
  pages={112--125},
  year={1981},
  publisher={IOS Press}
}

@article{nomoto1957steering,
  title={On the steering qualities of ships},
  author={Nomoto, K. and Taguchi, T. and Honda, K. and Hirano, S.},
  journal={International Shipbuilding Progress},
  volume={4},
  number={35},
  pages={354--370},
  year={1957},
  publisher={IOS Press}
}

@article{aastrom1976identification,
  title={Identification of ship steering dynamics},
  author={{\AA}str{\"o}m, K. J. and K{\"a}llstr{\"o}m, C. G.},
  journal={Automatica},
  volume={12},
  number={1},
  pages={9--22},
  year={1976},
  publisher={Elsevier}
}

@article{ogawa1978mathematical,
  title={On the mathematical model of manoeuvring motion of ships},
  author={Ogawa, A. and Kasai, H.},
  journal={International Shipbuilding Progress},
  volume={25},
  number={292},
  pages={306--319},
  year={1978},
  publisher={IOS Press}
}

@article{yasukawa2015introduction,
  title={Introduction of MMG standard method for ship maneuvering predictions},
  author={Yasukawa, H. and Yoshimura, Y.},
  journal={Journal of Marine Science and Technology},
  volume={20},
  pages={37--52},
  year={2015},
  publisher={Springer}
}

@inproceedings{wang2018design,
  title={Design, modeling, and nonlinear model predictive tracking control of a novel autonomous surface vehicle},
  author={Wang, W. and Mateos, L. A. and Park, S. and Leoni, P. and Gheneti, B. and Duarte, F. and Ratti, C. and Rus, D.},
  booktitle={2018 IEEE International Conference on Robotics and Automation (ICRA)},
  pages={6189--6196},
  year={2018},
  organization={IEEE}
}

@article{li2013active,
  title={Active disturbance rejection with sliding mode control based course and path following for underactuated ships},
  author={Li, R. and Li, T. and Bu, R. and Zheng, Q. and Chen, C. L. P.},
  journal={Mathematical Problems in Engineering},
  volume={2013},
  number={1},
  pages={743716},
  year={2013},
  publisher={Wiley Online Library}
}

@article{zhang2017ship,
  title={Ship nonlinear-feedback course keeping algorithm based on MMG model driven by bipolar sigmoid function for berthing},
  author={Zhang, Q. and Zhang, X. and Im, N.},
  journal={International Journal of Naval Architecture and Ocean Engineering},
  volume={9},
  number={5},
  pages={525--536},
  year={2017},
  publisher={Elsevier}
}

@article{zheng2022soft,
  title={Soft Actor--Critic based active disturbance rejection path following control for unmanned surface vessel under wind and wave disturbances},
  author={Zheng, Y. and Tao, J. and Sun, Q. and Sun, H. and Chen, Z. and Sun, M. and Xie, G.},
  journal={Ocean Engineering},
  volume={247},
  pages={110631},
  year={2022},
  publisher={Elsevier}
}

@article{maki2020application,
  title={Application of optimal control theory based on the evolution strategy (CMA-ES) to automatic berthing},
  author={Maki, A. and Sakamoto, N. and Akimoto, Y. and Nishikawa, H. and Umeda, N.},
  journal={Journal of Marine Science and Technology},
  volume={25},
  pages={221--233},
  year={2020},
  publisher={Springer}
}

@article{miyauchi2022optimization,
  title={Optimization on planning of trajectory and control of autonomous berthing and unberthing for the realistic port geometry},
  author={Miyauchi, Y. and Sawada, R. and Akimoto, Y. and Umeda, N. and Maki, A.},
  journal={Ocean Engineering},
  volume={245},
  pages={110390},
  year={2022},
  publisher={Elsevier}
}

@article{suyama2022ship,
  title={Ship trajectory planning method for reproducing human operation at ports},
  author={Suyama, R. and Miyauchi, Y. and Maki, A.},
  journal={Ocean Engineering},
  volume={266},
  pages={112763},
  year={2022},
  publisher={Elsevier}
}

@article{kose1984mathematical,
  title={On a mathematical model of maneuvering motions of ships in low speeds},
  author={Kose, K. and Hinata, H. and Hashizume, Y. and Futagawa, E.},
  journal={Journal of the Society of Naval Architects of Japan},
  volume={1984},
  number={155},
  pages={132--138},
  year={1984},
  publisher={The Japan Society of Naval Architects and Ocean Engineers}
}
@article{takashina1986ship,
title={Ship maneuvering motion due to tugboats and its mathematical model},
author={Takashina, J},
journal={Journal of the Society of Naval Architects of Japan},
volume={1986},
number={160},
pages={93--102},
year={1986},
publisher={The Japan Society of Naval Architects and Ocean Engineers}
}
@article{ogawa1977mmg,
title={MMG report-I, on the mathematical model of ship manoeuvring},
author={Ogawa, A and Koyama, T and Kijima, K},
journal={Bull Soc Naval Archit Jpn},
volume={575},
number={22-28},
year={1977}
}
@techreport{oltmann1984simulation,
title={Simulation of combined engine and rudder maneuvers using an improved model of hull-propeller-rudder interactions},
author={Oltmann, P and Sharma, SD},
year={1984}
}
@article{yoshimura1988mathematical,
title={Mathematical model for the manoeuvring ship motion in shallow water (2nd Report)-mathematical model at slow forward speed},
author={Yoshimura, Y},
journal={Journal of Kansai Society of Naval Architects},
volume={210},
number={210},
pages={77--84},
year={1988}
}
@inproceedings{yoshimura2009unified,
title={Unified mathematical model for ocean and harbour manoeuvring},
author={Yoshimura, Y and Nakao, I and Ishibashi, A},
year={2009},
organization={International Conference on Marine Simulation and Ship Maneuverability}
}
@article{yoshimura2012hydrodynamic,
title={Hydrodynamic force database with medium high speed merchant ships including fishing vessels and investigation into a manoeuvring prediction method},
author={Yoshimura, Y and Masumoto, Y},
journal={Journal of the Japan Society of Naval Architects and Ocean Engineers},
volume={14},
pages={63--73},
year={2012},
publisher={The Japan Society of Naval Architects and Ocean Engineers, Hamamatsucho~â€¦}
}
@article{sutulo2015development,
title={Development of a core mathematical model for arbitrary manoeuvres of a shuttle tanker},
author={Sutulo, S and Soares, CG},
journal={Applied Ocean Research},
volume={51},
pages={293--308},
year={2015},
publisher={Elsevier}
}
@article{okuda2023maneuvering,
title={Maneuvering simulations at large drift angles of a ship with a flapped rudder},
author={Okuda, R and Yasukawa, H and Yamashita, T and Matsuda, A},
journal={Applied Ocean Research},
year={2023},
publisher={Elsevier}
}
@article{Clarke1982TheAO,
title={The Application of Manoeuvring Criteria in Hull Design Using Linear Theory},
author={David Clarke and P Gedling and George T. Hine},
journal={International Shipbuilding Progress},
year={1982},
publisher={International Shipbuilding Progress}
}
@inproceedings{delefortrie2016captive,
title={Captive model tests based 6 DOF shallow water manoeuvring model},
author={Delefortrie, G and Eloot, K and Lataire, E and Van Hoydonck, W and Vantorre, M},
booktitle={4th MASHCON},
pages={273--286},
year={2016},
organization={Bundesanstalt f{"u}r Wasserbau}
}
@article{moreira2003dynamic,
title={Dynamic model of manoeuvrability using recursive neural networks},
author={Moreira, L and Soares, CG},
journal={Ocean Engineering},
volume={30},
number={13},
pages={1669--1697},
year={2003},
publisher={Elsevier}
}
@article{rajesh2008system,
title={System identification for nonlinear maneuvering of large tankers using artificial neural network},
author={Rajesh, G and Bhattacharyya, SK},
journal={Applied Ocean Research},
year={2008},
publisher={Elsevier}
}
@article{zhang2013black,
title={Black-box modeling of ship manoeuvring motion based on feed-forward neural network with Chebyshev orthogonal basis function},
author={Zhang, XG and Zou, ZJ},
journal={Journal of Marine Science and Technology},
volume={18},
pages={42--49},
year={2013},
publisher={Springer}
}
@article{oskin2013neural,
title={Neural network identification of marine ship dynamics},
author={Oskin, DA and Dyda, AA and Markin, VE},
journal={IFAC Proceedings Volumes},
volume={46},
number={33},
pages={191--196},
year={2013},
publisher={Elsevier}
}
@article{luo2016modeling,
title={Modeling of ship maneuvering motion using neural networks},
author={Luo, W and Zhang, Z},
journal={Journal of Marine Science and Application},
volume={15},
pages={426--432},
year={2016},
publisher={Springer}
}
@article{woo2018dynamic,
title={Dynamic model identification of unmanned surface vehicles using deep learning network},
author={Woo, J and Park, J and Yu, C and Kim, N},
journal={Applied Ocean Research},
volume={78},
year={2018},
publisher={Elsevier}
}
@article{he2022nonparametric,
title={Nonparametric modeling of ship maneuvering motion based on self-designed fully connected neural network},
author={He, HW and Wang, ZH and Zou, ZJ and Liu, Y},
journal={Ocean Engineering},
year={2022},
publisher={Elsevier}
}
@article{wang2020kernel,
title={Kernel-based support vector regression for nonparametric modeling of ship maneuvering motion},
author={Wang, ZH and Xu, H and Xia, L and Zou, Z and Soares, CG},
journal={Ocean Engineering},
volume={216},
pages={107994},
year={2020},
publisher={Elsevier}
}
@article{luo2009parametric,
title={Parametric identification of ship maneuvering models by using support vector machines},
author={Luo, W and Zou, ZJ},
journal={Journal of Ship Research},
volume={53},
number={01},
pages={19--30},
year={2009}
}
@article{arizaramirez2018nonparametric,
title={Non-parametric dynamic system identification of ships using multi-output Gaussian Processes},
author={Ariza Ramirez, W and Leong, ZQ and Nguyen, H and Jayasinghe, SG},
journal={Ocean Engineering},
volume={166},
pages={26--36},
year={2018},
publisher={Elsevier}
}

@book{politis2015resistance,
title={Resistance and propulsion of ship},
author={Politis, G},
publisher={National Techincal University of Athens},
year={2015}
}

@article{xue2020system,
title={System identification of ship dynamic model based on Gaussian process regression with input noise},
author={Xue, Y and Liu, Y and Ji, C and Xue, G and Huang, S},
journal={Ocean Engineering},
volume={216},
pages={107862},
year={2020},
publisher={Elsevier}
}

@article{ittc2014speed,
title={Analysis of speed/power trial data},
author={ITTC},
journal={ITTC -- Recommended Procedures and Guidelines},
year={2014}
}

@article{jing2021analysis,
title={Analysis of ship maneuvering difficulties under severe weather based on onboard measurements and realistic simulation of ocean environment},
author={Jing, Q and Sasa, K and Chen, C and Yin, Y and Yasukawa, H and Terada, D},
journal={Ocean Engineering},
volume={221},
pages={108524},
year={2021},
publisher={Elsevier}
}

@article{suyama2024parameter,
title={Parameter fine-tuning method for MMG model using real-scale ship data},
author={Suyama, R and Matsushita, R and Kakuta, R and Wakita, K and Maki, A},
journal={Ocean Engineering},
volume={298},
year={2024},
publisher={Elsevier}
}

@techreport{norrbin1971theory,
title={Theory and observations on the use of a mathematical model for ship manoeuvring in deep and confined waters},
author={Norrbin, NH},
year={1971}
}

@article{tao2021comparative,
title={A comparative analysis of trajectory similarity measures},
author={Tao, Y and Both, A and Silveira, RI and Buchin, K and Sijben, S and Purves, RS and Laube, P and Peng, D and Toohey, K and Duckham, M},
journal={GIScience \& Remote Sensing},
volume={58},
number={5},
pages={643--669},
year={2021},
publisher={Taylor & Francis}
}
@article{MiyauchiCMAES,
author = {Miyauchi, Yoshiki and Maki, Atsuo and Umeda, Naoya and Rachman, Dimas and Akimoto, Youhei},
year = {2022},
month = {06},
pages = {},
title = {System parameter exploration of ship maneuvering model for automatic docking/berthing using CMA-ES},
volume = {27},
journal = {Journal of Marine Science and Technology}
}
@article{kanazawa2023bridging,
  title={Bridging similar shipsâ€™ dynamics for safeguarding the system identification of maneuvering models},
  author={Kanazawa, Motoyasu and Wang, Tongtong and Ichinose, Yasuo and Skulstad, Robert and Li, Guoyuan and Zhang, Houxiang},
  journal={Ocean Engineering},
  volume={280},
  pages={114874},
  year={2023},
  publisher={Elsevier}
}
 
@inproceedings{mathioudakis2025realworldvalidationphysicsbasedship,
      title={Towards Real-World Validation of a Physics-Based Ship Motion Prediction Model}, 
      author={Michail Mathioudakis and Christos Papandreou and Theodoros Stouraitis and Vicky Margari and Antonios Nikitakis and Stavros Paschalakis and Konstantinos Kyriakopoulos and Kostas J. Spyrou},
      year={2025},
      eprint={2501.13804},
      organization={arXiv},
      booktitle={eess.SY},
}


@article{SILVA2022103222,
title = {Data-Driven system identification of 6-DoF ship motion in waves with neural networks},
journal = {Applied Ocean Research},
year = {2022},
issn = {0141-1187},
author = {Kevin M. Silva and Kevin J. Maki}
}

@book{stephen2022convex,
  title={Convex optimization},
  author={Stephen, BOYD and Vandenberghe, Lieven},
  year={2022},
  publisher={Cambridge university press}
}