@inproceedings{Chen2023trajmae,
	title        = {Traj-MAE: Masked Autoencoders for Trajectory Prediction},
	author       = {Chen, Hao and Wang, Jiaze and Shao, Kun and Liu, Furui and Hao, Jianye and Guan, Chenyong and Chen, Guangyong and Heng, Pheng-Ann},
	year         = 2023,
	month        = oct,
	booktitle    = {Proceedings of the IEEE/CVF International Conference on Computer Vision},
	pages        = {8351--8362}
}

@article{Chen2024topogcl,
	title        = {TopoGCL: Topological Graph Contrastive Learning},
	author       = {Chen, Yuzhou and Frias, Jose and Gel, Yulia R.},
	year         = 2024,
	month        = mar,
	journal      = {Proceedings of the AAAI Conference on Artificial Intelligence},
	volume       = 38,
	number       = 10,
	pages        = {11453--11461},
	doi          = {10.1609/aaai.v38i10.29026}
}

@inproceedings{Cheng2023mae,
	title        = {Forecast-MAE: Self-supervised Pre-training for Motion Forecasting with Masked Autoencoders},
	author       = {Cheng, Jie and Mei, Xiaodong and Liu, Ming},
	year         = 2023,
	month        = oct,
	booktitle    = {Proceedings of the IEEE/CVF International Conference on Computer Vision},
	pages        = {8679--8689}
}

@inproceedings{Jeon2021,
	title        = {Mining Better Samples for Contrastive Learning of Temporal Correspondence},
	author       = {Jeon, Sangryul and Min, Dongbo and Kim, Seungryong and Sohn, Kwanghoon},
	year         = 2021,
	month        = jun,
	booktitle    = {Proceedings of the IEEE/CVF Conference on Computer Vision and Pattern Recognition},
	pages        = {1034--1044}
}

@inproceedings{Koishekenov2023,
	title        = {Geometric Contrastive Learning},
	author       = {Koishekenov, Yeskendir and Vadgama, Sharvaree and Valperga, Riccardo and Bekkers, Erik J.},
	year         = 2023,
	month        = oct,
	booktitle    = {Proceedings of the IEEE/CVF International Conference on Computer Vision Workshops},
	pages        = {206--215}
}

@inproceedings{Mao2022jointlycontrastive,
	title        = {Jointly Contrastive Representation Learning on Road Network and Trajectory},
	author       = {Mao,  Zhenyu and Li,  Ziyue and Li,  Dedong and Bai,  Lei and Zhao,  Rui},
	year         = 2022,
	month        = oct,
	booktitle    = {Proceedings of the 31st ACM International Conference on Information \& Knowledge Management},
	address      = {Atlanta, USA},
	pages        = {1501--1510},
	doi          = {10.1145/3511808.3557370}
}

@inproceedings{Nazari2023geomae,
	title        = {Geometric autoencoders: what you see is what you decode},
	author       = {Nazari, Philipp and Damrich, Sebastian and Hamprecht, Fred A.},
	year         = 2023,
	booktitle    = {Proceedings of the 40th International Conference on Machine Learning},
	address      = {Hawaii, USA},
	pages        = 1075
}

@article{Yao2024,
	title        = {A recurrent graph neural network for inductive representation learning on dynamic graphs},
	author       = {Hong-Yu Yao and Chun-Yang Zhang and Zhi-Liang Yao and C.L. Philip Chen and Junfeng Hu},
	year         = 2024,
	journal      = {Pattern Recognition},
	volume       = 154,
	pages        = 110577,
	doi          = {10.1016/j.patcog.2024.110577}
}

@article{Yue2022ts2vec,
	title        = {TS2Vec: Towards Universal Representation of Time Series},
	author       = {Yue,  Zhihan and Wang,  Yujing and Duan,  Juanyong and Yang,  Tianmeng and Huang,  Congrui and Tong,  Yunhai and Xu,  Bixiong},
	year         = 2022,
	month        = jun,
	journal      = {Proceedings of the AAAI Conference on Artificial Intelligence},
	volume       = 36,
	number       = 8,
	pages        = {8980–8987},
	doi          = {10.1609/aaai.v36i8.20881}
}

@article{Zheng2024longterm,
	title        = {TRECK: Long-Term Traffic Forecasting With Contrastive Representation Learning},
	author       = {Zheng,  Xiao and Bagloee,  Saeed Asadi and Sarvi,  Majid},
	year         = 2024,
	journal      = {IEEE Transactions on Intelligent Transportation Systems},
	doi          = {10.1109/tits.2024.3421328}
}

@inproceedings{Zipfl2023trafficsimilarity,
	title        = {Traffic Scene Similarity: a Graph-based Contrastive Learning Approach},
	author       = {Zipfl,  Maximilian and Jarosch,  Moritz and Z\"{o}llner,  J. Marius},
	year         = 2023,
	month        = dec,
	booktitle    = {IEEE Symposium Series on Computational Intelligence},
	address      = {Mexico City, Mexico},
	doi          = {10.1109/ssci52147.2023.10372060}
}

@article{ashraf2023,
	title        = {A Survey on Dimensionality Reduction Techniques for Time-Series Data},
	author       = {Ashraf, Mohsena and Anowar, Farzana and Setu, Jahanggir H. and Chowdhury, Atiqul I. and Ahmed, Eshtiak and Islam, Ashraful and Al-Mamun, Abdullah},
	year         = 2023,
	journal      = {IEEE Access},
	volume       = 11,
	pages        = {42909--42923},
	doi          = {10.1109/ACCESS.2023.3269693}
}

@article{cai2020negative,
	title        = {Are all negatives created equal in contrastive instance discrimination?},
	author       = {Cai, Tiffany Tianhui and Frankle, Jonathan and Schwab, David J and Morcos, Ari S},
	year         = 2020,
	journal      = {arXiv preprint},
	pages        = {arXiv:2010.06682}
}

@inproceedings{eldele2021tstcc,
	title        = {Time-Series Representation Learning via Temporal and Contextual Contrasting},
	author       = {Eldele, Emadeldeen and Ragab, Mohamed and Chen, Zhenghua and Wu, Min and Kwoh, Chee Keong and Li, Xiaoli and Guan, Cuntai},
	year         = 2021,
	booktitle    = {Proceedings of the Thirtieth International Joint Conference on Artificial Intelligence, {IJCAI-21}},
	pages        = {2352--2359}
}

@article{eldele2023,
	title        = {Self-Supervised Contrastive Representation Learning for Semi-Supervised Time-Series Classification},
	author       = {Eldele, Emadeldeen and Ragab, Mohamed and Chen, Zhenghua and Wu, Min and Kwoh, Chee-Keong and Li, Xiaoli and Guan, Cuntai},
	year         = 2023,
	journal      = {IEEE Transactions on Pattern Analysis and Machine Intelligence},
	volume       = 45,
	number       = 12,
	pages        = {15604--15618},
	doi          = {10.1109/TPAMI.2023.3308189}
}

@inproceedings{franceschi2019tloss,
	title        = {Unsupervised Scalable Representation Learning for Multivariate Time Series},
	author       = {Franceschi, Jean-Yves and Dieuleveut, Aymeric and Jaggi, Martin},
	year         = 2019,
	booktitle    = {Advances in Neural Information Processing Systems},
	volume       = 32,
	editor       = {H. Wallach and H. Larochelle and A. Beygelzimer and F. d\textquotesingle Alch\'{e}-Buc and E. Fox and R. Garnett}
}

@article{ju2024,
	title        = {A Comprehensive Survey on Deep Graph Representation Learning},
	author       = {Wei Ju and Zheng Fang and Yiyang Gu and Zequn Liu and Qingqing Long and Ziyue Qiao and Yifang Qin and Jianhao Shen and Fang Sun and Zhiping Xiao and Junwei Yang and Jingyang Yuan and Yusheng Zhao and Yifan Wang and Xiao Luo and Ming Zhang},
	year         = 2024,
	journal      = {Neural Networks},
	volume       = 173,
	pages        = 106207,
	doi          = {10.1016/j.neunet.2024.106207}
}

@article{khoshraftar2024,
	title        = {A Survey on Graph Representation Learning Methods},
	author       = {Khoshraftar,  Shima and An,  Aijun},
	year         = 2024,
	journal      = {ACM Transactions on Intelligent Systems and Technology},
	volume       = 15,
	number       = 1,
	pages        = {1–55},
	doi          = {10.1145/3633518}
}

@inproceedings{lan2024sept,
	title        = {{SEPT}: Towards Efficient Scene Representation Learning for Motion Prediction},
	author       = {Zhiqian Lan and Yuxuan Jiang and Yao Mu and Chen Chen and Shengbo Eben Li},
	year         = 2024,
	booktitle    = {The Twelfth International Conference on Learning Representations}
}

@inproceedings{lee2024softclt,
	title        = {Soft Contrastive Learning for Time Series},
	author       = {Seunghan Lee and Taeyoung Park and Kibok Lee},
	year         = 2024,
	booktitle    = {The Twelfth International Conference on Learning Representations}
}

@article{li2022geomgcl,
	title        = {Geomgcl: Geometric graph contrastive learning for molecular property prediction},
	author       = {Li, Shuangli and Zhou, Jingbo and Xu, Tong and Dou, Dejing and Xiong, Hui},
	year         = 2022,
	journal      = {Proceedings of the AAAI conference on artificial intelligence},
	volume       = 36,
	number       = 4,
	pages        = {4541--4549},
	doi          = {10.1609/aaai.v36i4.20377}
}

@inproceedings{lim2024ggae,
	title        = {Graph Geometry-Preserving Autoencoders},
	author       = {Jungbin Lim and Jihwan Kim and Yonghyeon Lee and Cheongjae Jang and Frank C. Park},
	year         = 2024,
	booktitle    = {Proceedings of the 41st International Conference on Machine Learning}
}

@article{liu2024timesurl,
	title        = {Timesurl: Self-supervised contrastive learning for universal time series representation learning},
	author       = {Liu, Jiexi and Chen, Songcan},
	year         = 2024,
	journal      = {Proceedings of the AAAI Conference on Artificial Intelligence},
	volume       = 38,
	number       = 12,
	pages        = {13918--13926},
	doi          = {10.1609/aaai.v38i12.29299}
}

@article{lu2022learning,
	title        = {Learning the representation of surrogate safety measures to identify traffic conflict},
	author       = {Lu, Jiajian and Grembek, Offer and Hansen, Mark},
	year         = 2022,
	journal      = {Accident Analysis \& Prevention},
	volume       = 174,
	pages        = 106755,
	doi          = {10.1016/j.aap.2022.106755}
}

@inproceedings{madhu2023toposrl,
	title        = {TopoSRL: Topology preserving self-supervised Simplicial Representation Learning},
	author       = {Madhu, Hiren and Chepuri, Sundeep Prabhakar},
	year         = 2023,
	booktitle    = {Advances in Neural Information Processing Systems},
	volume       = 36,
	pages        = {64306--64317},
	editor       = {A. Oh and T. Naumann and A. Globerson and K. Saenko and M. Hardt and S. Levine}
}

@article{meila2024,
	title        = {Manifold Learning: What, How, and Why},
	author       = {Meilă, Marina and Zhang, Hanyu},
	year         = 2024,
	journal      = {Annual Review of Statistics and Its Application},
	volume       = 11,
	pages        = {393--417},
	doi          = {10.1146/annurev-statistics-040522-115238}
}

@inproceedings{moor2020topoae,
	title        = {Topological autoencoders},
	author       = {Moor, Michael and Horn, Max and Rieck, Bastian and Borgwardt, Karsten},
	year         = 2020,
	booktitle    = {Proceedings of the 37th International Conference on Machine Learning},
	pages        = 653
}

@inproceedings{tonekaboni2021unsupervised,
	title        = {Unsupervised Representation Learning for Time Series with Temporal Neighborhood Coding},
	author       = {Sana Tonekaboni and Danny Eytan and Anna Goldenberg},
	year         = 2021,
	booktitle    = {The Ninth International Conference on Learning Representations}
}

@article{trirat2024universal,
	title        = {Universal time-series representation learning: A survey},
	author       = {Trirat, Patara and Shin, Yooju and Kang, Junhyeok and Nam, Youngeun and Na, Jihye and Bae, Minyoung and Kim, Joeun and Kim, Byunghyun and Lee, Jae-Gil},
	year         = 2024,
	journal      = {arXiv preprint},
	pages        = {arXiv:2401.03717}
}

@inproceedings{trofimov2023rtdae,
	title        = {Learning topology-preserving data representations},
	author       = {Ilya Trofimov and Daniil Cherniavskii and Eduard Tulchinskii and Nikita Balabin and Evgeny Burnaev and Serguei Barannikov},
	year         = 2023,
	booktitle    = {The Eleventh International Conference on Learning Representations}
}

@inproceedings{zerveas2021transformer,
	title        = {A transformer-based framework for multivariate time series representation learning},
	author       = {Zerveas, George and Jayaraman, Srideepika and Patel, Dhaval and Bhamidipaty, Anuradha and Eickhoff, Carsten},
	year         = 2021,
	booktitle    = {Proceedings of the 27th ACM SIGKDD conference on knowledge discovery \& data mining},
	pages        = {2114--2124},
	doi          = {10.1145/3447548.3467401}
}

