@article{ashraf2023,
	title        = {A Survey on Dimensionality Reduction Techniques for Time-Series Data},
	author       = {Ashraf, Mohsena and Anowar, Farzana and Setu, Jahanggir H. and Chowdhury, Atiqul I. and Ahmed, Eshtiak and Islam, Ashraful and Al-Mamun, Abdullah},
	year         = 2023,
	journal      = {IEEE Access},
	volume       = 11,
	pages        = {42909--42923},
	doi          = {10.1109/ACCESS.2023.3269693}
}
@article{bagnall2018uea,
	title        = {The UEA multivariate time series classification archive, 2018},
	author       = {Bagnall, Anthony and Dau, Hoang Anh and Lines, Jason and Flynn, Michael and Large, James and Bostrom, Aaron and Southam, Paul and Keogh, Eamonn},
	year         = 2018,
	journal      = {arXiv preprint},
	pages        = {arXiv:1811.00075}
}
@incollection{Bengiochapter2007,
	title        = {Scaling Learning Algorithms Towards {AI}},
	author       = {Bengio, Yoshua and LeCun, Yann},
	year         = 2007,
	booktitle    = {Large Scale Kernel Machines},
	publisher    = {MIT Press}
}
@article{cai2020negative,
	title        = {Are all negatives created equal in contrastive instance discrimination?},
	author       = {Cai, Tiffany Tianhui and Frankle, Jonathan and Schwab, David J and Morcos, Ari S},
	year         = 2020,
	journal      = {arXiv preprint},
	pages        = {arXiv:2010.06682}
}
@inproceedings{Chang2022tripletselection,
	title        = {Time Series Representation Learning with Contrastive Triplet Selection},
	author       = {Chang,  Yuan-Chi and Subramanian,  Dharmashankar and Pavuluri,  Raju and Dinger,  Timothy},
	year         = 2022,
	month        = jan,
	booktitle    = {Proceedings of the 5th Joint International Conference on Data Science \& Management of Data (9th ACM IKDD CODS and 27th COMAD)},
	doi          = {10.1145/3493700.3493711}
}
@inproceedings{chen2020simclr,
	title        = {A simple framework for contrastive learning of visual representations},
	author       = {Chen, Ting and Kornblith, Simon and Norouzi, Mohammad and Hinton, Geoffrey},
	year         = 2020,
	booktitle    = {Proceedings of the 37th International Conference on Machine Learning},
	pages        = 149
}
@inproceedings{Chen2023trajmae,
	title        = {Traj-MAE: Masked Autoencoders for Trajectory Prediction},
	author       = {Chen, Hao and Wang, Jiaze and Shao, Kun and Liu, Furui and Hao, Jianye and Guan, Chenyong and Chen, Guangyong and Heng, Pheng-Ann},
	year         = 2023,
	month        = oct,
	booktitle    = {Proceedings of the IEEE/CVF International Conference on Computer Vision},
	pages        = {8351--8362}
}
@article{Chen2024topogcl,
	title        = {TopoGCL: Topological Graph Contrastive Learning},
	author       = {Chen, Yuzhou and Frias, Jose and Gel, Yulia R.},
	year         = 2024,
	month        = mar,
	journal      = {Proceedings of the AAAI Conference on Artificial Intelligence},
	volume       = 38,
	number       = 10,
	pages        = {11453--11461},
	doi          = {10.1609/aaai.v38i10.29026}
}
@inproceedings{Cheng2023mae,
	title        = {Forecast-MAE: Self-supervised Pre-training for Motion Forecasting with Masked Autoencoders},
	author       = {Cheng, Jie and Mei, Xiaodong and Liu, Ming},
	year         = 2023,
	month        = oct,
	booktitle    = {Proceedings of the IEEE/CVF International Conference on Computer Vision},
	pages        = {8679--8689}
}
@inproceedings{damrich2021umaploss,
	title        = {On UMAP\textquotesingle s True Loss Function},
	author       = {Damrich, Sebastian and Hamprecht, Fred A},
	year         = 2021,
	booktitle    = {Advances in Neural Information Processing Systems},
	volume       = 34,
	pages        = {5798--5809},
	editor       = {M. Ranzato and A. Beygelzimer and Y. Dauphin and P.S. Liang and J. Wortman Vaughan}
}
@inproceedings{damrich2023umapcl,
	title        = {From \$t\$-{SNE} to {UMAP} with contrastive learning},
	author       = {Sebastian Damrich and Niklas B{\"o}hm and Fred A Hamprecht and Dmitry Kobak},
	year         = 2023,
	booktitle    = {The Eleventh International Conference on Learning Representations}
}
@article{Darban2025,
	title        = {CARLA: Self-supervised contrastive representation learning for time series anomaly detection},
	author       = {Zahra Zamanzadeh Darban and Geoffrey I. Webb and Shirui Pan and Charu C. Aggarwal and Mahsa Salehi},
	year         = 2025,
	journal      = {Pattern Recognition},
	volume       = 157,
	pages        = 110874,
	doi          = {10.1016/j.patcog.2024.110874}
}
@misc{DHPC2024,
	title        = {{D}elft{B}lue {S}upercomputer ({P}hase 2)},
	author       = {{D}elft {H}igh {P}erformance {C}omputing {C}entre ({DHPC})},
	year         = 2024,
	howpublished = {\url{https://www.tudelft.nl/dhpc/ark:/44463/DelftBluePhase2}},
	ark          = {ark:/44463/DelftBluePhase2}
}
@article{Duan2025,
	title        = {Deep contrastive representation learning for supervised tasks},
	author       = {Chenguang Duan and Yuling Jiao and Lican Kang and Jerry Zhijian Yang and Fusheng Zhou},
	year         = 2025,
	journal      = {Pattern Recognition},
	volume       = 161,
	pages        = 111309,
	doi          = {10.1016/j.patcog.2024.111309}
}
@inproceedings{eldele2021tstcc,
	title        = {Time-Series Representation Learning via Temporal and Contextual Contrasting},
	author       = {Eldele, Emadeldeen and Ragab, Mohamed and Chen, Zhenghua and Wu, Min and Kwoh, Chee Keong and Li, Xiaoli and Guan, Cuntai},
	year         = 2021,
	booktitle    = {Proceedings of the Thirtieth International Joint Conference on Artificial Intelligence, {IJCAI-21}},
	pages        = {2352--2359}
}
@article{eldele2023,
	title        = {Self-Supervised Contrastive Representation Learning for Semi-Supervised Time-Series Classification},
	author       = {Eldele, Emadeldeen and Ragab, Mohamed and Chen, Zhenghua and Wu, Min and Kwoh, Chee-Keong and Li, Xiaoli and Guan, Cuntai},
	year         = 2023,
	journal      = {IEEE Transactions on Pattern Analysis and Machine Intelligence},
	volume       = 45,
	number       = 12,
	pages        = {15604--15618},
	doi          = {10.1109/TPAMI.2023.3308189}
}
@inproceedings{franceschi2019tloss,
	title        = {Unsupervised Scalable Representation Learning for Multivariate Time Series},
	author       = {Franceschi, Jean-Yves and Dieuleveut, Aymeric and Jaggi, Martin},
	year         = 2019,
	booktitle    = {Advances in Neural Information Processing Systems},
	volume       = 32,
	editor       = {H. Wallach and H. Larochelle and A. Beygelzimer and F. d\textquotesingle Alch\'{e}-Buc and E. Fox and R. Garnett}
}
@inproceedings{Gao2020,
	title        = {VectorNet: Encoding HD Maps and Agent Dynamics From Vectorized Representation},
	author       = {Gao, Jiyang and Sun, Chen and Zhao, Hang and Shen, Yi and Anguelov, Dragomir and Li, Congcong and Schmid, Cordelia},
	year         = 2020,
	month        = jun,
	booktitle    = {Proceedings of the IEEE/CVF Conference on Computer Vision and Pattern Recognition}
}
@inproceedings{ge2024pretraining,
	title        = {On the Provable Advantage of Unsupervised Pretraining},
	author       = {Jiawei Ge and Shange Tang and Jianqing Fan and Chi Jin},
	year         = 2024,
	booktitle    = {The Twelfth International Conference on Learning Representations}
}
@book{goodfellow2016deep,
	title        = {Deep learning},
	author       = {Goodfellow, Ian and Bengio, Yoshua and Courville, Aaron and Bengio, Yoshua},
	year         = 2016,
	publisher    = {MIT Press},
	volume       = 1
}
@inproceedings{Gu2021,
	title        = {DenseTNT: End-to-End Trajectory Prediction From Dense Goal Sets},
	author       = {Gu, Junru and Sun, Chen and Zhao, Hang},
	year         = 2021,
	month        = oct,
	booktitle    = {Proceedings of the IEEE/CVF International Conference on Computer Vision},
	pages        = {15303--15312}
}
@inproceedings{haochen2021,
	title        = {Provable Guarantees for Self-Supervised Deep Learning with Spectral Contrastive Loss},
	author       = {HaoChen, Jeff Z. and Wei, Colin and Gaidon, Adrien and Ma, Tengyu},
	year         = 2021,
	booktitle    = {Advances in Neural Information Processing Systems},
	volume       = 34,
	pages        = {5000--5011},
	editor       = {M. Ranzato and A. Beygelzimer and Y. Dauphin and P.S. Liang and J. Wortman Vaughan}
}
@article{Hinton06,
	title        = {A Fast Learning Algorithm for Deep Belief Nets},
	author       = {Hinton, Geoffrey E. and Osindero, Simon and Teh, Yee Whye},
	year         = 2006,
	journal      = {Neural Computation},
	volume       = 18,
	pages        = {1527--1554}
}
@article{hinton2006autoencoder,
	title        = {Reducing the Dimensionality of Data with Neural Networks},
	author       = {Hinton,  G. E. and Salakhutdinov,  R. R.},
	year         = 2006,
	journal      = {Science},
	volume       = 313,
	number       = 5786,
	pages        = {504â€“507},
	doi          = {10.1126/science.1127647}
}
@inproceedings{Jeon2021,
	title        = {Mining Better Samples for Contrastive Learning of Temporal Correspondence},
	author       = {Jeon, Sangryul and Min, Dongbo and Kim, Seungryong and Sohn, Kwanghoon},
	year         = 2021,
	month        = jun,
	booktitle    = {Proceedings of the IEEE/CVF Conference on Computer Vision and Pattern Recognition},
	pages        = {1034--1044}
}
@article{ju2024,
	title        = {A Comprehensive Survey on Deep Graph Representation Learning},
	author       = {Wei Ju and Zheng Fang and Yiyang Gu and Zequn Liu and Qingqing Long and Ziyue Qiao and Yifang Qin and Jianhao Shen and Fang Sun and Zhiping Xiao and Junwei Yang and Jingyang Yuan and Yusheng Zhao and Yifan Wang and Xiao Luo and Ming Zhang},
	year         = 2024,
	journal      = {Neural Networks},
	volume       = 173,
	pages        = 106207,
	doi          = {10.1016/j.neunet.2024.106207}
}
@inproceedings{Kendall2018multitask,
	title        = {Multi-Task Learning Using Uncertainty to Weigh Losses for Scene Geometry and Semantics},
	author       = {Kendall, Alex and Gal, Yarin and Cipolla, Roberto},
	year         = 2018,
	month        = jun,
	booktitle    = {Proceedings of the IEEE Conference on Computer Vision and Pattern Recognition}
}
@article{khoshraftar2024,
	title        = {A Survey on Graph Representation Learning Methods},
	author       = {Khoshraftar,  Shima and An,  Aijun},
	year         = 2024,
	journal      = {ACM Transactions on Intelligent Systems and Technology},
	volume       = 15,
	number       = 1,
	pages        = {1â€“55},
	doi          = {10.1145/3633518}
}
@article{Kim2024,
	title        = {Contrastive Time-Series Anomaly Detection},
	author       = {Kim, HyunGi and Kim, Siwon and Min, Seonwoo and Lee, Byunghan},
	year         = 2024,
	journal      = {IEEE Transactions on Knowledge and Data Engineering},
	volume       = 36,
	number       = 10,
	pages        = {5053--5065},
	doi          = {10.1109/TKDE.2023.3335317}
}
@inproceedings{Koishekenov2023,
	title        = {Geometric Contrastive Learning},
	author       = {Koishekenov, Yeskendir and Vadgama, Sharvaree and Valperga, Riccardo and Bekkers, Erik J.},
	year         = 2023,
	month        = oct,
	booktitle    = {Proceedings of the IEEE/CVF International Conference on Computer Vision Workshops},
	pages        = {206--215}
}
@article{lafabregue2022end,
	title        = {End-to-end deep representation learning for time series clustering: a comparative study},
	author       = {Lafabregue, Baptiste and Weber, Jonathan and Gan{\c{c}}arski, Pierre and Forestier, Germain},
	year         = 2022,
	journal      = {Data Mining and Knowledge Discovery},
	volume       = 36,
	number       = 1,
	pages        = {29--81},
	doi          = {10.1007/s10618-021-00796-y}
}
@inproceedings{lan2024sept,
	title        = {{SEPT}: Towards Efficient Scene Representation Learning for Motion Prediction},
	author       = {Zhiqian Lan and Yuxuan Jiang and Yao Mu and Chen Chen and Shengbo Eben Li},
	year         = 2024,
	booktitle    = {The Twelfth International Conference on Learning Representations}
}
@inproceedings{lee2024softclt,
	title        = {Soft Contrastive Learning for Time Series},
	author       = {Seunghan Lee and Taeyoung Park and Kibok Lee},
	year         = 2024,
	booktitle    = {The Twelfth International Conference on Learning Representations}
}
@article{Li2021dgcn,
	title        = {Multistep traffic forecasting by dynamic graph convolution: Interpretations of real-time spatial correlations},
	author       = {Li,  Guopeng and Knoop,  Victor L. and van Lint,  Hans},
	year         = 2021,
	month        = jul,
	journal      = {Transportation Research Part C: Emerging Technologies},
	volume       = 128,
	pages        = 103185,
	doi          = {10.1016/j.trc.2021.103185}
}
@article{Li2021shapenet,
	title        = {ShapeNet: A Shapelet-Neural Network Approach for Multivariate Time Series Classification},
	author       = {Li,  Guozhong and Choi,  Byron and Xu,  Jianliang and S Bhowmick,  Sourav and Chun,  Kwok-Pan and Wong,  Grace Lai-Hung},
	year         = 2021,
	month        = may,
	journal      = {Proceedings of the AAAI Conference on Artificial Intelligence},
	volume       = 35,
	number       = 9,
	pages        = {8375â€“8383},
	doi          = {10.1609/aaai.v35i9.17018}
}
@article{li2022geomgcl,
	title        = {Geomgcl: Geometric graph contrastive learning for molecular property prediction},
	author       = {Li, Shuangli and Zhou, Jingbo and Xu, Tong and Dou, Dejing and Xiong, Hui},
	year         = 2022,
	journal      = {Proceedings of the AAAI conference on artificial intelligence},
	volume       = 36,
	number       = 4,
	pages        = {4541--4549},
	doi          = {10.1609/aaai.v36i4.20377}
}
@article{Li2024macro,
	title        = {How predictable are macroscopic traffic states: a perspective of uncertainty quantification},
	author       = {Li,  Guopeng and Knoop,  Victor L. and van Lint,  Hans},
	year         = 2024,
	journal      = {Transportmetrica B: Transport Dynamics},
	volume       = 12,
	number       = 1,
	doi          = {10.1080/21680566.2024.2314766}
}
@article{Li2024micro,
	title        = {Unravelling uncertainty in trajectory prediction using a non-parametric approach},
	author       = {Li,  Guopeng and Li,  Zirui and Knoop,  Victor L. and van Lint,  Hans},
	year         = 2024,
	journal      = {Transportation Research Part C: Emerging Technologies},
	volume       = 163,
	pages        = 104659,
	doi          = {10.1016/j.trc.2024.104659}
}
@inproceedings{lim2024ggae,
	title        = {Graph Geometry-Preserving Autoencoders},
	author       = {Jungbin Lim and Jihwan Kim and Yonghyeon Lee and Cheongjae Jang and Frank C. Park},
	year         = 2024,
	booktitle    = {Proceedings of the 41st International Conference on Machine Learning}
}
@article{liu2021its,
	title        = {Dynamic Spatial-Temporal Representation Learning for Traffic Flow Prediction},
	author       = {Liu, Lingbo and Zhen, Jiajie and Li, Guanbin and Zhan, Geng and He, Zhaocheng and Du, Bowen and Lin, Liang},
	year         = 2021,
	journal      = {IEEE Transactions on Intelligent Transportation Systems},
	volume       = 22,
	number       = 11,
	pages        = {7169--7183},
	doi          = {10.1109/TITS.2020.3002718}
}
@inproceedings{liu2022contrastive,
	title        = {When do contrastive learning signals help spatio-temporal graph forecasting?},
	author       = {Liu, Xu and Liang, Yuxuan and Huang, Chao and Zheng, Yu and Hooi, Bryan and Zimmermann, Roger},
	year         = 2022,
	booktitle    = {Proceedings of the 30th International Conference on Advances in Geographic Information Systems},
	doi          = {10.1145/3557915.3560939},
	articleno    = 5,
	numpages     = 12
}
@article{liu2023self,
	title        = {Self-supervised learning: Generative or contrastive},
	author       = {Liu, Xiao and Zhang, Fanjin and Hou, Zhenyu and Mian, Li and Wang, Zhaoyu and Zhang, Jing and Tang, Jie},
	year         = 2023,
	journal      = {IEEE transactions on knowledge and data engineering},
	volume       = 35,
	number       = 1,
	pages        = {857--876},
	doi          = {10.1109/TKDE.2021.3090866}
}
@article{liu2024timesurl,
	title        = {Timesurl: Self-supervised contrastive learning for universal time series representation learning},
	author       = {Liu, Jiexi and Chen, Songcan},
	year         = 2024,
	journal      = {Proceedings of the AAAI Conference on Artificial Intelligence},
	volume       = 38,
	number       = 12,
	pages        = {13918--13926},
	doi          = {10.1609/aaai.v38i12.29299}
}
@article{Liu2025semi,
	title        = {Semi-Supervised Contrastive Learning for Time Series Classification in Healthcare},
	author       = {Liu, Xiaofeng and Liu, Zhihong and Li, Jie and Zhang, Xiang},
	year         = 2025,
	journal      = {IEEE Transactions on Emerging Topics in Computational Intelligence},
	volume       = 9,
	number       = 1,
	pages        = {318--331},
	doi          = {10.1109/TETCI.2024.3400885}
}
@article{Liu2025sgclr,
	title        = {SG-CLR: Semantic representation-guided contrastive learning for self-supervised skeleton-based action recognition},
	author       = {Ruyi Liu and Yi Liu and Mengyao Wu and Wentian Xin and Qiguang Miao and Xiangzeng Liu and Long Li},
	year         = 2025,
	journal      = {Pattern Recognition},
	volume       = 162,
	pages        = 111377,
	doi          = {10.1016/j.patcog.2025.111377}
}
@article{lu2022learning,
	title        = {Learning the representation of surrogate safety measures to identify traffic conflict},
	author       = {Lu, Jiajian and Grembek, Offer and Hansen, Mark},
	year         = 2022,
	journal      = {Accident Analysis \& Prevention},
	volume       = 174,
	pages        = 106755,
	doi          = {10.1016/j.aap.2022.106755}
}
@article{Luo2023infots,
	title        = {Time Series Contrastive Learning with Information-Aware Augmentations},
	author       = {Luo,  Dongsheng and Cheng,  Wei and Wang,  Yingheng and Xu,  Dongkuan and Ni,  Jingchao and Yu,  Wenchao and Zhang,  Xuchao and Liu,  Yanchi and Chen,  Yuncong and Chen,  Haifeng and Zhang,  Xiang},
	year         = 2023,
	month        = jun,
	journal      = {Proceedings of the AAAI Conference on Artificial Intelligence},
	volume       = 37,
	number       = 4,
	pages        = {4534â€“4542},
	doi          = {10.1609/aaai.v37i4.25575}
}
@inproceedings{madhu2023toposrl,
	title        = {TopoSRL: Topology preserving self-supervised Simplicial Representation Learning},
	author       = {Madhu, Hiren and Chepuri, Sundeep Prabhakar},
	year         = 2023,
	booktitle    = {Advances in Neural Information Processing Systems},
	volume       = 36,
	pages        = {64306--64317},
	editor       = {A. Oh and T. Naumann and A. Globerson and K. Saenko and M. Hardt and S. Levine}
}
@inproceedings{Mao2022jointlycontrastive,
	title        = {Jointly Contrastive Representation Learning on Road Network and Trajectory},
	author       = {Mao,  Zhenyu and Li,  Ziyue and Li,  Dedong and Bai,  Lei and Zhao,  Rui},
	year         = 2022,
	month        = oct,
	booktitle    = {Proceedings of the 31st ACM International Conference on Information \& Knowledge Management},
	address      = {Atlanta, USA},
	pages        = {1501--1510},
	doi          = {10.1145/3511808.3557370}
}
@inproceedings{mcconville2021,
	title        = {N2d:(not too) deep clustering via clustering the local manifold of an autoencoded embedding},
	author       = {McConville, Ryan and Santos-Rodriguez, Raul and Piechocki, Robert J and Craddock, Ian},
	year         = 2021,
	month        = jan,
	booktitle    = {2020 25th international conference on pattern recognition},
	address      = {Milan, Italy},
	pages        = {5145--5152},
	doi          = {10.1109/ICPR48806.2021.9413131}
}
@article{mcinnes2018umap,
	title        = {{UMAP}: Uniform Manifold Approximation and Projection for Dimension Reduction},
	author       = {McInnes,  Leland and Healy,  John and Melville,  James},
	year         = 2018,
	journal      = {arXiv preprint},
	pages        = {arXiv:1802.03426}
}
@article{meila2024,
	title        = {Manifold Learning: What, How, and Why},
	author       = {MeilÄƒ, Marina and Zhang, Hanyu},
	year         = 2024,
	journal      = {Annual Review of Statistics and Its Application},
	volume       = 11,
	pages        = {393--417},
	doi          = {10.1146/annurev-statistics-040522-115238}
}
@inproceedings{menzel2018,
	title        = {Scenarios for Development, Test and Validation of Automated Vehicles},
	author       = {Menzel, Till and Bagschik, Gerrit and Maurer, Markus},
	year         = 2018,
	booktitle    = {2018 IEEE Intelligent Vehicles Symposium},
	address      = {Changshu, China},
	pages        = {1821--1827},
	doi          = {10.1109/IVS.2018.8500406}
}
@inproceedings{moor2020topoae,
	title        = {Topological autoencoders},
	author       = {Moor, Michael and Horn, Max and Rieck, Bastian and Borgwardt, Karsten},
	year         = 2020,
	booktitle    = {Proceedings of the 37th International Conference on Machine Learning},
	pages        = 653
}
@inproceedings{Nazari2023geomae,
	title        = {Geometric autoencoders: what you see is what you decode},
	author       = {Nazari, Philipp and Damrich, Sebastian and Hamprecht, Fred A.},
	year         = 2023,
	booktitle    = {Proceedings of the 40th International Conference on Machine Learning},
	address      = {Hawaii, USA},
	pages        = 1075
}
@article{oord2018infonce,
	title        = {Representation learning with contrastive predictive coding},
	author       = {Oord, Aaron van den and Li, Yazhe and Vinyals, Oriol},
	year         = 2018,
	journal      = {arXiv preprint},
	pages        = {arXiv:1807.03748}
}
@inproceedings{saunshi2019theoretical,
	title        = {A theoretical analysis of contrastive unsupervised representation learning},
	author       = {Saunshi, Nikunj and Plevrakis, Orestis and Arora, Sanjeev and Khodak, Mikhail and Khandeparkar, Hrishikesh},
	year         = 2019,
	booktitle    = {Proceedings of the 36th International Conference on Machine Learning},
	pages        = {5628--5637}
}
@article{schiappa2023self,
	title        = {Self-supervised learning for videos: A survey},
	author       = {Schiappa, Madeline C and Rawat, Yogesh S and Shah, Mubarak},
	year         = 2023,
	journal      = {ACM Computing Surveys},
	volume       = 55,
	number       = {13s},
	pages        = {1--37},
	doi          = {10.1145/3577925}
}
@inproceedings{tang2023spatio,
	title        = {Spatio-Temporal Meta Contrastive Learning},
	author       = {Tang, Jiabin and Xia, Lianghao and Hu, Jie and Huang, Chao},
	year         = 2023,
	booktitle    = {Proceedings of the 32nd ACM International Conference on Information and Knowledge Management},
	pages        = {2412â€“2421},
	doi          = {10.1145/3583780.3615065},
	numpages     = 10
}
@inproceedings{tao2021clusteringfriendly,
	title        = {Clustering-friendly Representation Learning via Instance Discrimination and Feature Decorrelation},
	author       = {Yaling Tao and Kentaro Takagi and Kouta Nakata},
	year         = 2021,
	booktitle    = {The Ninth International Conference on Learning Representations}
}
@article{Tawfeek2018,
	title        = {A perceptual forward collision warning model using naturalistic driving data},
	author       = {Mostafa H. Tawfeek and Karim El-Basyouny},
	year         = 2018,
	journal      = {Canadian Journal of Civil Engineering},
	volume       = 45,
	number       = 10,
	pages        = {899--907},
	doi          = {10.1139/cjce-2017-0592}
}
@article{tendle2021study,
	title        = {A study of the generalizability of self-supervised representations},
	author       = {Tendle, Atharva and Hasan, Mohammad Rashedul},
	year         = 2021,
	journal      = {Machine Learning with Applications},
	volume       = 6,
	pages        = 100124,
	doi          = {10.1016/j.mlwa.2021.100124}
}
@inproceedings{tonekaboni2021unsupervised,
	title        = {Unsupervised Representation Learning for Time Series with Temporal Neighborhood Coding},
	author       = {Sana Tonekaboni and Danny Eytan and Anna Goldenberg},
	year         = 2021,
	booktitle    = {The Ninth International Conference on Learning Representations}
}
@article{trirat2024universal,
	title        = {Universal time-series representation learning: A survey},
	author       = {Trirat, Patara and Shin, Yooju and Kang, Junhyeok and Nam, Youngeun and Na, Jihye and Bae, Minyoung and Kim, Joeun and Kim, Byunghyun and Lee, Jae-Gil},
	year         = 2024,
	journal      = {arXiv preprint},
	pages        = {arXiv:2401.03717}
}
@inproceedings{trofimov2023rtdae,
	title        = {Learning topology-preserving data representations},
	author       = {Ilya Trofimov and Daniil Cherniavskii and Eduard Tulchinskii and Nikita Balabin and Evgeny Burnaev and Serguei Barannikov},
	year         = 2023,
	booktitle    = {The Eleventh International Conference on Learning Representations}
}
@inproceedings{Wang2014generalizedautoencoder,
	title        = {Generalized Autoencoder: A Neural Network Framework for Dimensionality Reduction},
	author       = {Wang,  Wei and Huang,  Yan and Wang,  Yizhou and Wang,  Liang},
	year         = 2014,
	month        = jun,
	booktitle    = {IEEE Conference on Computer Vision and Pattern Recognition Workshops},
	address      = {Columbus, USA},
	doi          = {10.1109/cvprw.2014.79}
}
@article{wang2023clusteringfriendly,
	title        = {Structure-Driven Representation Learning for Deep Clustering},
	author       = {Wang, Xiang and Jing, Liping and Liu, Huafeng and Yu, Jian},
	year         = 2023,
	journal      = {ACM Transactions on Knowledge Discovery from Data},
	volume       = 18,
	number       = 1,
	pages        = {1--25},
	doi          = {10.1145/3623400}
}
@inproceedings{wu2023cl,
	title        = {Understanding Contrastive Learning via Distributionally Robust Optimization},
	author       = {Wu, Junkang and Chen, Jiawei and Wu, Jiancan and Shi, Wentao and Wang, Xiang and He, Xiangnan},
	year         = 2023,
	booktitle    = {Advances in Neural Information Processing Systems},
	volume       = 36,
	pages        = {23297--23320},
	editor       = {A. Oh and T. Naumann and A. Globerson and K. Saenko and M. Hardt and S. Levine}
}
@article{yang2024negative,
	title        = {Does Negative Sampling Matter? a Review With Insights Into its Theory and Applications},
	author       = {Yang, Zhen and Ding, Ming and Huang, Tinglin and Cen, Yukuo and Song, Junshuai and Xu, Bin and Dong, Yuxiao and Tang, Jie},
	year         = 2024,
	journal      = {IEEE Transactions on Pattern Analysis and Machine Intelligence},
	volume       = 46,
	number       = 8,
	pages        = {5692--5711},
	doi          = {10.1109/TPAMI.2024.3371473}
}
@article{Yao2024,
	title        = {A recurrent graph neural network for inductive representation learning on dynamic graphs},
	author       = {Hong-Yu Yao and Chun-Yang Zhang and Zhi-Liang Yao and C.L. Philip Chen and Junfeng Hu},
	year         = 2024,
	journal      = {Pattern Recognition},
	volume       = 154,
	pages        = 110577,
	doi          = {10.1016/j.patcog.2024.110577}
}
@article{yu2023self,
	title        = {Self-supervised learning for recommender systems: A survey},
	author       = {Yu, Junliang and Yin, Hongzhi and Xia, Xin and Chen, Tong and Li, Jundong and Huang, Zi},
	year         = 2024,
	journal      = {IEEE Transactions on Knowledge and Data Engineering},
	volume       = 36,
	number       = 1,
	pages        = {335--355},
	doi          = {10.1109/TKDE.2023.3282907}
}
@article{Yue2022ts2vec,
	title        = {TS2Vec: Towards Universal Representation of Time Series},
	author       = {Yue,  Zhihan and Wang,  Yujing and Duan,  Juanyong and Yang,  Tianmeng and Huang,  Congrui and Tong,  Yunhai and Xu,  Bixiong},
	year         = 2022,
	month        = jun,
	journal      = {Proceedings of the AAAI Conference on Artificial Intelligence},
	volume       = 36,
	number       = 8,
	pages        = {8980â€“8987},
	doi          = {10.1609/aaai.v36i8.20881}
}
@inproceedings{zerveas2021transformer,
	title        = {A transformer-based framework for multivariate time series representation learning},
	author       = {Zerveas, George and Jayaraman, Srideepika and Patel, Dhaval and Bhamidipaty, Anuradha and Eickhoff, Carsten},
	year         = 2021,
	booktitle    = {Proceedings of the 27th ACM SIGKDD conference on knowledge discovery \& data mining},
	pages        = {2114--2124},
	doi          = {10.1145/3447548.3467401}
}
@inproceedings{Zheng2023,
	title        = {TACO: Temporal Latent Action-Driven Contrastive Loss for Visual Reinforcement Learning},
	author       = {Zheng, Ruijie and Wang, Xiyao and Sun, Yanchao and Ma, Shuang and Zhao, Jieyu and Xu, Huazhe and Daum\'{e} III, Hal and Huang, Furong},
	year         = 2023,
	booktitle    = {Advances in Neural Information Processing Systems},
	volume       = 36,
	pages        = {48203--48225},
	editor       = {A. Oh and T. Naumann and A. Globerson and K. Saenko and M. Hardt and S. Levine}
}
@article{Zheng2024longterm,
	title        = {TRECK: Long-Term Traffic Forecasting With Contrastive Representation Learning},
	author       = {Zheng,  Xiao and Bagloee,  Saeed Asadi and Sarvi,  Majid},
	year         = 2024,
	journal      = {IEEE Transactions on Intelligent Transportation Systems},
	doi          = {10.1109/tits.2024.3421328}
}
@article{zhou2022domain,
	title        = {Domain generalization: A survey},
	author       = {Zhou, Kaiyang and Liu, Ziwei and Qiao, Yu and Xiang, Tao and Loy, Chen Change},
	year         = 2022,
	journal      = {IEEE Transactions on Pattern Analysis and Machine Intelligence},
	volume       = 45,
	number       = 4,
	pages        = {4396--4415},
	doi          = {10.1109/TPAMI.2022.3195549}
}
@inproceedings{Zipfl2023trafficsimilarity,
	title        = {Traffic Scene Similarity: a Graph-based Contrastive Learning Approach},
	author       = {Zipfl,  Maximilian and Jarosch,  Moritz and Z\"{o}llner,  J. Marius},
	year         = 2023,
	month        = dec,
	booktitle    = {IEEE Symposium Series on Computational Intelligence},
	address      = {Mexico City, Mexico},
	doi          = {10.1109/ssci52147.2023.10372060}
}
