@inproceedings{ANCE,
  author       = {Lee Xiong and
                  Chenyan Xiong and
                  Ye Li and
                  Kwok{-}Fung Tang and
                  Jialin Liu and
                  Paul N. Bennett and
                  Junaid Ahmed and
                  Arnold Overwijk},
  title        = {Approximate Nearest Neighbor Negative Contrastive Learning for Dense
                  Text Retrieval},
  booktitle    = {9th International Conference on Learning Representations, {ICLR} 2021,
                  Virtual Event, Austria, May 3-7, 2021},
  publisher    = {OpenReview.net},
  year         = {2021},
  url          = {https://openreview.net/forum?id=zeFrfgyZln},
  timestamp    = {Wed, 23 Jun 2021 17:36:39 +0200},
  biburl       = {https://dblp.org/rec/conf/iclr/XiongXLTLBAO21.bib},
  bibsource    = {dblp computer science bibliography, https://dblp.org}
}

@inproceedings{BERT,
  author       = {Jacob Devlin and
                  Ming{-}Wei Chang and
                  Kenton Lee and
                  Kristina Toutanova},
  editor       = {Jill Burstein and
                  Christy Doran and
                  Thamar Solorio},
  title        = {{BERT:} Pre-training of Deep Bidirectional Transformers for Language
                  Understanding},
  booktitle    = {Proceedings of the 2019 Conference of the North American Chapter of
                  the Association for Computational Linguistics: Human Language Technologies,
                  {NAACL-HLT} 2019, Minneapolis, MN, USA, June 2-7, 2019, Volume 1 (Long
                  and Short Papers)},
  pages        = {4171--4186},
  publisher    = {Association for Computational Linguistics},
  year         = {2019},
  url          = {https://doi.org/10.18653/v1/n19-1423},
  doi          = {10.18653/V1/N19-1423},
  timestamp    = {Mon, 26 Sep 2022 12:21:55 +0200},
  biburl       = {https://dblp.org/rec/conf/naacl/DevlinCLT19.bib},
  bibsource    = {dblp computer science bibliography, https://dblp.org}
}

@inproceedings{CL-DRD,
  author       = {Hansi Zeng and
                  Hamed Zamani and
                  Vishwa Vinay},
  editor       = {Enrique Amig{\'{o}} and
                  Pablo Castells and
                  Julio Gonzalo and
                  Ben Carterette and
                  J. Shane Culpepper and
                  Gabriella Kazai},
  title        = {Curriculum Learning for Dense Retrieval Distillation},
  booktitle    = {{SIGIR} '22: The 45th International {ACM} {SIGIR} Conference on Research
                  and Development in Information Retrieval, Madrid, Spain, July 11 -
                  15, 2022},
  pages        = {1979--1983},
  publisher    = {{ACM}},
  year         = {2022},
  url          = {https://doi.org/10.1145/3477495.3531791},
  doi          = {10.1145/3477495.3531791},
  timestamp    = {Sat, 09 Jul 2022 09:25:34 +0200},
  biburl       = {https://dblp.org/rec/conf/sigir/ZengZV22.bib},
  bibsource    = {dblp computer science bibliography, https://dblp.org}
}

@inproceedings{CoCondensor,
  author       = {Luyu Gao and
                  Jamie Callan},
  editor       = {Smaranda Muresan and
                  Preslav Nakov and
                  Aline Villavicencio},
  title        = {Unsupervised Corpus Aware Language Model Pre-training for Dense Passage
                  Retrieval},
  booktitle    = {Proceedings of the 60th Annual Meeting of the Association for Computational
                  Linguistics (Volume 1: Long Papers), {ACL} 2022, Dublin, Ireland,
                  May 22-27, 2022},
  pages        = {2843--2853},
  publisher    = {Association for Computational Linguistics},
  year         = {2022},
  url          = {https://doi.org/10.18653/v1/2022.acl-long.203},
  doi          = {10.18653/V1/2022.ACL-LONG.203},
  timestamp    = {Mon, 01 Aug 2022 16:27:50 +0200},
  biburl       = {https://dblp.org/rec/conf/acl/GaoC22.bib},
  bibsource    = {dblp computer science bibliography, https://dblp.org}
}

@inproceedings{ColBERT_v1,
  author       = {Omar Khattab and
                  Matei Zaharia},
  editor       = {Jimmy X. Huang and
                  Yi Chang and
                  Xueqi Cheng and
                  Jaap Kamps and
                  Vanessa Murdock and
                  Ji{-}Rong Wen and
                  Yiqun Liu},
  title        = {ColBERT: Efficient and Effective Passage Search via Contextualized
                  Late Interaction over {BERT}},
  booktitle    = {Proceedings of the 43rd International {ACM} {SIGIR} conference on
                  research and development in Information Retrieval, {SIGIR} 2020, Virtual
                  Event, China, July 25-30, 2020},
  pages        = {39--48},
  publisher    = {{ACM}},
  year         = {2020},
  url          = {https://doi.org/10.1145/3397271.3401075},
  doi          = {10.1145/3397271.3401075},
  timestamp    = {Mon, 05 Feb 2024 20:27:55 +0100},
  biburl       = {https://dblp.org/rec/conf/sigir/KhattabZ20.bib},
  bibsource    = {dblp computer science bibliography, https://dblp.org}
}

@inproceedings{ContinualLearningWithHypernetworks,
  author       = {Johannes von Oswald and
                  Christian Henning and
                  Jo{\~{a}}o Sacramento and
                  Benjamin F. Grewe},
  title        = {Continual learning with hypernetworks},
  booktitle    = {8th International Conference on Learning Representations, {ICLR} 2020,
                  Addis Ababa, Ethiopia, April 26-30, 2020},
  publisher    = {OpenReview.net},
  year         = {2020},
  url          = {https://openreview.net/forum?id=SJgwNerKvB},
  timestamp    = {Thu, 07 May 2020 17:11:48 +0200},
  biburl       = {https://dblp.org/rec/conf/iclr/OswaldHSG20.bib},
  bibsource    = {dblp computer science bibliography, https://dblp.org}
}

@article{Contriever,
  author       = {Gautier Izacard and
                  Mathilde Caron and
                  Lucas Hosseini and
                  Sebastian Riedel and
                  Piotr Bojanowski and
                  Armand Joulin and
                  Edouard Grave},
  title        = {Unsupervised Dense Information Retrieval with Contrastive Learning},
  journal      = {Trans. Mach. Learn. Res.},
  volume       = {2022},
  year         = {2022},
  url          = {https://openreview.net/forum?id=jKN1pXi7b0},
  timestamp    = {Fri, 19 May 2023 11:20:42 +0200},
  biburl       = {https://dblp.org/rec/journals/tmlr/IzacardCHRBJG22.bib},
  bibsource    = {dblp computer science bibliography, https://dblp.org}
}

@inproceedings{DPR,
  author       = {Vladimir Karpukhin and
                  Barlas Oguz and
                  Sewon Min and
                  Patrick S. H. Lewis and
                  Ledell Wu and
                  Sergey Edunov and
                  Danqi Chen and
                  Wen{-}tau Yih},
  editor       = {Bonnie Webber and
                  Trevor Cohn and
                  Yulan He and
                  Yang Liu},
  title        = {Dense Passage Retrieval for Open-Domain Question Answering},
  booktitle    = {Proceedings of the 2020 Conference on Empirical Methods in Natural
                  Language Processing, {EMNLP} 2020, Online, November 16-20, 2020},
  pages        = {6769--6781},
  publisher    = {Association for Computational Linguistics},
  year         = {2020},
  url          = {https://doi.org/10.18653/v1/2020.emnlp-main.550},
  doi          = {10.18653/V1/2020.EMNLP-MAIN.550},
  timestamp    = {Tue, 20 Aug 2024 07:54:43 +0200},
  biburl       = {https://dblp.org/rec/conf/emnlp/KarpukhinOMLWEC20.bib},
  bibsource    = {dblp computer science bibliography, https://dblp.org}
}

@inproceedings{DRAGON,
    title = "How to Train Your Dragon: Diverse Augmentation Towards Generalizable Dense Retrieval",
    author = "Lin, Sheng-Chieh  and
      Asai, Akari  and
      Li, Minghan  and
      Oguz, Barlas  and
      Lin, Jimmy  and
      Mehdad, Yashar  and
      Yih, Wen-tau  and
      Chen, Xilun",
    editor = "Bouamor, Houda  and
      Pino, Juan  and
      Bali, Kalika",
    booktitle = "Findings of the Association for Computational Linguistics: EMNLP 2023",
    month = dec,
    year = "2023",
    address = "Singapore",
    publisher = "Association for Computational Linguistics",
    url = "https://aclanthology.org/2023.findings-emnlp.423/",
    doi = "10.18653/v1/2023.findings-emnlp.423",
    pages = "6385--6400",
}

@inproceedings{DRMM,
  author       = {Zhou Yang and
                  Qingfeng Lan and
                  Jiafeng Guo and
                  Yixing Fan and
                  Xiaofei Zhu and
                  Yanyan Lan and
                  Yue Wang and
                  Xueqi Cheng},
  editor       = {Shichao Zhang and
                  Tie{-}Yan Liu and
                  Xianxian Li and
                  Jiafeng Guo and
                  Chenliang Li},
  title        = {A Deep Top-K Relevance Matching Model for Ad-hoc Retrieval},
  booktitle    = {Information Retrieval - 24th China Conference, {CCIR} 2018, Guilin,
                  China, September 27-29, 2018, Proceedings},
  series       = {Lecture Notes in Computer Science},
  volume       = {11168},
  pages        = {16--27},
  publisher    = {Springer},
  year         = {2018},
  url          = {https://doi.org/10.1007/978-3-030-01012-6\_2},
  doi          = {10.1007/978-3-030-01012-6\_2},
  timestamp    = {Fri, 05 Apr 2024 12:23:10 +0200},
  biburl       = {https://dblp.org/rec/conf/ccir/YangLGFZLWC18.bib},
  bibsource    = {dblp computer science bibliography, https://dblp.org}
}

@article{DuetV2,
  author       = {Bhaskar Mitra and
                  Nick Craswell},
  title        = {An Updated Duet Model for Passage Re-ranking},
  journal      = {CoRR},
  volume       = {abs/1903.07666},
  year         = {2019},
  url          = {http://arxiv.org/abs/1903.07666},
  eprinttype    = {arXiv},
  eprint       = {1903.07666},
  timestamp    = {Wed, 27 Apr 2022 14:24:37 +0200},
  biburl       = {https://dblp.org/rec/journals/corr/abs-1903-07666.bib},
  bibsource    = {dblp computer science bibliography, https://dblp.org}
}

@inproceedings{Duetv1,
  author       = {Bhaskar Mitra and
                  Fernando Diaz and
                  Nick Craswell},
  editor       = {Rick Barrett and
                  Rick Cummings and
                  Eugene Agichtein and
                  Evgeniy Gabrilovich},
  title        = {Learning to Match using Local and Distributed Representations of Text
                  for Web Search},
  booktitle    = {Proceedings of the 26th International Conference on World Wide Web,
                  {WWW} 2017, Perth, Australia, April 3-7, 2017},
  pages        = {1291--1299},
  publisher    = {{ACM}},
  year         = {2017},
  url          = {https://doi.org/10.1145/3038912.3052579},
  doi          = {10.1145/3038912.3052579},
  timestamp    = {Wed, 27 Apr 2022 14:24:37 +0200},
  biburl       = {https://dblp.org/rec/conf/www/Mitra0C17.bib},
  bibsource    = {dblp computer science bibliography, https://dblp.org}
}

@article{FastNeuralRankingOnBipartiteGraphIndices,
  author       = {Shulong Tan and
                  Weijie Zhao and
                  Ping Li},
  title        = {Fast Neural Ranking on Bipartite Graph Indices},
  journal      = {Proc. {VLDB} Endow.},
  volume       = {15},
  number       = {4},
  pages        = {794--803},
  year         = {2021},
  url          = {https://www.vldb.org/pvldb/vol15/p794-tan.pdf},
  doi          = {10.14778/3503585.3503589},
  timestamp    = {Sun, 19 Jan 2025 13:44:44 +0100},
  biburl       = {https://dblp.org/rec/journals/pvldb/TanZL21.bib},
  bibsource    = {dblp computer science bibliography, https://dblp.org}
}

@inproceedings{GradientPruningTowardFastNeuralRanking,
  author       = {Weijie Zhao and
                  Shulong Tan and
                  Ping Li},
  editor       = {Grace Hui Yang and
                  Hongning Wang and
                  Sam Han and
                  Claudia Hauff and
                  Guido Zuccon and
                  Yi Zhang},
  title        = {{GUITAR:} Gradient Pruning toward Fast Neural Ranking},
  booktitle    = {Proceedings of the 47th International {ACM} {SIGIR} Conference on
                  Research and Development in Information Retrieval, {SIGIR} 2024, Washington
                  DC, USA, July 14-18, 2024},
  pages        = {163--173},
  publisher    = {{ACM}},
  year         = {2024},
  url          = {https://doi.org/10.1145/3626772.3657728},
  doi          = {10.1145/3626772.3657728},
  timestamp    = {Sun, 19 Jan 2025 13:11:15 +0100},
  biburl       = {https://dblp.org/rec/conf/sigir/0001TL24.bib},
  bibsource    = {dblp computer science bibliography, https://dblp.org}
}

@inproceedings{GraphHyperNetworksNeuralArchitectureSearch,
  author       = {Chris Zhang and
                  Mengye Ren and
                  Raquel Urtasun},
  title        = {Graph HyperNetworks for Neural Architecture Search},
  booktitle    = {7th International Conference on Learning Representations, {ICLR} 2019,
                  New Orleans, LA, USA, May 6-9, 2019},
  publisher    = {OpenReview.net},
  year         = {2019},
  url          = {https://openreview.net/forum?id=rkgW0oA9FX},
  timestamp    = {Thu, 29 Feb 2024 07:25:30 +0100},
  biburl       = {https://dblp.org/rec/conf/iclr/ZhangRU19.bib},
  bibsource    = {dblp computer science bibliography, https://dblp.org}
}

@inproceedings{HyperNetworks,
  author       = {David Ha and
                  Andrew M. Dai and
                  Quoc V. Le},
  title        = {HyperNetworks},
  booktitle    = {5th International Conference on Learning Representations, {ICLR} 2017,
                  Toulon, France, April 24-26, 2017, Conference Track Proceedings},
  publisher    = {OpenReview.net},
  year         = {2017},
  url          = {https://openreview.net/forum?id=rkpACe1lx},
  timestamp    = {Thu, 25 Jul 2019 14:26:04 +0200},
  biburl       = {https://dblp.org/rec/conf/iclr/HaDL17.bib},
  bibsource    = {dblp computer science bibliography, https://dblp.org}
}

@inproceedings{HyperShot,
  author       = {Marcin Sendera and
                  Marcin Przewiezlikowski and
                  Konrad Karanowski and
                  Maciej Zieba and
                  Jacek Tabor and
                  Przemyslaw Spurek},
  title        = {HyperShot: Few-Shot Learning by Kernel HyperNetworks},
  booktitle    = {{IEEE/CVF} Winter Conference on Applications of Computer Vision, {WACV}
                  2023, Waikoloa, HI, USA, January 2-7, 2023},
  pages        = {2468--2477},
  publisher    = {{IEEE}},
  year         = {2023},
  url          = {https://doi.org/10.1109/WACV56688.2023.00250},
  doi          = {10.1109/WACV56688.2023.00250},
  timestamp    = {Tue, 14 Feb 2023 22:26:55 +0100},
  biburl       = {https://dblp.org/rec/conf/wacv/SenderaPKZTS23.bib},
  bibsource    = {dblp computer science bibliography, https://dblp.org}
}

@inproceedings{KNRM,
  author       = {Chenyan Xiong and
                  Zhuyun Dai and
                  Jamie Callan and
                  Zhiyuan Liu and
                  Russell Power},
  editor       = {Noriko Kando and
                  Tetsuya Sakai and
                  Hideo Joho and
                  Hang Li and
                  Arjen P. de Vries and
                  Ryen W. White},
  title        = {End-to-End Neural Ad-hoc Ranking with Kernel Pooling},
  booktitle    = {Proceedings of the 40th International {ACM} {SIGIR} Conference on
                  Research and Development in Information Retrieval, Shinjuku, Tokyo,
                  Japan, August 7-11, 2017},
  pages        = {55--64},
  publisher    = {{ACM}},
  year         = {2017},
  url          = {https://doi.org/10.1145/3077136.3080809},
  doi          = {10.1145/3077136.3080809},
  timestamp    = {Tue, 06 Nov 2018 11:07:25 +0100},
  biburl       = {https://dblp.org/rec/conf/sigir/XiongDCLP17.bib},
  bibsource    = {dblp computer science bibliography, https://dblp.org}
}

@article{LITE,
  author       = {Ziwei Ji and
                  Himanshu Jain and
                  Andreas Veit and
                  Sashank J. Reddi and
                  Sadeep Jayasumana and
                  Ankit Singh Rawat and
                  Aditya Krishna Menon and
                  Felix Yu and
                  Sanjiv Kumar},
  title        = {Efficient Document Ranking with Learnable Late Interactions},
  journal      = {CoRR},
  volume       = {abs/2406.17968},
  year         = {2024},
  url          = {https://doi.org/10.48550/arXiv.2406.17968},
  doi          = {10.48550/ARXIV.2406.17968},
  eprinttype    = {arXiv},
  eprint       = {2406.17968},
  timestamp    = {Mon, 22 Jul 2024 14:28:30 +0200},
  biburl       = {https://dblp.org/rec/journals/corr/abs-2406-17968.bib},
  bibsource    = {dblp computer science bibliography, https://dblp.org}
}

@inproceedings{LearnedCollaborativeFiltering,
  author       = {Xiangnan He and
                  Lizi Liao and
                  Hanwang Zhang and
                  Liqiang Nie and
                  Xia Hu and
                  Tat{-}Seng Chua},
  editor       = {Rick Barrett and
                  Rick Cummings and
                  Eugene Agichtein and
                  Evgeniy Gabrilovich},
  title        = {Neural Collaborative Filtering},
  booktitle    = {Proceedings of the 26th International Conference on World Wide Web,
                  {WWW} 2017, Perth, Australia, April 3-7, 2017},
  pages        = {173--182},
  publisher    = {{ACM}},
  year         = {2017},
  url          = {https://doi.org/10.1145/3038912.3052569},
  doi          = {10.1145/3038912.3052569},
  timestamp    = {Sun, 28 Apr 2024 17:30:55 +0200},
  biburl       = {https://dblp.org/rec/conf/www/HeLZNHC17.bib},
  bibsource    = {dblp computer science bibliography, https://dblp.org}
}

@article{LearningToRankNonSmooth,
  title={Learning to rank with nonsmooth cost functions},
  author={Burges, Christopher and Ragno, Robert and Le, Quoc},
  journal={Advances in neural information processing systems},
  volume={19},
  year={2006}
}

@article{MarginMSE,
  author       = {Sebastian Hofst{\"{a}}tter and
                  Sophia Althammer and
                  Michael Schr{\"{o}}der and
                  Mete Sertkan and
                  Allan Hanbury},
  title        = {Improving Efficient Neural Ranking Models with Cross-Architecture
                  Knowledge Distillation},
  journal      = {CoRR},
  volume       = {abs/2010.02666},
  year         = {2020},
  url          = {https://arxiv.org/abs/2010.02666},
  eprinttype    = {arXiv},
  eprint       = {2010.02666},
  timestamp    = {Thu, 28 Jul 2022 16:49:01 +0200},
  biburl       = {https://dblp.org/rec/journals/corr/abs-2010-02666.bib},
  bibsource    = {dblp computer science bibliography, https://dblp.org}
}

@inproceedings{MatchPyramid,
  author       = {Liang Pang and
                  Yanyan Lan and
                  Jiafeng Guo and
                  Jun Xu and
                  Shengxian Wan and
                  Xueqi Cheng},
  editor       = {Dale Schuurmans and
                  Michael P. Wellman},
  title        = {Text Matching as Image Recognition},
  booktitle    = {Proceedings of the Thirtieth {AAAI} Conference on Artificial Intelligence,
                  February 12-17, 2016, Phoenix, Arizona, {USA}},
  pages        = {2793--2799},
  publisher    = {{AAAI} Press},
  year         = {2016},
  url          = {https://doi.org/10.1609/aaai.v30i1.10341},
  doi          = {10.1609/AAAI.V30I1.10341},
  timestamp    = {Sat, 30 Sep 2023 09:33:12 +0200},
  biburl       = {https://dblp.org/rec/conf/aaai/PangLGXWC16.bib},
  bibsource    = {dblp computer science bibliography, https://dblp.org}
}

@inproceedings{MetaLearningWithLatentEmbeddingOptimization,
  author       = {Andrei A. Rusu and
                  Dushyant Rao and
                  Jakub Sygnowski and
                  Oriol Vinyals and
                  Razvan Pascanu and
                  Simon Osindero and
                  Raia Hadsell},
  title        = {Meta-Learning with Latent Embedding Optimization},
  booktitle    = {7th International Conference on Learning Representations, {ICLR} 2019,
                  New Orleans, LA, USA, May 6-9, 2019},
  publisher    = {OpenReview.net},
  year         = {2019},
  url          = {https://openreview.net/forum?id=BJgklhAcK7},
  timestamp    = {Thu, 25 Jul 2019 14:25:55 +0200},
  biburl       = {https://dblp.org/rec/conf/iclr/RusuRSVPOH19.bib},
  bibsource    = {dblp computer science bibliography, https://dblp.org}
}

@inproceedings{NeuralFactorizationMachines,
  author       = {Xiangnan He and
                  Tat{-}Seng Chua},
  editor       = {Noriko Kando and
                  Tetsuya Sakai and
                  Hideo Joho and
                  Hang Li and
                  Arjen P. de Vries and
                  Ryen W. White},
  title        = {Neural Factorization Machines for Sparse Predictive Analytics},
  booktitle    = {Proceedings of the 40th International {ACM} {SIGIR} Conference on
                  Research and Development in Information Retrieval, Shinjuku, Tokyo,
                  Japan, August 7-11, 2017},
  pages        = {355--364},
  publisher    = {{ACM}},
  year         = {2017},
  url          = {https://doi.org/10.1145/3077136.3080777},
  doi          = {10.1145/3077136.3080777},
  timestamp    = {Tue, 06 Nov 2018 11:07:25 +0100},
  biburl       = {https://dblp.org/rec/conf/sigir/0001C17.bib},
  bibsource    = {dblp computer science bibliography, https://dblp.org}
}

@inproceedings{NeuralNetworkFastItemRanking,
  author       = {Shulong Tan and
                  Zhixin Zhou and
                  Zhaozhuo Xu and
                  Ping Li},
  editor       = {James Caverlee and
                  Xia (Ben) Hu and
                  Mounia Lalmas and
                  Wei Wang},
  title        = {Fast Item Ranking under Neural Network based Measures},
  booktitle    = {{WSDM} '20: The Thirteenth {ACM} International Conference on Web Search
                  and Data Mining, Houston, TX, USA, February 3-7, 2020},
  pages        = {591--599},
  publisher    = {{ACM}},
  year         = {2020},
  url          = {https://doi.org/10.1145/3336191.3371830},
  doi          = {10.1145/3336191.3371830},
  timestamp    = {Sun, 25 Oct 2020 22:34:54 +0100},
  biburl       = {https://dblp.org/rec/conf/wsdm/TanZXL20.bib},
  bibsource    = {dblp computer science bibliography, https://dblp.org}
}

@inproceedings{PreTTR,
  author       = {Sean MacAvaney and
                  Franco Maria Nardini and
                  Raffaele Perego and
                  Nicola Tonellotto and
                  Nazli Goharian and
                  Ophir Frieder},
  editor       = {Jimmy X. Huang and
                  Yi Chang and
                  Xueqi Cheng and
                  Jaap Kamps and
                  Vanessa Murdock and
                  Ji{-}Rong Wen and
                  Yiqun Liu},
  title        = {Efficient Document Re-Ranking for Transformers by Precomputing Term
                  Representations},
  booktitle    = {Proceedings of the 43rd International {ACM} {SIGIR} conference on
                  research and development in Information Retrieval, {SIGIR} 2020, Virtual
                  Event, China, July 25-30, 2020},
  pages        = {49--58},
  publisher    = {{ACM}},
  year         = {2020},
  url          = {https://doi.org/10.1145/3397271.3401093},
  doi          = {10.1145/3397271.3401093},
  timestamp    = {Sun, 19 Jan 2025 13:11:10 +0100},
  biburl       = {https://dblp.org/rec/conf/sigir/MacAvaneyN0TGF20.bib},
  bibsource    = {dblp computer science bibliography, https://dblp.org}
}

@inproceedings{RANCE,
  author       = {Prafull Prakash and
                  Julian Killingback and
                  Hamed Zamani},
  editor       = {Fernando Diaz and
                  Chirag Shah and
                  Torsten Suel and
                  Pablo Castells and
                  Rosie Jones and
                  Tetsuya Sakai},
  title        = {Learning Robust Dense Retrieval Models from Incomplete Relevance Labels},
  booktitle    = {{SIGIR} '21: The 44th International {ACM} {SIGIR} Conference on Research
                  and Development in Information Retrieval, Virtual Event, Canada, July
                  11-15, 2021},
  pages        = {1728--1732},
  publisher    = {{ACM}},
  year         = {2021},
  url          = {https://doi.org/10.1145/3404835.3463106},
  doi          = {10.1145/3404835.3463106},
  timestamp    = {Wed, 15 Jan 2025 15:02:29 +0100},
  biburl       = {https://dblp.org/rec/conf/sigir/PrakashKZ21.bib},
  bibsource    = {dblp computer science bibliography, https://dblp.org}
}

@inproceedings{RankNet,
  author       = {Christopher J. C. Burges and
                  Tal Shaked and
                  Erin Renshaw and
                  Ari Lazier and
                  Matt Deeds and
                  Nicole Hamilton and
                  Gregory N. Hullender},
  editor       = {Luc De Raedt and
                  Stefan Wrobel},
  title        = {Learning to rank using gradient descent},
  booktitle    = {Machine Learning, Proceedings of the Twenty-Second International Conference
                  {(ICML} 2005), Bonn, Germany, August 7-11, 2005},
  series       = {{ACM} International Conference Proceeding Series},
  volume       = {119},
  pages        = {89--96},
  publisher    = {{ACM}},
  year         = {2005},
  url          = {https://doi.org/10.1145/1102351.1102363},
  doi          = {10.1145/1102351.1102363},
  timestamp    = {Wed, 28 Nov 2018 12:57:16 +0100},
  biburl       = {https://dblp.org/rec/conf/icml/BurgesSRLDHH05.bib},
  bibsource    = {dblp computer science bibliography, https://dblp.org}
}

@inproceedings{RetroMAE,
  author       = {Shitao Xiao and
                  Zheng Liu and
                  Yingxia Shao and
                  Zhao Cao},
  editor       = {Yoav Goldberg and
                  Zornitsa Kozareva and
                  Yue Zhang},
  title        = {RetroMAE: Pre-Training Retrieval-oriented Language Models Via Masked
                  Auto-Encoder},
  booktitle    = {Proceedings of the 2022 Conference on Empirical Methods in Natural
                  Language Processing, {EMNLP} 2022, Abu Dhabi, United Arab Emirates,
                  December 7-11, 2022},
  pages        = {538--548},
  publisher    = {Association for Computational Linguistics},
  year         = {2022},
  url          = {https://doi.org/10.18653/v1/2022.emnlp-main.35},
  doi          = {10.18653/V1/2022.EMNLP-MAIN.35},
  timestamp    = {Mon, 24 Jun 2024 20:34:52 +0200},
  biburl       = {https://dblp.org/rec/conf/emnlp/XiaoLSC22.bib},
  bibsource    = {dblp computer science bibliography, https://dblp.org}
}

@inproceedings{RocketQA,
  author       = {Yingqi Qu and
                  Yuchen Ding and
                  Jing Liu and
                  Kai Liu and
                  Ruiyang Ren and
                  Wayne Xin Zhao and
                  Daxiang Dong and
                  Hua Wu and
                  Haifeng Wang},
  editor       = {Kristina Toutanova and
                  Anna Rumshisky and
                  Luke Zettlemoyer and
                  Dilek Hakkani{-}T{\"{u}}r and
                  Iz Beltagy and
                  Steven Bethard and
                  Ryan Cotterell and
                  Tanmoy Chakraborty and
                  Yichao Zhou},
  title        = {RocketQA: An Optimized Training Approach to Dense Passage Retrieval
                  for Open-Domain Question Answering},
  booktitle    = {Proceedings of the 2021 Conference of the North American Chapter of
                  the Association for Computational Linguistics: Human Language Technologies,
                  {NAACL-HLT} 2021, Online, June 6-11, 2021},
  pages        = {5835--5847},
  publisher    = {Association for Computational Linguistics},
  year         = {2021},
  url          = {https://doi.org/10.18653/v1/2021.naacl-main.466},
  doi          = {10.18653/V1/2021.NAACL-MAIN.466},
  timestamp    = {Fri, 06 Aug 2021 00:41:31 +0200},
  biburl       = {https://dblp.org/rec/conf/naacl/QuDLLRZDWW21.bib},
  bibsource    = {dblp computer science bibliography, https://dblp.org}
}

@inproceedings{SNRM,
  author       = {Hamed Zamani and
                  Mostafa Dehghani and
                  W. Bruce Croft and
                  Erik G. Learned{-}Miller and
                  Jaap Kamps},
  editor       = {Alfredo Cuzzocrea and
                  James Allan and
                  Norman W. Paton and
                  Divesh Srivastava and
                  Rakesh Agrawal and
                  Andrei Z. Broder and
                  Mohammed J. Zaki and
                  K. Sel{\c{c}}uk Candan and
                  Alexandros Labrinidis and
                  Assaf Schuster and
                  Haixun Wang},
  title        = {From Neural Re-Ranking to Neural Ranking: Learning a Sparse Representation
                  for Inverted Indexing},
  booktitle    = {Proceedings of the 27th {ACM} International Conference on Information
                  and Knowledge Management, {CIKM} 2018, Torino, Italy, October 22-26,
                  2018},
  pages        = {497--506},
  publisher    = {{ACM}},
  year         = {2018},
  url          = {https://doi.org/10.1145/3269206.3271800},
  doi          = {10.1145/3269206.3271800},
  timestamp    = {Sun, 25 Jul 2021 11:54:58 +0200},
  biburl       = {https://dblp.org/rec/conf/cikm/ZamaniDCLK18.bib},
  bibsource    = {dblp computer science bibliography, https://dblp.org}
}

@inproceedings{SPLADE,
author = {Formal, Thibault and Piwowarski, Benjamin and Clinchant, St\'{e}phane},
title = {SPLADE: Sparse Lexical and Expansion Model for First Stage Ranking},
year = {2021},
isbn = {9781450380379},
publisher = {Association for Computing Machinery},
address = {New York, NY, USA},
url = {https://doi.org/10.1145/3404835.3463098},
booktitle = {Proceedings of the 44th International ACM SIGIR Conference on Research and Development in Information Retrieval},
pages = {2288–2292},
numpages = {5}
}

@inproceedings{TAS-B,
  author       = {Sebastian Hofst{\"{a}}tter and
                  Sheng{-}Chieh Lin and
                  Jheng{-}Hong Yang and
                  Jimmy Lin and
                  Allan Hanbury},
  editor       = {Fernando Diaz and
                  Chirag Shah and
                  Torsten Suel and
                  Pablo Castells and
                  Rosie Jones and
                  Tetsuya Sakai},
  title        = {Efficiently Teaching an Effective Dense Retriever with Balanced Topic
                  Aware Sampling},
  booktitle    = {{SIGIR} '21: The 44th International {ACM} {SIGIR} Conference on Research
                  and Development in Information Retrieval, Virtual Event, Canada, July
                  11-15, 2021},
  pages        = {113--122},
  publisher    = {{ACM}},
  year         = {2021},
  url          = {https://doi.org/10.1145/3404835.3462891},
  doi          = {10.1145/3404835.3462891},
  timestamp    = {Wed, 15 Jan 2025 15:02:29 +0100},
  biburl       = {https://dblp.org/rec/conf/sigir/HofstatterLYLH21.bib},
  bibsource    = {dblp computer science bibliography, https://dblp.org}
}

@article{TCT-ColBERT,
  author       = {Sheng{-}Chieh Lin and
                  Jheng{-}Hong Yang and
                  Jimmy Lin},
  title        = {Distilling Dense Representations for Ranking using Tightly-Coupled
                  Teachers},
  journal      = {CoRR},
  volume       = {abs/2010.11386},
  year         = {2020},
  url          = {https://arxiv.org/abs/2010.11386},
  eprinttype    = {arXiv},
  eprint       = {2010.11386},
  timestamp    = {Mon, 26 Oct 2020 15:39:44 +0100},
  biburl       = {https://dblp.org/rec/journals/corr/abs-2010-11386.bib},
  bibsource    = {dblp computer science bibliography, https://dblp.org}
}

@article{adore,
  title={Optimizing Dense Retrieval Model Training with Hard Negatives},
  author={Jingtao Zhan and Jiaxin Mao and Yiqun Liu and Jiafeng Guo and M. Zhang and Shaoping Ma},
  journal={Proceedings of the 44th International ACM SIGIR Conference on Research and Development in Information Retrieval},
  year={2021},
  url={https://api.semanticscholar.org/CorpusID:233289894}
}

@article{b-prop,
  title={B-PROP: Bootstrapped Pre-training with Representative Words Prediction for Ad-hoc Retrieval},
  author={Xinyu Ma and Jiafeng Guo and Ruqing Zhang and Yixing Fan and Yingyan Li and Xueqi Cheng},
  journal={Proceedings of the 44th International ACM SIGIR Conference on Research and Development in Information Retrieval},
  year={2021},
  url={https://api.semanticscholar.org/CorpusID:233307194}
}

@inproceedings{prod,
author = {Lin, Zhenghao and Gong, Yeyun and Liu, Xiao and Zhang, Hang and Lin, Chen and Dong, Anlei and Jiao, Jian and Lu, Jingwen and Jiang, Daxin and Majumder, Rangan and Duan, Nan},
title = {PROD: Progressive Distillation for Dense Retrieval},
year = {2023},
isbn = {9781450394161},
publisher = {Association for Computing Machinery},
address = {New York, NY, USA},
url = {https://doi.org/10.1145/3543507.3583421},
doi = {10.1145/3543507.3583421},
booktitle = {Proceedings of the ACM Web Conference 2023},
pages = {3299–3308},
numpages = {10},
keywords = {Dense Retrieval, Knowledge Distillation, Neural Ranking Models},
location = {Austin, TX, USA},
series = {WWW '23}
}

