@inproceedings{ColBERT_v1,
  author       = {Omar Khattab and
                  Matei Zaharia},
  editor       = {Jimmy X. Huang and
                  Yi Chang and
                  Xueqi Cheng and
                  Jaap Kamps and
                  Vanessa Murdock and
                  Ji{-}Rong Wen and
                  Yiqun Liu},
  title        = {ColBERT: Efficient and Effective Passage Search via Contextualized
                  Late Interaction over {BERT}},
  booktitle    = {Proceedings of the 43rd International {ACM} {SIGIR} conference on
                  research and development in Information Retrieval, {SIGIR} 2020, Virtual
                  Event, China, July 25-30, 2020},
  pages        = {39--48},
  publisher    = {{ACM}},
  year         = {2020},
  url          = {https://doi.org/10.1145/3397271.3401075},
  doi          = {10.1145/3397271.3401075},
  timestamp    = {Mon, 05 Feb 2024 20:27:55 +0100},
  biburl       = {https://dblp.org/rec/conf/sigir/KhattabZ20.bib},
  bibsource    = {dblp computer science bibliography, https://dblp.org}
}


@inproceedings{LanguageModelingIsCompression,
  author       = {Gr{\'{e}}goire Del{\'{e}}tang and
                  Anian Ruoss and
                  Paul{-}Ambroise Duquenne and
                  Elliot Catt and
                  Tim Genewein and
                  Christopher Mattern and
                  Jordi Grau{-}Moya and
                  Li Kevin Wenliang and
                  Matthew Aitchison and
                  Laurent Orseau and
                  Marcus Hutter and
                  Joel Veness},
  title        = {Language Modeling Is Compression},
  booktitle    = {The Twelfth International Conference on Learning Representations,
                  {ICLR} 2024, Vienna, Austria, May 7-11, 2024},
  publisher    = {OpenReview.net},
  year         = {2024},
  url          = {https://openreview.net/forum?id=jznbgiynus},
  timestamp    = {Wed, 07 Aug 2024 17:11:53 +0200},
  biburl       = {https://dblp.org/rec/conf/iclr/DeletangRDCGMGW24.bib},
  bibsource    = {dblp computer science bibliography, https://dblp.org}
}

@inproceedings{Dehghani2017WeakSupervision,
author = {Dehghani, Mostafa and Zamani, Hamed and Severyn, Aliaksei and Kamps, Jaap and Croft, W. Bruce},
title = {Neural Ranking Models with Weak Supervision},
year = {2017},
isbn = {9781450350228},
publisher = {Association for Computing Machinery},
address = {New York, NY, USA},
url = {https://doi.org/10.1145/3077136.3080832},
doi = {10.1145/3077136.3080832},
booktitle = {Proceedings of the 40th International ACM SIGIR Conference on Research and Development in Information Retrieval},
pages = {65â€“74},
numpages = {10},
keywords = {weak supervision, ranking model, deep neural network, deep learning, ad-hoc retrieval},
location = {Shinjuku, Tokyo, Japan},
series = {SIGIR '17}
}


@article{LayerNorm,
  author       = {Lei Jimmy Ba and
                  Jamie Ryan Kiros and
                  Geoffrey E. Hinton},
  title        = {Layer Normalization},
  journal      = {CoRR},
  volume       = {abs/1607.06450},
  year         = {2016},
  url          = {http://arxiv.org/abs/1607.06450},
  eprinttype    = {arXiv},
  eprint       = {1607.06450},
  timestamp    = {Tue, 23 Jul 2019 17:33:23 +0200},
  biburl       = {https://dblp.org/rec/journals/corr/BaKH16.bib},
  bibsource    = {dblp computer science bibliography, https://dblp.org}
}


@inproceedings{MSMARCO,
  author       = {Tri Nguyen and
                  Mir Rosenberg and
                  Xia Song and
                  Jianfeng Gao and
                  Saurabh Tiwary and
                  Rangan Majumder and
                  Li Deng},
  editor       = {Tarek Richard Besold and
                  Antoine Bordes and
                  Artur S. d'Avila Garcez and
                  Greg Wayne},
  title        = {{MS} {MARCO:} {A} Human Generated MAchine Reading COmprehension Dataset},
  booktitle    = {Proceedings of the Workshop on Cognitive Computation: Integrating
                  neural and symbolic approaches 2016 co-located with the 30th Annual
                  Conference on Neural Information Processing Systems {(NIPS} 2016),
                  Barcelona, Spain, December 9, 2016},
  series       = {{CEUR} Workshop Proceedings},
  volume       = {1773},
  publisher    = {CEUR-WS.org},
  year         = {2016},
  url          = {https://ceur-ws.org/Vol-1773/CoCoNIPS\_2016\_paper9.pdf},
  timestamp    = {Thu, 11 Apr 2024 13:33:56 +0200},
  biburl       = {https://dblp.org/rec/conf/nips/NguyenRSGTMD16.bib},
  bibsource    = {dblp computer science bibliography, https://dblp.org}
}


@inproceedings{SentenceBERT,
  title = "Sentence-BERT: Sentence Embeddings using Siamese BERT-Networks",
  author = "Reimers, Nils and Gurevych, Iryna",
  booktitle = "Proceedings of the 2019 Conference on Empirical Methods in Natural Language Processing",
  month = "11",
  year = "2019",
  publisher = "Association for Computational Linguistics",
  url = "https://arxiv.org/abs/1908.10084",
}


@inproceedings{TREC_DL_2020,
  author       = {Nick Craswell and
                  Bhaskar Mitra and
                  Emine Yilmaz and
                  Daniel Campos},
  editor       = {Ellen M. Voorhees and
                  Angela Ellis},
  title        = {Overview of the {TREC} 2020 Deep Learning Track},
  booktitle    = {Proceedings of the Twenty-Ninth Text REtrieval Conference, {TREC}
                  2020, Virtual Event [Gaithersburg, Maryland, USA], November 16-20,
                  2020},
  series       = {{NIST} Special Publication},
  volume       = {1266},
  publisher    = {National Institute of Standards and Technology {(NIST)}},
  year         = {2020},
  url          = {https://trec.nist.gov/pubs/trec29/papers/OVERVIEW.DL.pdf},
  timestamp    = {Wed, 27 Apr 2022 14:24:37 +0200},
  biburl       = {https://dblp.org/rec/conf/trec/CraswellMMYC20.bib},
  bibsource    = {dblp computer science bibliography, https://dblp.org}
}


@article{TREC_DL_2019,
  author       = {Nick Craswell and
                  Bhaskar Mitra and
                  Emine Yilmaz and
                  Daniel Campos and
                  Ellen M. Voorhees},
  title        = {Overview of the {TREC} 2019 deep learning track},
  journal      = {CoRR},
  volume       = {abs/2003.07820},
  year         = {2020},
  url          = {https://arxiv.org/abs/2003.07820},
  eprinttype    = {arXiv},
  eprint       = {2003.07820},
  timestamp    = {Wed, 27 Apr 2022 14:24:37 +0200},
  biburl       = {https://dblp.org/rec/journals/corr/abs-2003-07820.bib},
  bibsource    = {dblp computer science bibliography, https://dblp.org}
}


@inproceedings{BEIR,
  author       = {Nandan Thakur and
                  Nils Reimers and
                  Andreas R{\"{u}}ckl{\'{e}} and
                  Abhishek Srivastava and
                  Iryna Gurevych},
  editor       = {Joaquin Vanschoren and
                  Sai{-}Kit Yeung},
  title        = {{BEIR:} {A} Heterogeneous Benchmark for Zero-shot Evaluation of Information
                  Retrieval Models},
  booktitle    = {Proceedings of the Neural Information Processing Systems Track on
                  Datasets and Benchmarks 1, NeurIPS Datasets and Benchmarks 2021, December
                  2021, virtual},
  year         = {2021},
  url          = {https://datasets-benchmarks-proceedings.neurips.cc/paper/2021/hash/65b9eea6e1cc6bb9f0cd2a47751a186f-Abstract-round2.html},
  timestamp    = {Thu, 05 May 2022 16:53:59 +0200},
  biburl       = {https://dblp.org/rec/conf/nips/Thakur0RSG21.bib},
  bibsource    = {dblp computer science bibliography, https://dblp.org}
}


@inproceedings{LearnedCollaborativeFiltering,
  author       = {Xiangnan He and
                  Lizi Liao and
                  Hanwang Zhang and
                  Liqiang Nie and
                  Xia Hu and
                  Tat{-}Seng Chua},
  editor       = {Rick Barrett and
                  Rick Cummings and
                  Eugene Agichtein and
                  Evgeniy Gabrilovich},
  title        = {Neural Collaborative Filtering},
  booktitle    = {Proceedings of the 26th International Conference on World Wide Web,
                  {WWW} 2017, Perth, Australia, April 3-7, 2017},
  pages        = {173--182},
  publisher    = {{ACM}},
  year         = {2017},
  url          = {https://doi.org/10.1145/3038912.3052569},
  doi          = {10.1145/3038912.3052569},
  timestamp    = {Sun, 28 Apr 2024 17:30:55 +0200},
  biburl       = {https://dblp.org/rec/conf/www/HeLZNHC17.bib},
  bibsource    = {dblp computer science bibliography, https://dblp.org}
}


@inproceedings{LinkedInLearnedSimilarity,
  author       = {Fedor Borisyuk and
                  Qingquan Song and
                  Mingzhou Zhou and
                  Ganesh Parameswaran and
                  Madhu Arun and
                  Siva Popuri and
                  Tugrul Bingol and
                  Zhuotao Pei and
                  Kuang{-}Hsuan Lee and
                  Lu Zheng and
                  Qizhan Shao and
                  Ali Naqvi and
                  Sen Zhou and
                  Aman Gupta},
  editor       = {Edoardo Serra and
                  Francesca Spezzano},
  title        = {LiNR: Model Based Neural Retrieval on GPUs at LinkedIn},
  booktitle    = {Proceedings of the 33rd {ACM} International Conference on Information
                  and Knowledge Management, {CIKM} 2024, Boise, ID, USA, October 21-25,
                  2024},
  pages        = {4366--4373},
  publisher    = {{ACM}},
  year         = {2024},
  url          = {https://doi.org/10.1145/3627673.3680091},
  doi          = {10.1145/3627673.3680091},
  timestamp    = {Sat, 30 Nov 2024 21:10:24 +0100},
  biburl       = {https://dblp.org/rec/conf/cikm/BorisyukSZPAPBP24.bib},
  bibsource    = {dblp computer science bibliography, https://dblp.org}
}

@inproceedings{NeuralNetworkFastItemRanking,
  author       = {Shulong Tan and
                  Zhixin Zhou and
                  Zhaozhuo Xu and
                  Ping Li},
  editor       = {James Caverlee and
                  Xia (Ben) Hu and
                  Mounia Lalmas and
                  Wei Wang},
  title        = {Fast Item Ranking under Neural Network based Measures},
  booktitle    = {{WSDM} '20: The Thirteenth {ACM} International Conference on Web Search
                  and Data Mining, Houston, TX, USA, February 3-7, 2020},
  pages        = {591--599},
  publisher    = {{ACM}},
  year         = {2020},
  url          = {https://doi.org/10.1145/3336191.3371830},
  doi          = {10.1145/3336191.3371830},
  timestamp    = {Sun, 25 Oct 2020 22:34:54 +0100},
  biburl       = {https://dblp.org/rec/conf/wsdm/TanZXL20.bib},
  bibsource    = {dblp computer science bibliography, https://dblp.org}
}


@inproceedings{TREC_DL_HARD,
 title={How Deep is your Learning: the DL-HARD Annotated Deep Learning Dataset},
 author={Mackie, Iain and Dalton, Jeffrey and Yates, Andrew},
 booktitle={Proceedings of the 44th International ACM SIGIR Conference on Research and Development in Information Retrieval},
 year={2021}
}


@article{ReLU,
  author       = {Abien Fred Agarap},
  title        = {Deep Learning using Rectified Linear Units (ReLU)},
  journal      = {CoRR},
  volume       = {abs/1803.08375},
  year         = {2018},
  url          = {http://arxiv.org/abs/1803.08375},
  eprinttype    = {arXiv},
  eprint       = {1803.08375},
  timestamp    = {Mon, 13 Aug 2018 16:47:13 +0200},
  biburl       = {https://dblp.org/rec/journals/corr/abs-1803-08375.bib},
  bibsource    = {dblp computer science bibliography, https://dblp.org}
}


@inproceedings{SmallWorld,
  author       = {Yury Lifshits and
                  Shengyu Zhang},
  editor       = {Claire Mathieu},
  title        = {Combinatorial algorithms for nearest neighbors, near-duplicates and
                  small-world design},
  booktitle    = {Proceedings of the Twentieth Annual {ACM-SIAM} Symposium on Discrete
                  Algorithms, {SODA} 2009, New York, NY, USA, January 4-6, 2009},
  pages        = {318--326},
  publisher    = {{SIAM}},
  year         = {2009},
  url          = {https://doi.org/10.1137/1.9781611973068.36},
  doi          = {10.1137/1.9781611973068.36},
  timestamp    = {Mon, 12 Jun 2023 09:36:25 +0200},
  biburl       = {https://dblp.org/rec/conf/soda/LifshitsZ09.bib},
  bibsource    = {dblp computer science bibliography, https://dblp.org}
}


@article{HNSW,
  author       = {Yury A. Malkov and
                  Dmitry A. Yashunin},
  title        = {Efficient and Robust Approximate Nearest Neighbor Search Using Hierarchical
                  Navigable Small World Graphs},
  journal      = {{IEEE} Trans. Pattern Anal. Mach. Intell.},
  volume       = {42},
  number       = {4},
  pages        = {824--836},
  year         = {2020},
  url          = {https://doi.org/10.1109/TPAMI.2018.2889473},
  doi          = {10.1109/TPAMI.2018.2889473},
  timestamp    = {Thu, 26 Aug 2021 08:49:45 +0200},
  biburl       = {https://dblp.org/rec/journals/pami/MalkovY20.bib},
  bibsource    = {dblp computer science bibliography, https://dblp.org}
}

@article{UniversalApproximators,
  author       = {Kurt Hornik and
                  Maxwell B. Stinchcombe and
                  Halbert White},
  title        = {Multilayer feedforward networks are universal approximators},
  journal      = {Neural Networks},
  volume       = {2},
  number       = {5},
  pages        = {359--366},
  year         = {1989},
  url          = {https://doi.org/10.1016/0893-6080(89)90020-8},
  doi          = {10.1016/0893-6080(89)90020-8},
  timestamp    = {Wed, 14 Nov 2018 10:30:15 +0100},
  biburl       = {https://dblp.org/rec/journals/nn/HornikSW89.bib},
  bibsource    = {dblp computer science bibliography, https://dblp.org}
}


@inproceedings{SNRM,
  author       = {Hamed Zamani and
                  Mostafa Dehghani and
                  W. Bruce Croft and
                  Erik G. Learned{-}Miller and
                  Jaap Kamps},
  editor       = {Alfredo Cuzzocrea and
                  James Allan and
                  Norman W. Paton and
                  Divesh Srivastava and
                  Rakesh Agrawal and
                  Andrei Z. Broder and
                  Mohammed J. Zaki and
                  K. Sel{\c{c}}uk Candan and
                  Alexandros Labrinidis and
                  Assaf Schuster and
                  Haixun Wang},
  title        = {From Neural Re-Ranking to Neural Ranking: Learning a Sparse Representation
                  for Inverted Indexing},
  booktitle    = {Proceedings of the 27th {ACM} International Conference on Information
                  and Knowledge Management, {CIKM} 2018, Torino, Italy, October 22-26,
                  2018},
  pages        = {497--506},
  publisher    = {{ACM}},
  year         = {2018},
  url          = {https://doi.org/10.1145/3269206.3271800},
  doi          = {10.1145/3269206.3271800},
  timestamp    = {Sun, 25 Jul 2021 11:54:58 +0200},
  biburl       = {https://dblp.org/rec/conf/cikm/ZamaniDCLK18.bib},
  bibsource    = {dblp computer science bibliography, https://dblp.org}
}


@inproceedings{BERT,
  author       = {Jacob Devlin and
                  Ming{-}Wei Chang and
                  Kenton Lee and
                  Kristina Toutanova},
  editor       = {Jill Burstein and
                  Christy Doran and
                  Thamar Solorio},
  title        = {{BERT:} Pre-training of Deep Bidirectional Transformers for Language
                  Understanding},
  booktitle    = {Proceedings of the 2019 Conference of the North American Chapter of
                  the Association for Computational Linguistics: Human Language Technologies,
                  {NAACL-HLT} 2019, Minneapolis, MN, USA, June 2-7, 2019, Volume 1 (Long
                  and Short Papers)},
  pages        = {4171--4186},
  publisher    = {Association for Computational Linguistics},
  year         = {2019},
  url          = {https://doi.org/10.18653/v1/n19-1423},
  doi          = {10.18653/V1/N19-1423},
  timestamp    = {Mon, 26 Sep 2022 12:21:55 +0200},
  biburl       = {https://dblp.org/rec/conf/naacl/DevlinCLT19.bib},
  bibsource    = {dblp computer science bibliography, https://dblp.org}
}


@inproceedings{DPR,
  author       = {Vladimir Karpukhin and
                  Barlas Oguz and
                  Sewon Min and
                  Patrick S. H. Lewis and
                  Ledell Wu and
                  Sergey Edunov and
                  Danqi Chen and
                  Wen{-}tau Yih},
  editor       = {Bonnie Webber and
                  Trevor Cohn and
                  Yulan He and
                  Yang Liu},
  title        = {Dense Passage Retrieval for Open-Domain Question Answering},
  booktitle    = {Proceedings of the 2020 Conference on Empirical Methods in Natural
                  Language Processing, {EMNLP} 2020, Online, November 16-20, 2020},
  pages        = {6769--6781},
  publisher    = {Association for Computational Linguistics},
  year         = {2020},
  url          = {https://doi.org/10.18653/v1/2020.emnlp-main.550},
  doi          = {10.18653/V1/2020.EMNLP-MAIN.550},
  timestamp    = {Tue, 20 Aug 2024 07:54:43 +0200},
  biburl       = {https://dblp.org/rec/conf/emnlp/KarpukhinOMLWEC20.bib},
  bibsource    = {dblp computer science bibliography, https://dblp.org}
}

@inproceedings{ANCE,
  author       = {Lee Xiong and
                  Chenyan Xiong and
                  Ye Li and
                  Kwok{-}Fung Tang and
                  Jialin Liu and
                  Paul N. Bennett and
                  Junaid Ahmed and
                  Arnold Overwijk},
  title        = {Approximate Nearest Neighbor Negative Contrastive Learning for Dense
                  Text Retrieval},
  booktitle    = {9th International Conference on Learning Representations, {ICLR} 2021,
                  Virtual Event, Austria, May 3-7, 2021},
  publisher    = {OpenReview.net},
  year         = {2021},
  url          = {https://openreview.net/forum?id=zeFrfgyZln},
  timestamp    = {Wed, 23 Jun 2021 17:36:39 +0200},
  biburl       = {https://dblp.org/rec/conf/iclr/XiongXLTLBAO21.bib},
  bibsource    = {dblp computer science bibliography, https://dblp.org}
}

@inproceedings{RocketQA,
  author       = {Yingqi Qu and
                  Yuchen Ding and
                  Jing Liu and
                  Kai Liu and
                  Ruiyang Ren and
                  Wayne Xin Zhao and
                  Daxiang Dong and
                  Hua Wu and
                  Haifeng Wang},
  editor       = {Kristina Toutanova and
                  Anna Rumshisky and
                  Luke Zettlemoyer and
                  Dilek Hakkani{-}T{\"{u}}r and
                  Iz Beltagy and
                  Steven Bethard and
                  Ryan Cotterell and
                  Tanmoy Chakraborty and
                  Yichao Zhou},
  title        = {RocketQA: An Optimized Training Approach to Dense Passage Retrieval
                  for Open-Domain Question Answering},
  booktitle    = {Proceedings of the 2021 Conference of the North American Chapter of
                  the Association for Computational Linguistics: Human Language Technologies,
                  {NAACL-HLT} 2021, Online, June 6-11, 2021},
  pages        = {5835--5847},
  publisher    = {Association for Computational Linguistics},
  year         = {2021},
  url          = {https://doi.org/10.18653/v1/2021.naacl-main.466},
  doi          = {10.18653/V1/2021.NAACL-MAIN.466},
  timestamp    = {Fri, 06 Aug 2021 00:41:31 +0200},
  biburl       = {https://dblp.org/rec/conf/naacl/QuDLLRZDWW21.bib},
  bibsource    = {dblp computer science bibliography, https://dblp.org}
}


@article{MarginMSE,
  author       = {Sebastian Hofst{\"{a}}tter and
                  Sophia Althammer and
                  Michael Schr{\"{o}}der and
                  Mete Sertkan and
                  Allan Hanbury},
  title        = {Improving Efficient Neural Ranking Models with Cross-Architecture
                  Knowledge Distillation},
  journal      = {CoRR},
  volume       = {abs/2010.02666},
  year         = {2020},
  url          = {https://arxiv.org/abs/2010.02666},
  eprinttype    = {arXiv},
  eprint       = {2010.02666},
  timestamp    = {Thu, 28 Jul 2022 16:49:01 +0200},
  biburl       = {https://dblp.org/rec/journals/corr/abs-2010-02666.bib},
  bibsource    = {dblp computer science bibliography, https://dblp.org}
}


@article{LanguageModelingApproachToIR,
  author       = {Jay M. Ponte and
                  W. Bruce Croft},
  title        = {A Language Modeling Approach to Information Retrieval},
  journal      = {{SIGIR} Forum},
  volume       = {51},
  number       = {2},
  pages        = {202--208},
  year         = {2017},
  url          = {https://doi.org/10.1145/3130348.3130368},
  doi          = {10.1145/3130348.3130368},
  timestamp    = {Tue, 06 Nov 2018 12:51:18 +0100},
  biburl       = {https://dblp.org/rec/journals/sigir/PonteC17.bib},
  bibsource    = {dblp computer science bibliography, https://dblp.org}
}



@article{Guo2020,
title = {A Deep Look into neural ranking models for information retrieval},
journal = {Information Processing \& Management},
volume = {57},
number = {6},
pages = {102067},
year = {2020},
issn = {0306-4573},
doi = {https://doi.org/10.1016/j.ipm.2019.102067},
author = {Jiafeng Guo and Yixing Fan and Liang Pang and Liu Yang and Qingyao Ai and Hamed Zamani and Chen Wu and W. Bruce Croft and Xueqi Cheng},
keywords = {Neural ranking model, Information retrieval, Survey},
}

@article{Mitra:2018:NeuralIR,
author = {Mitra, Bhaskar and Craswell, Nick},
title = {An Introduction to Neural Information Retrieval},
year = {2018},
issue_date = {Dec 2018},
publisher = {Now Publishers Inc.},
address = {Hanover, MA, USA},
volume = {13},
number = {1},
issn = {1554-0669},
url = {https://doi.org/10.1561/1500000061},
doi = {10.1561/1500000061},
journal = {Found. Trends Inf. Retr.},
month = dec,
pages = {1â€“126},
numpages = {129}
}


@inproceedings{TREC-TOT-2023,
  author       = {Jaime Arguello and
                  Samarth Bhargav and
                  Fernando Diaz and
                  Evangelos Kanoulas and
                  Bhaskar Mitra},
  editor       = {Ian Soboroff and
                  Angela Ellis},
  title        = {Overview of the {TREC} 2023 Tip-of-the-Tongue Track},
  booktitle    = {The Thirty-Second Text REtrieval Conference Proceedings {(TREC} 2023),
                  Gaithersburg, MD, USA, November 14-17, 2023},
  series       = {{NIST} Special Publication},
  volume       = {500-xxx},
  publisher    = {National Institute of Standards and Technology {(NIST)}},
  year         = {2023},
  url          = {https://trec.nist.gov/pubs/trec32/papers/Overview\_tot.pdf},
  timestamp    = {Tue, 26 Nov 2024 17:05:00 +0100},
  biburl       = {https://dblp.org/rec/conf/trec/ArguelloBDKM23.bib},
  bibsource    = {dblp computer science bibliography, https://dblp.org}
}


@inproceedings{TOMT-TrainingDataset,
  author       = {Samarth Bhargav and
                  Georgios Sidiropoulos and
                  Evangelos Kanoulas},
  editor       = {K. Selcuk Candan and
                  Huan Liu and
                  Leman Akoglu and
                  Xin Luna Dong and
                  Jiliang Tang},
  title        = {'It's on the tip of my tongue': {A} new Dataset for Known-Item Retrieval},
  booktitle    = {{WSDM} '22: The Fifteenth {ACM} International Conference on Web Search
                  and Data Mining, Virtual Event / Tempe, AZ, USA, February 21 - 25,
                  2022},
  pages        = {48--56},
  publisher    = {{ACM}},
  year         = {2022},
  url          = {https://doi.org/10.1145/3488560.3498421},
  doi          = {10.1145/3488560.3498421},
  timestamp    = {Tue, 21 Mar 2023 20:52:37 +0100},
  biburl       = {https://dblp.org/rec/conf/wsdm/BhargavSK22.bib},
  bibsource    = {dblp computer science bibliography, https://dblp.org}
}


@article{FollowIR,
  author       = {Orion Weller and
                  Benjamin Chang and
                  Sean MacAvaney and
                  Kyle Lo and
                  Arman Cohan and
                  Benjamin Van Durme and
                  Dawn J. Lawrie and
                  Luca Soldaini},
  title        = {FollowIR: Evaluating and Teaching Information Retrieval Models to
                  Follow Instructions},
  journal      = {CoRR},
  volume       = {abs/2403.15246},
  year         = {2024},
  url          = {https://doi.org/10.48550/arXiv.2403.15246},
  doi          = {10.48550/ARXIV.2403.15246},
  eprinttype    = {arXiv},
  eprint       = {2403.15246},
  timestamp    = {Sun, 06 Oct 2024 21:24:55 +0200},
  biburl       = {https://dblp.org/rec/journals/corr/abs-2403-15246.bib},
  bibsource    = {dblp computer science bibliography, https://dblp.org}
}


@inproceedings{Robust04,
  author       = {Ellen M. Voorhees},
  editor       = {Ellen M. Voorhees and
                  Lori P. Buckland},
  title        = {Overview of the {TREC} 2004 Robust Track},
  booktitle    = {Proceedings of the Thirteenth Text REtrieval Conference, {TREC} 2004,
                  Gaithersburg, Maryland, USA, November 16-19, 2004},
  series       = {{NIST} Special Publication},
  volume       = {500-261},
  publisher    = {National Institute of Standards and Technology {(NIST)}},
  year         = {2004},
  url          = {http://trec.nist.gov/pubs/trec13/papers/ROBUST.OVERVIEW.pdf},
  timestamp    = {Wed, 07 Jul 2021 16:44:22 +0200},
  biburl       = {https://dblp.org/rec/conf/trec/Voorhees04b.bib},
  bibsource    = {dblp computer science bibliography, https://dblp.org}
}


@inproceedings{TREC-Core17,
  title={TREC 2017 Common Core Track Overview},
  author={James Allan and Donna K. Harman and E. Kanoulas and Dan Li and Christophe Van Gysel and Ellen M. Voorhees},
  booktitle={Text Retrieval Conference},
  year={2017},
  url={https://api.semanticscholar.org/CorpusID:38019792}
}


@inproceedings{TREC-News20,
  author       = {Ian Soboroff and
                  Shudong Huang and
                  Donna Harman},
  editor       = {Ellen M. Voorhees and
                  Angela Ellis},
  title        = {{TREC} 2020 News Track Overview},
  booktitle    = {Proceedings of the Twenty-Ninth Text REtrieval Conference, {TREC}
                  2020, Virtual Event [Gaithersburg, Maryland, USA], November 16-20,
                  2020},
  series       = {{NIST} Special Publication},
  volume       = {1266},
  publisher    = {National Institute of Standards and Technology {(NIST)}},
  year         = {2020},
  url          = {https://trec.nist.gov/pubs/trec29/papers/OVERVIEW.N.pdf},
  timestamp    = {Wed, 07 Jul 2021 16:44:22 +0200},
  biburl       = {https://dblp.org/rec/conf/trec/SoboroffHH20.bib},
  bibsource    = {dblp computer science bibliography, https://dblp.org}
}


@article{MSMARCO-with-Instructions,
  author       = {Orion Weller and
                  Benjamin Van Durme and
                  Dawn J. Lawrie and
                  Ashwin Paranjape and
                  Yuhao Zhang and
                  Jack Hessel},
  title        = {Promptriever: Instruction-Trained Retrievers Can Be Prompted Like
                  Language Models},
  journal      = {CoRR},
  volume       = {abs/2409.11136},
  year         = {2024},
  url          = {https://doi.org/10.48550/arXiv.2409.11136},
  doi          = {10.48550/ARXIV.2409.11136},
  eprinttype    = {arXiv},
  eprint       = {2409.11136},
  timestamp    = {Mon, 14 Oct 2024 16:36:54 +0200},
  biburl       = {https://dblp.org/rec/journals/corr/abs-2409-11136.bib},
  bibsource    = {dblp computer science bibliography, https://dblp.org}
}


@inproceedings{SPLADE,
author = {Formal, Thibault and Piwowarski, Benjamin and Clinchant, St\'{e}phane},
title = {SPLADE: Sparse Lexical and Expansion Model for First Stage Ranking},
year = {2021},
isbn = {9781450380379},
publisher = {Association for Computing Machinery},
address = {New York, NY, USA},
url = {https://doi.org/10.1145/3404835.3463098},
booktitle = {Proceedings of the 44th International ACM SIGIR Conference on Research and Development in Information Retrieval},
pages = {2288â€“2292},
numpages = {5}
}

@book{lin2022pretrained,
  title={Pretrained Transformers for Text Ranking: BERT and Beyond},
  author={Lin, J. and Nogueira, R. and Yates, A.},
  isbn={9783031021817},
  series={Synthesis Lectures on Human Language Technologies},
  year={2022},
  publisher={Springer International Publishing}
}








@article{VCDim,
author = {Vapnik, V. N. and Chervonenkis, A. Ya.},
title = {On the Uniform Convergence of Relative Frequencies of Events to Their Probabilities},
journal = {Theory of Probability \& Its Applications},
volume = {16},
number = {2},
pages = {264-280},
year = {1971},
doi = {10.1137/1116025},
}

@article{RadonTheorem,
author = {Radon, Johann},
title = {Mengen konvexer KÃ¶rper, die einen gemeinsamen Punkt enthalten},
journal = {Mathematische Annalen},
volume = {83},
number = {1},
year = {1921},
doi = {10.1007/BF01464231},
}




@inproceedings{AttentionIsAllYouNeed,
  author       = {Ashish Vaswani and
                  Noam Shazeer and
                  Niki Parmar and
                  Jakob Uszkoreit and
                  Llion Jones and
                  Aidan N. Gomez and
                  Lukasz Kaiser and
                  Illia Polosukhin},
  editor       = {Isabelle Guyon and
                  Ulrike von Luxburg and
                  Samy Bengio and
                  Hanna M. Wallach and
                  Rob Fergus and
                  S. V. N. Vishwanathan and
                  Roman Garnett},
  title        = {Attention is All you Need},
  booktitle    = {Advances in Neural Information Processing Systems 30: Annual Conference
                  on Neural Information Processing Systems 2017, December 4-9, 2017,
                  Long Beach, CA, {USA}},
  pages        = {5998--6008},
  year         = {2017},
  url          = {https://proceedings.neurips.cc/paper/2017/hash/3f5ee243547dee91fbd053c1c4a845aa-Abstract.html},
  timestamp    = {Thu, 21 Jan 2021 15:15:21 +0100},
  biburl       = {https://dblp.org/rec/conf/nips/VaswaniSPUJGKP17.bib},
  bibsource    = {dblp computer science bibliography, https://dblp.org}
}


@inproceedings{RANCE,
  author       = {Prafull Prakash and
                  Julian Killingback and
                  Hamed Zamani},
  editor       = {Fernando Diaz and
                  Chirag Shah and
                  Torsten Suel and
                  Pablo Castells and
                  Rosie Jones and
                  Tetsuya Sakai},
  title        = {Learning Robust Dense Retrieval Models from Incomplete Relevance Labels},
  booktitle    = {{SIGIR} '21: The 44th International {ACM} {SIGIR} Conference on Research
                  and Development in Information Retrieval, Virtual Event, Canada, July
                  11-15, 2021},
  pages        = {1728--1732},
  publisher    = {{ACM}},
  year         = {2021},
  url          = {https://doi.org/10.1145/3404835.3463106},
  doi          = {10.1145/3404835.3463106},
  timestamp    = {Wed, 15 Jan 2025 15:02:29 +0100},
  biburl       = {https://dblp.org/rec/conf/sigir/PrakashKZ21.bib},
  bibsource    = {dblp computer science bibliography, https://dblp.org}
}


@inproceedings{DRAGON,
    title = "How to Train Your Dragon: Diverse Augmentation Towards Generalizable Dense Retrieval",
    author = "Lin, Sheng-Chieh  and
      Asai, Akari  and
      Li, Minghan  and
      Oguz, Barlas  and
      Lin, Jimmy  and
      Mehdad, Yashar  and
      Yih, Wen-tau  and
      Chen, Xilun",
    editor = "Bouamor, Houda  and
      Pino, Juan  and
      Bali, Kalika",
    booktitle = "Findings of the Association for Computational Linguistics: EMNLP 2023",
    month = dec,
    year = "2023",
    address = "Singapore",
    publisher = "Association for Computational Linguistics",
    url = "https://aclanthology.org/2023.findings-emnlp.423/",
    doi = "10.18653/v1/2023.findings-emnlp.423",
    pages = "6385--6400",
}


@article{TCT-ColBERT,
  author       = {Sheng{-}Chieh Lin and
                  Jheng{-}Hong Yang and
                  Jimmy Lin},
  title        = {Distilling Dense Representations for Ranking using Tightly-Coupled
                  Teachers},
  journal      = {CoRR},
  volume       = {abs/2010.11386},
  year         = {2020},
  url          = {https://arxiv.org/abs/2010.11386},
  eprinttype    = {arXiv},
  eprint       = {2010.11386},
  timestamp    = {Mon, 26 Oct 2020 15:39:44 +0100},
  biburl       = {https://dblp.org/rec/journals/corr/abs-2010-11386.bib},
  bibsource    = {dblp computer science bibliography, https://dblp.org}
}


@inproceedings{CoCondensor,
  author       = {Luyu Gao and
                  Jamie Callan},
  editor       = {Smaranda Muresan and
                  Preslav Nakov and
                  Aline Villavicencio},
  title        = {Unsupervised Corpus Aware Language Model Pre-training for Dense Passage
                  Retrieval},
  booktitle    = {Proceedings of the 60th Annual Meeting of the Association for Computational
                  Linguistics (Volume 1: Long Papers), {ACL} 2022, Dublin, Ireland,
                  May 22-27, 2022},
  pages        = {2843--2853},
  publisher    = {Association for Computational Linguistics},
  year         = {2022},
  url          = {https://doi.org/10.18653/v1/2022.acl-long.203},
  doi          = {10.18653/V1/2022.ACL-LONG.203},
  timestamp    = {Mon, 01 Aug 2022 16:27:50 +0200},
  biburl       = {https://dblp.org/rec/conf/acl/GaoC22.bib},
  bibsource    = {dblp computer science bibliography, https://dblp.org}
}


@article{Contriever,
  author       = {Gautier Izacard and
                  Mathilde Caron and
                  Lucas Hosseini and
                  Sebastian Riedel and
                  Piotr Bojanowski and
                  Armand Joulin and
                  Edouard Grave},
  title        = {Unsupervised Dense Information Retrieval with Contrastive Learning},
  journal      = {Trans. Mach. Learn. Res.},
  volume       = {2022},
  year         = {2022},
  url          = {https://openreview.net/forum?id=jKN1pXi7b0},
  timestamp    = {Fri, 19 May 2023 11:20:42 +0200},
  biburl       = {https://dblp.org/rec/journals/tmlr/IzacardCHRBJG22.bib},
  bibsource    = {dblp computer science bibliography, https://dblp.org}
}


@inproceedings{RetroMAE,
  author       = {Shitao Xiao and
                  Zheng Liu and
                  Yingxia Shao and
                  Zhao Cao},
  editor       = {Yoav Goldberg and
                  Zornitsa Kozareva and
                  Yue Zhang},
  title        = {RetroMAE: Pre-Training Retrieval-oriented Language Models Via Masked
                  Auto-Encoder},
  booktitle    = {Proceedings of the 2022 Conference on Empirical Methods in Natural
                  Language Processing, {EMNLP} 2022, Abu Dhabi, United Arab Emirates,
                  December 7-11, 2022},
  pages        = {538--548},
  publisher    = {Association for Computational Linguistics},
  year         = {2022},
  url          = {https://doi.org/10.18653/v1/2022.emnlp-main.35},
  doi          = {10.18653/V1/2022.EMNLP-MAIN.35},
  timestamp    = {Mon, 24 Jun 2024 20:34:52 +0200},
  biburl       = {https://dblp.org/rec/conf/emnlp/XiaoLSC22.bib},
  bibsource    = {dblp computer science bibliography, https://dblp.org}
}


@inproceedings{TAS-B,
  author       = {Sebastian Hofst{\"{a}}tter and
                  Sheng{-}Chieh Lin and
                  Jheng{-}Hong Yang and
                  Jimmy Lin and
                  Allan Hanbury},
  editor       = {Fernando Diaz and
                  Chirag Shah and
                  Torsten Suel and
                  Pablo Castells and
                  Rosie Jones and
                  Tetsuya Sakai},
  title        = {Efficiently Teaching an Effective Dense Retriever with Balanced Topic
                  Aware Sampling},
  booktitle    = {{SIGIR} '21: The 44th International {ACM} {SIGIR} Conference on Research
                  and Development in Information Retrieval, Virtual Event, Canada, July
                  11-15, 2021},
  pages        = {113--122},
  publisher    = {{ACM}},
  year         = {2021},
  url          = {https://doi.org/10.1145/3404835.3462891},
  doi          = {10.1145/3404835.3462891},
  timestamp    = {Wed, 15 Jan 2025 15:02:29 +0100},
  biburl       = {https://dblp.org/rec/conf/sigir/HofstatterLYLH21.bib},
  bibsource    = {dblp computer science bibliography, https://dblp.org}
}


@inproceedings{CL-DRD,
  author       = {Hansi Zeng and
                  Hamed Zamani and
                  Vishwa Vinay},
  editor       = {Enrique Amig{\'{o}} and
                  Pablo Castells and
                  Julio Gonzalo and
                  Ben Carterette and
                  J. Shane Culpepper and
                  Gabriella Kazai},
  title        = {Curriculum Learning for Dense Retrieval Distillation},
  booktitle    = {{SIGIR} '22: The 45th International {ACM} {SIGIR} Conference on Research
                  and Development in Information Retrieval, Madrid, Spain, July 11 -
                  15, 2022},
  pages        = {1979--1983},
  publisher    = {{ACM}},
  year         = {2022},
  url          = {https://doi.org/10.1145/3477495.3531791},
  doi          = {10.1145/3477495.3531791},
  timestamp    = {Sat, 09 Jul 2022 09:25:34 +0200},
  biburl       = {https://dblp.org/rec/conf/sigir/ZengZV22.bib},
  bibsource    = {dblp computer science bibliography, https://dblp.org}
}


@inproceedings{TREC-DL-21,
  author       = {Nick Craswell and
                  Bhaskar Mitra and
                  Emine Yilmaz and
                  Daniel Campos and
                  Jimmy Lin},
  editor       = {Ian Soboroff and
                  Angela Ellis},
  title        = {Overview of the {TREC} 2021 Deep Learning Track},
  booktitle    = {Proceedings of the Thirtieth Text REtrieval Conference, {TREC} 2021,
                  online, November 15-19, 2021},
  series       = {{NIST} Special Publication},
  volume       = {500-335},
  publisher    = {National Institute of Standards and Technology {(NIST)}},
  year         = {2021},
  url          = {https://trec.nist.gov/pubs/trec30/papers/Overview-DL.pdf},
  timestamp    = {Mon, 28 Aug 2023 17:23:07 +0200},
  biburl       = {https://dblp.org/rec/conf/trec/Craswell0YCL21.bib},
  bibsource    = {dblp computer science bibliography, https://dblp.org}
}


@inproceedings{TREC-DL-22,
  author       = {Nick Craswell and
                  Bhaskar Mitra and
                  Emine Yilmaz and
                  Daniel Campos and
                  Jimmy Lin and
                  Ellen M. Voorhees and
                  Ian Soboroff},
  editor       = {Ian Soboroff and
                  Angela Ellis},
  title        = {Overview of the {TREC} 2022 Deep Learning Track},
  booktitle    = {Proceedings of the Thirty-First Text REtrieval Conference, {TREC}
                  2022, online, November 15-19, 2022},
  series       = {{NIST} Special Publication},
  volume       = {500-338},
  publisher    = {National Institute of Standards and Technology {(NIST)}},
  year         = {2022},
  url          = {https://trec.nist.gov/pubs/trec31/papers/Overview\_deep.pdf},
  timestamp    = {Tue, 29 Aug 2023 17:20:28 +0200},
  biburl       = {https://dblp.org/rec/conf/trec/Craswell0YCLVS22.bib},
  bibsource    = {dblp computer science bibliography, https://dblp.org}
}


@article{Doc2Query,
  author       = {Rodrigo Frassetto Nogueira and
                  Wei Yang and
                  Jimmy Lin and
                  Kyunghyun Cho},
  title        = {Document Expansion by Query Prediction},
  journal      = {CoRR},
  volume       = {abs/1904.08375},
  year         = {2019},
  url          = {http://arxiv.org/abs/1904.08375},
  eprinttype    = {arXiv},
  eprint       = {1904.08375},
  timestamp    = {Fri, 20 May 2022 15:34:53 +0200},
  biburl       = {https://dblp.org/rec/journals/corr/abs-1904-08375.bib},
  bibsource    = {dblp computer science bibliography, https://dblp.org}
}


@inproceedings{KNRM,
  author       = {Chenyan Xiong and
                  Zhuyun Dai and
                  Jamie Callan and
                  Zhiyuan Liu and
                  Russell Power},
  editor       = {Noriko Kando and
                  Tetsuya Sakai and
                  Hideo Joho and
                  Hang Li and
                  Arjen P. de Vries and
                  Ryen W. White},
  title        = {End-to-End Neural Ad-hoc Ranking with Kernel Pooling},
  booktitle    = {Proceedings of the 40th International {ACM} {SIGIR} Conference on
                  Research and Development in Information Retrieval, Shinjuku, Tokyo,
                  Japan, August 7-11, 2017},
  pages        = {55--64},
  publisher    = {{ACM}},
  year         = {2017},
  url          = {https://doi.org/10.1145/3077136.3080809},
  doi          = {10.1145/3077136.3080809},
  timestamp    = {Tue, 06 Nov 2018 11:07:25 +0100},
  biburl       = {https://dblp.org/rec/conf/sigir/XiongDCLP17.bib},
  bibsource    = {dblp computer science bibliography, https://dblp.org}
}


@inproceedings{Duetv1,
  author       = {Bhaskar Mitra and
                  Fernando Diaz and
                  Nick Craswell},
  editor       = {Rick Barrett and
                  Rick Cummings and
                  Eugene Agichtein and
                  Evgeniy Gabrilovich},
  title        = {Learning to Match using Local and Distributed Representations of Text
                  for Web Search},
  booktitle    = {Proceedings of the 26th International Conference on World Wide Web,
                  {WWW} 2017, Perth, Australia, April 3-7, 2017},
  pages        = {1291--1299},
  publisher    = {{ACM}},
  year         = {2017},
  url          = {https://doi.org/10.1145/3038912.3052579},
  doi          = {10.1145/3038912.3052579},
  timestamp    = {Wed, 27 Apr 2022 14:24:37 +0200},
  biburl       = {https://dblp.org/rec/conf/www/Mitra0C17.bib},
  bibsource    = {dblp computer science bibliography, https://dblp.org}
}


@article{DuetV2,
  author       = {Bhaskar Mitra and
                  Nick Craswell},
  title        = {An Updated Duet Model for Passage Re-ranking},
  journal      = {CoRR},
  volume       = {abs/1903.07666},
  year         = {2019},
  url          = {http://arxiv.org/abs/1903.07666},
  eprinttype    = {arXiv},
  eprint       = {1903.07666},
  timestamp    = {Wed, 27 Apr 2022 14:24:37 +0200},
  biburl       = {https://dblp.org/rec/journals/corr/abs-1903-07666.bib},
  bibsource    = {dblp computer science bibliography, https://dblp.org}
}


@inproceedings{MatchPyramid,
  author       = {Liang Pang and
                  Yanyan Lan and
                  Jiafeng Guo and
                  Jun Xu and
                  Shengxian Wan and
                  Xueqi Cheng},
  editor       = {Dale Schuurmans and
                  Michael P. Wellman},
  title        = {Text Matching as Image Recognition},
  booktitle    = {Proceedings of the Thirtieth {AAAI} Conference on Artificial Intelligence,
                  February 12-17, 2016, Phoenix, Arizona, {USA}},
  pages        = {2793--2799},
  publisher    = {{AAAI} Press},
  year         = {2016},
  url          = {https://doi.org/10.1609/aaai.v30i1.10341},
  doi          = {10.1609/AAAI.V30I1.10341},
  timestamp    = {Sat, 30 Sep 2023 09:33:12 +0200},
  biburl       = {https://dblp.org/rec/conf/aaai/PangLGXWC16.bib},
  bibsource    = {dblp computer science bibliography, https://dblp.org}
}


@article{LITE,
  author       = {Ziwei Ji and
                  Himanshu Jain and
                  Andreas Veit and
                  Sashank J. Reddi and
                  Sadeep Jayasumana and
                  Ankit Singh Rawat and
                  Aditya Krishna Menon and
                  Felix Yu and
                  Sanjiv Kumar},
  title        = {Efficient Document Ranking with Learnable Late Interactions},
  journal      = {CoRR},
  volume       = {abs/2406.17968},
  year         = {2024},
  url          = {https://doi.org/10.48550/arXiv.2406.17968},
  doi          = {10.48550/ARXIV.2406.17968},
  eprinttype    = {arXiv},
  eprint       = {2406.17968},
  timestamp    = {Mon, 22 Jul 2024 14:28:30 +0200},
  biburl       = {https://dblp.org/rec/journals/corr/abs-2406-17968.bib},
  bibsource    = {dblp computer science bibliography, https://dblp.org}
}


@inproceedings{RankNet,
  author       = {Christopher J. C. Burges and
                  Tal Shaked and
                  Erin Renshaw and
                  Ari Lazier and
                  Matt Deeds and
                  Nicole Hamilton and
                  Gregory N. Hullender},
  editor       = {Luc De Raedt and
                  Stefan Wrobel},
  title        = {Learning to rank using gradient descent},
  booktitle    = {Machine Learning, Proceedings of the Twenty-Second International Conference
                  {(ICML} 2005), Bonn, Germany, August 7-11, 2005},
  series       = {{ACM} International Conference Proceeding Series},
  volume       = {119},
  pages        = {89--96},
  publisher    = {{ACM}},
  year         = {2005},
  url          = {https://doi.org/10.1145/1102351.1102363},
  doi          = {10.1145/1102351.1102363},
  timestamp    = {Wed, 28 Nov 2018 12:57:16 +0100},
  biburl       = {https://dblp.org/rec/conf/icml/BurgesSRLDHH05.bib},
  bibsource    = {dblp computer science bibliography, https://dblp.org}
}


@article{LearningToRankNonSmooth,
  title={Learning to rank with nonsmooth cost functions},
  author={Burges, Christopher and Ragno, Robert and Le, Quoc},
  journal={Advances in neural information processing systems},
  volume={19},
  year={2006}
}


@inproceedings{DRMM,
  author       = {Zhou Yang and
                  Qingfeng Lan and
                  Jiafeng Guo and
                  Yixing Fan and
                  Xiaofei Zhu and
                  Yanyan Lan and
                  Yue Wang and
                  Xueqi Cheng},
  editor       = {Shichao Zhang and
                  Tie{-}Yan Liu and
                  Xianxian Li and
                  Jiafeng Guo and
                  Chenliang Li},
  title        = {A Deep Top-K Relevance Matching Model for Ad-hoc Retrieval},
  booktitle    = {Information Retrieval - 24th China Conference, {CCIR} 2018, Guilin,
                  China, September 27-29, 2018, Proceedings},
  series       = {Lecture Notes in Computer Science},
  volume       = {11168},
  pages        = {16--27},
  publisher    = {Springer},
  year         = {2018},
  url          = {https://doi.org/10.1007/978-3-030-01012-6\_2},
  doi          = {10.1007/978-3-030-01012-6\_2},
  timestamp    = {Fri, 05 Apr 2024 12:23:10 +0200},
  biburl       = {https://dblp.org/rec/conf/ccir/YangLGFZLWC18.bib},
  bibsource    = {dblp computer science bibliography, https://dblp.org}
}


@inproceedings{PreTTR,
  author       = {Sean MacAvaney and
                  Franco Maria Nardini and
                  Raffaele Perego and
                  Nicola Tonellotto and
                  Nazli Goharian and
                  Ophir Frieder},
  editor       = {Jimmy X. Huang and
                  Yi Chang and
                  Xueqi Cheng and
                  Jaap Kamps and
                  Vanessa Murdock and
                  Ji{-}Rong Wen and
                  Yiqun Liu},
  title        = {Efficient Document Re-Ranking for Transformers by Precomputing Term
                  Representations},
  booktitle    = {Proceedings of the 43rd International {ACM} {SIGIR} conference on
                  research and development in Information Retrieval, {SIGIR} 2020, Virtual
                  Event, China, July 25-30, 2020},
  pages        = {49--58},
  publisher    = {{ACM}},
  year         = {2020},
  url          = {https://doi.org/10.1145/3397271.3401093},
  doi          = {10.1145/3397271.3401093},
  timestamp    = {Sun, 19 Jan 2025 13:11:10 +0100},
  biburl       = {https://dblp.org/rec/conf/sigir/MacAvaneyN0TGF20.bib},
  bibsource    = {dblp computer science bibliography, https://dblp.org}
}


@inproceedings{NeuralFactorizationMachines,
  author       = {Xiangnan He and
                  Tat{-}Seng Chua},
  editor       = {Noriko Kando and
                  Tetsuya Sakai and
                  Hideo Joho and
                  Hang Li and
                  Arjen P. de Vries and
                  Ryen W. White},
  title        = {Neural Factorization Machines for Sparse Predictive Analytics},
  booktitle    = {Proceedings of the 40th International {ACM} {SIGIR} Conference on
                  Research and Development in Information Retrieval, Shinjuku, Tokyo,
                  Japan, August 7-11, 2017},
  pages        = {355--364},
  publisher    = {{ACM}},
  year         = {2017},
  url          = {https://doi.org/10.1145/3077136.3080777},
  doi          = {10.1145/3077136.3080777},
  timestamp    = {Tue, 06 Nov 2018 11:07:25 +0100},
  biburl       = {https://dblp.org/rec/conf/sigir/0001C17.bib},
  bibsource    = {dblp computer science bibliography, https://dblp.org}
}


@inproceedings{DeepNeuralNetworkRecommendationYoutube,
  author       = {Paul Covington and
                  Jay Adams and
                  Emre Sargin},
  editor       = {Shilad Sen and
                  Werner Geyer and
                  Jill Freyne and
                  Pablo Castells},
  title        = {Deep Neural Networks for YouTube Recommendations},
  booktitle    = {Proceedings of the 10th {ACM} Conference on Recommender Systems, Boston,
                  MA, USA, September 15-19, 2016},
  pages        = {191--198},
  publisher    = {{ACM}},
  year         = {2016},
  url          = {https://doi.org/10.1145/2959100.2959190},
  doi          = {10.1145/2959100.2959190},
  timestamp    = {Wed, 14 Nov 2018 10:59:52 +0100},
  biburl       = {https://dblp.org/rec/conf/recsys/CovingtonAS16.bib},
  bibsource    = {dblp computer science bibliography, https://dblp.org}
}


@article{FastNeuralRankingOnBipartiteGraphIndices,
  author       = {Shulong Tan and
                  Weijie Zhao and
                  Ping Li},
  title        = {Fast Neural Ranking on Bipartite Graph Indices},
  journal      = {Proc. {VLDB} Endow.},
  volume       = {15},
  number       = {4},
  pages        = {794--803},
  year         = {2021},
  url          = {https://www.vldb.org/pvldb/vol15/p794-tan.pdf},
  doi          = {10.14778/3503585.3503589},
  timestamp    = {Sun, 19 Jan 2025 13:44:44 +0100},
  biburl       = {https://dblp.org/rec/journals/pvldb/TanZL21.bib},
  bibsource    = {dblp computer science bibliography, https://dblp.org}
}


@inproceedings{GradientPruningTowardFastNeuralRanking,
  author       = {Weijie Zhao and
                  Shulong Tan and
                  Ping Li},
  editor       = {Grace Hui Yang and
                  Hongning Wang and
                  Sam Han and
                  Claudia Hauff and
                  Guido Zuccon and
                  Yi Zhang},
  title        = {{GUITAR:} Gradient Pruning toward Fast Neural Ranking},
  booktitle    = {Proceedings of the 47th International {ACM} {SIGIR} Conference on
                  Research and Development in Information Retrieval, {SIGIR} 2024, Washington
                  DC, USA, July 14-18, 2024},
  pages        = {163--173},
  publisher    = {{ACM}},
  year         = {2024},
  url          = {https://doi.org/10.1145/3626772.3657728},
  doi          = {10.1145/3626772.3657728},
  timestamp    = {Sun, 19 Jan 2025 13:11:15 +0100},
  biburl       = {https://dblp.org/rec/conf/sigir/0001TL24.bib},
  bibsource    = {dblp computer science bibliography, https://dblp.org}
}


@inproceedings{HyperNetworks,
  author       = {David Ha and
                  Andrew M. Dai and
                  Quoc V. Le},
  title        = {HyperNetworks},
  booktitle    = {5th International Conference on Learning Representations, {ICLR} 2017,
                  Toulon, France, April 24-26, 2017, Conference Track Proceedings},
  publisher    = {OpenReview.net},
  year         = {2017},
  url          = {https://openreview.net/forum?id=rkpACe1lx},
  timestamp    = {Thu, 25 Jul 2019 14:26:04 +0200},
  biburl       = {https://dblp.org/rec/conf/iclr/HaDL17.bib},
  bibsource    = {dblp computer science bibliography, https://dblp.org}
}


@inproceedings{MetaLearningWithLatentEmbeddingOptimization,
  author       = {Andrei A. Rusu and
                  Dushyant Rao and
                  Jakub Sygnowski and
                  Oriol Vinyals and
                  Razvan Pascanu and
                  Simon Osindero and
                  Raia Hadsell},
  title        = {Meta-Learning with Latent Embedding Optimization},
  booktitle    = {7th International Conference on Learning Representations, {ICLR} 2019,
                  New Orleans, LA, USA, May 6-9, 2019},
  publisher    = {OpenReview.net},
  year         = {2019},
  url          = {https://openreview.net/forum?id=BJgklhAcK7},
  timestamp    = {Thu, 25 Jul 2019 14:25:55 +0200},
  biburl       = {https://dblp.org/rec/conf/iclr/RusuRSVPOH19.bib},
  bibsource    = {dblp computer science bibliography, https://dblp.org}
}


@inproceedings{ContinualLearningWithHypernetworks,
  author       = {Johannes von Oswald and
                  Christian Henning and
                  Jo{\~{a}}o Sacramento and
                  Benjamin F. Grewe},
  title        = {Continual learning with hypernetworks},
  booktitle    = {8th International Conference on Learning Representations, {ICLR} 2020,
                  Addis Ababa, Ethiopia, April 26-30, 2020},
  publisher    = {OpenReview.net},
  year         = {2020},
  url          = {https://openreview.net/forum?id=SJgwNerKvB},
  timestamp    = {Thu, 07 May 2020 17:11:48 +0200},
  biburl       = {https://dblp.org/rec/conf/iclr/OswaldHSG20.bib},
  bibsource    = {dblp computer science bibliography, https://dblp.org}
}


@inproceedings{HyperShot,
  author       = {Marcin Sendera and
                  Marcin Przewiezlikowski and
                  Konrad Karanowski and
                  Maciej Zieba and
                  Jacek Tabor and
                  Przemyslaw Spurek},
  title        = {HyperShot: Few-Shot Learning by Kernel HyperNetworks},
  booktitle    = {{IEEE/CVF} Winter Conference on Applications of Computer Vision, {WACV}
                  2023, Waikoloa, HI, USA, January 2-7, 2023},
  pages        = {2468--2477},
  publisher    = {{IEEE}},
  year         = {2023},
  url          = {https://doi.org/10.1109/WACV56688.2023.00250},
  doi          = {10.1109/WACV56688.2023.00250},
  timestamp    = {Tue, 14 Feb 2023 22:26:55 +0100},
  biburl       = {https://dblp.org/rec/conf/wacv/SenderaPKZTS23.bib},
  bibsource    = {dblp computer science bibliography, https://dblp.org}
}


@inproceedings{GraphHyperNetworksNeuralArchitectureSearch,
  author       = {Chris Zhang and
                  Mengye Ren and
                  Raquel Urtasun},
  title        = {Graph HyperNetworks for Neural Architecture Search},
  booktitle    = {7th International Conference on Learning Representations, {ICLR} 2019,
                  New Orleans, LA, USA, May 6-9, 2019},
  publisher    = {OpenReview.net},
  year         = {2019},
  url          = {https://openreview.net/forum?id=rkgW0oA9FX},
  timestamp    = {Thu, 29 Feb 2024 07:25:30 +0100},
  biburl       = {https://dblp.org/rec/conf/iclr/ZhangRU19.bib},
  bibsource    = {dblp computer science bibliography, https://dblp.org}
}


@inproceedings{SimLM,
    title = "{S}im{LM}: Pre-training with Representation Bottleneck for Dense Passage Retrieval",
    author = "Wang, Liang  and
      Yang, Nan  and
      Huang, Xiaolong  and
      Jiao, Binxing  and
      Yang, Linjun  and
      Jiang, Daxin  and
      Majumder, Rangan  and
      Wei, Furu",
    editor = "Rogers, Anna  and
      Boyd-Graber, Jordan  and
      Okazaki, Naoaki",
    booktitle = "Proceedings of the 61st Annual Meeting of the Association for Computational Linguistics (Volume 1: Long Papers)",
    month = jul,
    year = "2023",
    address = "Toronto, Canada",
    publisher = "Association for Computational Linguistics",
    url = "https://aclanthology.org/2023.acl-long.125/",
    doi = "10.18653/v1/2023.acl-long.125",
    pages = "2244--2258",
}


@inproceedings{SPLADE++,
  author       = {Thibault Formal and
                  Carlos Lassance and
                  Benjamin Piwowarski and
                  St{\'{e}}phane Clinchant},
  editor       = {Enrique Amig{\'{o}} and
                  Pablo Castells and
                  Julio Gonzalo and
                  Ben Carterette and
                  J. Shane Culpepper and
                  Gabriella Kazai},
  title        = {From Distillation to Hard Negative Sampling: Making Sparse Neural
                  {IR} Models More Effective},
  booktitle    = {{SIGIR} '22: The 45th International {ACM} {SIGIR} Conference on Research
                  and Development in Information Retrieval, Madrid, Spain, July 11 -
                  15, 2022},
  pages        = {2353--2359},
  publisher    = {{ACM}},
  year         = {2022},
  url          = {https://doi.org/10.1145/3477495.3531857},
  doi          = {10.1145/3477495.3531857},
  timestamp    = {Sat, 09 Jul 2022 09:25:34 +0200},
  biburl       = {https://dblp.org/rec/conf/sigir/FormalLPC22.bib},
  bibsource    = {dblp computer science bibliography, https://dblp.org}
}


@article{MonoBERT,
  author       = {Rodrigo Frassetto Nogueira and
                  Wei Yang and
                  Kyunghyun Cho and
                  Jimmy Lin},
  title        = {Multi-Stage Document Ranking with {BERT}},
  journal      = {CoRR},
  volume       = {abs/1910.14424},
  year         = {2019},
  url          = {http://arxiv.org/abs/1910.14424},
  eprinttype    = {arXiv},
  eprint       = {1910.14424},
  timestamp    = {Fri, 20 May 2022 15:34:53 +0200},
  biburl       = {https://dblp.org/rec/journals/corr/abs-1910-14424.bib},
  bibsource    = {dblp computer science bibliography, https://dblp.org}
}


@inproceedings{RepLlama,
  author       = {Xueguang Ma and
                  Liang Wang and
                  Nan Yang and
                  Furu Wei and
                  Jimmy Lin},
  editor       = {Grace Hui Yang and
                  Hongning Wang and
                  Sam Han and
                  Claudia Hauff and
                  Guido Zuccon and
                  Yi Zhang},
  title        = {Fine-Tuning LLaMA for Multi-Stage Text Retrieval},
  booktitle    = {Proceedings of the 47th International {ACM} {SIGIR} Conference on
                  Research and Development in Information Retrieval, {SIGIR} 2024, Washington
                  DC, USA, July 14-18, 2024},
  pages        = {2421--2425},
  publisher    = {{ACM}},
  year         = {2024},
  url          = {https://doi.org/10.1145/3626772.3657951},
  doi          = {10.1145/3626772.3657951},
  timestamp    = {Sun, 19 Jan 2025 13:11:15 +0100},
  biburl       = {https://dblp.org/rec/conf/sigir/MaWYWL24.bib},
  bibsource    = {dblp computer science bibliography, https://dblp.org}
}


@inproceedings{citadel,
  title={CITADEL: Conditional Token Interaction via Dynamic Lexical Routing for Efficient and Effective Multi-Vector Retrieval},
  author={Minghan Li and Sheng-Chieh Lin and Barlas OÄŸuz and Asish Ghoshal and Jimmy J. Lin and Yashar Mehdad and Wen-tau Yih and Xilun Chen},
  booktitle={Annual Meeting of the Association for Computational Linguistics},
  year={2022},
  url={https://api.semanticscholar.org/CorpusID:253708231}
}


@inproceedings{coil,
  title={COIL: Revisit Exact Lexical Match in Information Retrieval with Contextualized Inverted List},
  author={Luyu Gao and Zhuyun Dai and Jamie Callan},
  booktitle={North American Chapter of the Association for Computational Linguistics},
  year={2021},
  url={https://api.semanticscholar.org/CorpusID:233241070}
}


@article{colberter,
  title={colberter},
  author={Sebastian Hofst{\"a}tter and O. Khattab and Sophia Althammer and Mete Sertkan and Allan Hanbury},
  journal={Proceedings of the 31st ACM International Conference on Information \& Knowledge Management},
  year={2022},
  url={https://api.semanticscholar.org/CorpusID:247628023}
}


@article{adore,
  title={Optimizing Dense Retrieval Model Training with Hard Negatives},
  author={Jingtao Zhan and Jiaxin Mao and Yiqun Liu and Jiafeng Guo and M. Zhang and Shaoping Ma},
  journal={Proceedings of the 44th International ACM SIGIR Conference on Research and Development in Information Retrieval},
  year={2021},
  url={https://api.semanticscholar.org/CorpusID:233289894}
}


@article{b-prop,
  title={B-PROP: Bootstrapped Pre-training with Representative Words Prediction for Ad-hoc Retrieval},
  author={Xinyu Ma and Jiafeng Guo and Ruqing Zhang and Yixing Fan and Yingyan Li and Xueqi Cheng},
  journal={Proceedings of the 44th International ACM SIGIR Conference on Research and Development in Information Retrieval},
  year={2021},
  url={https://api.semanticscholar.org/CorpusID:233307194}
}


@inproceedings{prod,
author = {Lin, Zhenghao and Gong, Yeyun and Liu, Xiao and Zhang, Hang and Lin, Chen and Dong, Anlei and Jiao, Jian and Lu, Jingwen and Jiang, Daxin and Majumder, Rangan and Duan, Nan},
title = {PROD: Progressive Distillation for Dense Retrieval},
year = {2023},
isbn = {9781450394161},
publisher = {Association for Computing Machinery},
address = {New York, NY, USA},
url = {https://doi.org/10.1145/3543507.3583421},
doi = {10.1145/3543507.3583421},
booktitle = {Proceedings of the ACM Web Conference 2023},
pages = {3299â€“3308},
numpages = {10},
keywords = {Dense Retrieval, Knowledge Distillation, Neural Ranking Models},
location = {Austin, TX, USA},
series = {WWW '23}
}


@inproceedings{colbert_v2,
    title = "{C}ol{BERT}v2: Effective and Efficient Retrieval via Lightweight Late Interaction",
    author = "Santhanam, Keshav  and
      Khattab, Omar  and
      Saad-Falcon, Jon  and
      Potts, Christopher  and
      Zaharia, Matei",
    editor = "Carpuat, Marine  and
      de Marneffe, Marie-Catherine  and
      Meza Ruiz, Ivan Vladimir",
    booktitle = "Proceedings of the 2022 Conference of the North American Chapter of the Association for Computational Linguistics: Human Language Technologies",
    month = jul,
    year = "2022",
    address = "Seattle, United States",
    publisher = "Association for Computational Linguistics",
    url = "https://aclanthology.org/2022.naacl-main.272/",
    doi = "10.18653/v1/2022.naacl-main.272",
    pages = "3715--3734",
}

@article{TREC-Covid,
  author       = {Kirk Roberts and
                  Tasmeer Alam and
                  Steven Bedrick and
                  Dina Demner{-}Fushman and
                  Kyle Lo and
                  Ian Soboroff and
                  Ellen M. Voorhees and
                  Lucy Lu Wang and
                  William R. Hersh},
  title        = {Searching for scientific evidence in a pandemic: An overview of {TREC-COVID}},
  journal      = {J. Biomed. Informatics},
  volume       = {121},
  pages        = {103865},
  year         = {2021},
  url          = {https://doi.org/10.1016/j.jbi.2021.103865},
  doi          = {10.1016/J.JBI.2021.103865},
  timestamp    = {Mon, 26 Jun 2023 20:53:25 +0200},
  biburl       = {https://dblp.org/rec/journals/jbi/RobertsABDLSVWH21.bib},
  bibsource    = {dblp computer science bibliography, https://dblp.org}
}


@inproceedings{NFCorpus,
  author       = {Vera Boteva and
                  Demian Gholipour Ghalandari and
                  Artem Sokolov and
                  Stefan Riezler},
  editor       = {Nicola Ferro and
                  Fabio Crestani and
                  Marie{-}Francine Moens and
                  Josiane Mothe and
                  Fabrizio Silvestri and
                  Giorgio Maria Di Nunzio and
                  Claudia Hauff and
                  Gianmaria Silvello},
  title        = {A Full-Text Learning to Rank Dataset for Medical Information Retrieval},
  booktitle    = {Advances in Information Retrieval - 38th European Conference on {IR}
                  Research, {ECIR} 2016, Padua, Italy, March 20-23, 2016. Proceedings},
  series       = {Lecture Notes in Computer Science},
  volume       = {9626},
  pages        = {716--722},
  publisher    = {Springer},
  year         = {2016},
  url          = {https://doi.org/10.1007/978-3-319-30671-1\_58},
  doi          = {10.1007/978-3-319-30671-1\_58},
  timestamp    = {Sun, 25 Oct 2020 22:33:09 +0100},
  biburl       = {https://dblp.org/rec/conf/ecir/BotevaGSR16.bib},
  bibsource    = {dblp computer science bibliography, https://dblp.org}
}

@inproceedings{FiQA,
  author       = {Macedo Maia and
                  Siegfried Handschuh and
                  Andr{\'{e}} Freitas and
                  Brian Davis and
                  Ross McDermott and
                  Manel Zarrouk and
                  Alexandra Balahur},
  editor       = {Pierre{-}Antoine Champin and
                  Fabien Gandon and
                  Mounia Lalmas and
                  Panagiotis G. Ipeirotis},
  title        = {WWW'18 Open Challenge: Financial Opinion Mining and Question Answering},
  booktitle    = {Companion of the The Web Conference 2018 on The Web Conference 2018,
                  {WWW} 2018, Lyon , France, April 23-27, 2018},
  pages        = {1941--1942},
  publisher    = {{ACM}},
  year         = {2018},
  url          = {https://doi.org/10.1145/3184558.3192301},
  doi          = {10.1145/3184558.3192301},
  timestamp    = {Thu, 25 Apr 2024 15:20:39 +0200},
  biburl       = {https://dblp.org/rec/conf/www/MaiaHFDMZB18.bib},
  bibsource    = {dblp computer science bibliography, https://dblp.org}
}


@inproceedings{DBpedia,
  author       = {Faegheh Hasibi and
                  Fedor Nikolaev and
                  Chenyan Xiong and
                  Krisztian Balog and
                  Svein Erik Bratsberg and
                  Alexander Kotov and
                  Jamie Callan},
  editor       = {Noriko Kando and
                  Tetsuya Sakai and
                  Hideo Joho and
                  Hang Li and
                  Arjen P. de Vries and
                  Ryen W. White},
  title        = {DBpedia-Entity v2: {A} Test Collection for Entity Search},
  booktitle    = {Proceedings of the 40th International {ACM} {SIGIR} Conference on
                  Research and Development in Information Retrieval, Shinjuku, Tokyo,
                  Japan, August 7-11, 2017},
  pages        = {1265--1268},
  publisher    = {{ACM}},
  year         = {2017},
  url          = {https://doi.org/10.1145/3077136.3080751},
  doi          = {10.1145/3077136.3080751},
  timestamp    = {Fri, 12 Jan 2024 21:09:31 +0100},
  biburl       = {https://dblp.org/rec/conf/sigir/HasibiNXBBKC17.bib},
  bibsource    = {dblp computer science bibliography, https://dblp.org}
}


@inproceedings{Touche,
  author       = {Alexander Bondarenko and
                  Maik Fr{\"{o}}be and
                  Meriem Beloucif and
                  Lukas Gienapp and
                  Yamen Ajjour and
                  Alexander Panchenko and
                  Chris Biemann and
                  Benno Stein and
                  Henning Wachsmuth and
                  Martin Potthast and
                  Matthias Hagen},
  editor       = {Linda Cappellato and
                  Carsten Eickhoff and
                  Nicola Ferro and
                  Aur{\'{e}}lie N{\'{e}}v{\'{e}}ol},
  title        = {Overview of Touch{\'{e}} 2020: Argument Retrieval},
  booktitle    = {Working Notes of {CLEF} 2020 - Conference and Labs of the Evaluation
                  Forum, Thessaloniki, Greece, September 22-25, 2020},
  series       = {{CEUR} Workshop Proceedings},
  volume       = {2696},
  publisher    = {CEUR-WS.org},
  year         = {2020},
  url          = {https://ceur-ws.org/Vol-2696/paper\_261.pdf},
  timestamp    = {Fri, 10 Mar 2023 16:23:37 +0100},
  biburl       = {https://dblp.org/rec/conf/clef/BondarenkoFBGAP20a.bib},
  bibsource    = {dblp computer science bibliography, https://dblp.org}
}