@article{PETUKHOVA2025100,
title = {Text clustering with large language model embeddings},
journal = {International Journal of Cognitive Computing in Engineering},
volume = {6},
pages = {100-108},
year = {2025},
issn = {2666-3074},
doi = {https://doi.org/10.1016/j.ijcce.2024.11.004},
url = {https://www.sciencedirect.com/science/article/pii/S2666307424000482},
author = {Alina Petukhova and João P. Matos-Carvalho and Nuno Fachada},
keywords = {Text clustering, Large language models, Text summarisation},
}

@article{blashfield1978literature,
  title={The literature on cluster analysis},
  author={Blashfield, Roger K and Aldenderfer, Mark S},
  journal={Multivariate behavioral research},
  volume={13},
  number={3},
  pages={271--295},
  year={1978},
  publisher={Taylor \& Francis}
}

@article{blei2003latent,
  title={Latent dirichlet allocation},
  author={Blei, David M and Ng, Andrew Y and Jordan, Michael I},
  journal={Journal of machine Learning research},
  volume={3},
  number={Jan},
  pages={993--1022},
  year={2003}
}

@article{de2023idas,
  title={IDAS: Intent discovery with abstractive summarization},
  author={De Raedt, Maarten and Godin, Fr{\'e}deric and Demeester, Thomas and Develder, Chris},
  journal={arXiv preprint arXiv:2305.19783},
  year={2023}
}

@article{dempster1977maximum,
  title={Maximum likelihood from incomplete data via the EM algorithm},
  author={Dempster, Arthur P and Laird, Nan M and Rubin, Donald B},
  journal={Journal of the royal statistical society: series B (methodological)},
  volume={39},
  number={1},
  pages={1--22},
  year={1977},
  publisher={Wiley Online Library}
}

@inproceedings{ester1996density,
  title={A density-based algorithm for discovering clusters in large spatial databases with noise},
  author={Ester, Martin and Kriegel, Hans-Peter and Sander, J{\"o}rg and Xu, Xiaowei and others},
  booktitle={kdd},
  volume={96},
  number={34},
  pages={226--231},
  year={1996}
}

@inproceedings{feng2024llmedgerefine,
  title={LLMEdgeRefine: Enhancing Text Clustering with LLM-Based Boundary Point Refinement},
  author={Feng, Zijin and Lin, Luyang and Wang, Lingzhi and Cheng, Hong and Wong, Kam-Fai},
  booktitle={Proceedings of the 2024 Conference on Empirical Methods in Natural Language Processing},
  pages={18455--18462},
  year={2024}
}

@article{hofmann2001unsupervised,
  title={Unsupervised learning by probabilistic latent semantic analysis},
  author={Hofmann, Thomas},
  journal={Machine learning},
  volume={42},
  pages={177--196},
  year={2001},
  publisher={Springer}
}

@inproceedings{huang2014deep,
  title={Deep embedding network for clustering},
  author={Huang, Peihao and Huang, Yan and Wang, Wei and Wang, Liang},
  booktitle={2014 22nd International conference on pattern recognition},
  pages={1532--1537},
  year={2014},
  organization={IEEE}
}

@article{johnson1967hierarchical,
  title={Hierarchical clustering schemes},
  author={Johnson, Stephen C},
  journal={Psychometrika},
  volume={32},
  number={3},
  pages={241--254},
  year={1967},
  publisher={Springer}
}

@article{ng2001spectral,
  title={On spectral clustering: Analysis and an algorithm},
  author={Ng, Andrew and Jordan, Michael and Weiss, Yair},
  journal={Advances in neural information processing systems},
  volume={14},
  year={2001}
}

@article{tipirneni2024context,
  title={Context-Aware Clustering using Large Language Models},
  author={Tipirneni, Sindhu and Adkathimar, Ravinarayana and Choudhary, Nurendra and Hiranandani, Gaurush and Amjad, Rana Ali and Ioannidis, Vassilis N and Yuan, Changhe and Reddy, Chandan K},
  journal={arXiv preprint arXiv:2405.00988},
  year={2024}
}

@article{viswanathan2024large,
  title={Large language models enable few-shot clustering},
  author={Viswanathan, Vijay and Gashteovski, Kiril and Gashteovski, Kiril and Lawrence, Carolin and Wu, Tongshuang and Neubig, Graham},
  journal={Transactions of the Association for Computational Linguistics},
  volume={12},
  pages={321--333},
  year={2024},
  publisher={MIT Press One Broadway, 12th Floor, Cambridge, Massachusetts 02142, USA~…}
}

@article{wang2023goal,
  title={Goal-driven explainable clustering via language descriptions},
  author={Wang, Zihan and Shang, Jingbo and Zhong, Ruiqi},
  journal={arXiv preprint arXiv:2305.13749},
  year={2023}
}

@inproceedings{xie2016unsupervised,
  title={Unsupervised deep embedding for clustering analysis},
  author={Xie, Junyuan and Girshick, Ross and Farhadi, Ali},
  booktitle={International conference on machine learning},
  pages={478--487},
  year={2016},
  organization={PMLR}
}

@inproceedings{yang2016joint,
  title={Joint unsupervised learning of deep representations and image clusters},
  author={Yang, Jianwei and Parikh, Devi and Batra, Dhruv},
  booktitle={Proceedings of the IEEE conference on computer vision and pattern recognition},
  pages={5147--5156},
  year={2016}
}

@inproceedings{zhang-etal-2023-clusterllm,
    title = "{C}luster{LLM}: Large Language Models as a Guide for Text Clustering",
    author = "Zhang, Yuwei  and
      Wang, Zihan  and
      Shang, Jingbo",
    editor = "Bouamor, Houda  and
      Pino, Juan  and
      Bali, Kalika",
    booktitle = "Proceedings of the 2023 Conference on Empirical Methods in Natural Language Processing",
    month = dec,
    year = "2023",
    address = "Singapore",
    publisher = "Association for Computational Linguistics",
    url = "https://aclanthology.org/2023.emnlp-main.858/",
    doi = "10.18653/v1/2023.emnlp-main.858",
    pages = "13903--13920",
}

@article{zhang2021supporting,
  title={Supporting clustering with contrastive learning},
  author={Zhang, Dejiao and Nan, Feng and Wei, Xiaokai and Li, Shangwen and Zhu, Henghui and McKeown, Kathleen and Nallapati, Ramesh and Arnold, Andrew and Xiang, Bing},
  journal={arXiv preprint arXiv:2103.12953},
  year={2021}
}

@article{zhou2019end,
  title={An end-to-end neural network framework for text clustering},
  author={Zhou, Jie and Cheng, Xingyi and Zhang, Jinchao},
  journal={arXiv preprint arXiv:1903.09424},
  year={2019}
}

