@inproceedings{macqueen1967some,
  title={Some methods for classification and analysis of multivariate observations},
  author={MacQueen, J},
  booktitle={Proceedings of 5-th Berkeley Symposium on Mathematical Statistics and Probability/University of California Press},
  year={1967}
}
@inproceedings{sculley2010web,
  title={Web-scale k-means clustering},
  author={Sculley, David},
  booktitle={Proceedings of the 19th international conference on World wide web},
  pages={1177--1178},
  year={2010}
}
@article{brown2020language,
  title={Language models are few-shot learners},
  author={Brown, Tom and Mann, Benjamin and Ryder, Nick and Subbiah, Melanie and Kaplan, Jared D and Dhariwal, Prafulla and Neelakantan, Arvind and Shyam, Pranav and Sastry, Girish and Askell, Amanda and others},
  journal={Advances in neural information processing systems},
  volume={33},
  pages={1877--1901},
  year={2020}
}

@inproceedings{pennington2014glove,
  title={Glove: Global vectors for word representation},
  author={Pennington, Jeffrey and Socher, Richard and Manning, Christopher D},
  booktitle={Proceedings of the 2014 conference on empirical methods in natural language processing (EMNLP)},
  pages={1532--1543},
  year={2014}
}

@article{mikolov2013efficient,
  title={Efficient estimation of word representations in vector space},
  author={Mikolov, Tomas},
  journal={arXiv preprint arXiv:1301.3781},
  volume={3781},
  year={2013}
}
@article{sanh2019distilbert,
  title={DistilBERT, a distilled version of BERT: smaller, faster, cheaper and lighter},
  author={Sanh, V},
  journal={arXiv preprint arXiv:1910.01108},
  year={2019}
}

@article{devlin2018bert,
  title={Bert: Pre-training of deep bidirectional transformers for language understanding},
  author={Devlin, Jacob},
  journal={arXiv preprint arXiv:1810.04805},
  year={2018}
}

@article{PETUKHOVA2025100,
title = {Text clustering with large language model embeddings},
journal = {International Journal of Cognitive Computing in Engineering},
volume = {6},
pages = {100-108},
year = {2025},
issn = {2666-3074},
doi = {https://doi.org/10.1016/j.ijcce.2024.11.004},
url = {https://www.sciencedirect.com/science/article/pii/S2666307424000482},
author = {Alina Petukhova and Jo√£o P. Matos-Carvalho and Nuno Fachada},
keywords = {Text clustering, Large language models, Text summarisation},
}
@techreport{steinbach2000comparison,
  title={A Comparison of Document Clustering Techniques},
  author={Steinbach, Michael},
  year={2000},
  institution={Technical Report\# 00\_034/University of Minnesota}
}

@book{schutze2008introduction,
  title={Introduction to information retrieval},
  author={Sch{\"u}tze, Hinrich and Manning, Christopher D and Raghavan, Prabhakar},
  volume={39},
  year={2008},
  publisher={Cambridge University Press Cambridge}
}

@inbook{kaufman,
  added-at = {2017-11-13T22:09:26.000+0100},
  author = {Kaufman, Leonard and Rousseeuw, Peter J.},
  biburl = {https://www.bibsonomy.org/bibtex/2d00b585897cd3976ab117867ac73af3a/tomhanika},
  booktitle = {Finding Groups in Data},
  doi = {10.1002/9780470316801.ch2},
  interhash = {9224fccf3d087400059879f00ad87d6d},
  intrahash = {d00b585897cd3976ab117867ac73af3a},
  isbn = {9780470316801},
  keywords = {clustering kdd17 kmedoid partition},
  pages = {68--125},
  publisher = {John Wiley \& Sons, Inc.},
  timestamp = {2017-11-13T22:09:26.000+0100},
  title = {Partitioning Around Medoids (Program PAM)},
  url = {http://dx.doi.org/10.1002/9780470316801.ch2},
  year = 2008
}

@article{streamkm,
author = {Ackermann, Marcel R. and M\"{a}rtens, Marcus and Raupach, Christoph and Swierkot, Kamil and Lammersen, Christiane and Sohler, Christian},
title = {StreamKM++: A clustering algorithm for data streams},
year = {2012},
issue_date = {2012},
publisher = {Association for Computing Machinery},
address = {New York, NY, USA},
volume = {17},
issn = {1084-6654},
url = {https://doi.org/10.1145/2133803.2184450},
doi = {10.1145/2133803.2184450},
journal = {ACM J. Exp. Algorithmics},
month = may,
articleno = {2.4},
numpages = {30},
keywords = {k-means, Clustering, coresets, data stream}
}

@article{bradley1996clustering,
  title={Clustering via concave minimization},
  author={Bradley, Paul and Mangasarian, Olvi and Street, W},
  journal={Advances in neural information processing systems},
  volume={9},
  year={1996}
}
@book{jain1988algorithms,
  title={Algorithms for clustering data},
  author={Jain, Anil K and Dubes, Richard C},
  year={1988},
  publisher={Prentice-Hall, Inc.}
}

@article{jia2025dynamics,
  title={Dynamics of" Spontaneous" Topic Changes in Next Token Prediction with Self-Attention},
  author={Jia, Mumin and Diaz-Rodriguez, Jairo},
  journal={arXiv preprint arXiv:2501.06382},
  year={2025}
}

@inproceedings{reimers-gurevych-2019-sentence,
    title = "Sentence-{BERT}: Sentence Embeddings using {S}iamese {BERT}-Networks",
    author = "Reimers, Nils  and
      Gurevych, Iryna",
    editor = "Inui, Kentaro  and
      Jiang, Jing  and
      Ng, Vincent  and
      Wan, Xiaojun",
    booktitle = "Proceedings of the 2019 Conference on Empirical Methods in Natural Language Processing and the 9th International Joint Conference on Natural Language Processing (EMNLP-IJCNLP)",
    month = nov,
    year = "2019",
    address = "Hong Kong, China",
    publisher = "Association for Computational Linguistics",
    url = "https://aclanthology.org/D19-1410/",
    doi = "10.18653/v1/D19-1410",
    pages = "3982--3992",
}

@article{wang2022text,
  title={Text embeddings by weakly-supervised contrastive pre-training},
  author={Wang, Liang and Yang, Nan and Huang, Xiaolong and Jiao, Binxing and Yang, Linjun and Jiang, Daxin and Majumder, Rangan and Wei, Furu},
  journal={arXiv preprint arXiv:2212.03533},
  year={2022}
}

@misc{OpenAI2023TextEmbedding,
  author       = {OpenAI},
  title        = {text-embedding-3-small},
  howpublished = {\url{https://platform.openai.com/}},
  note         = {Accessed: 2025-02-01},
  year         = {2023}
}

@article{shi2023self,
  title={Self-supervised and few-shot contrastive learning frameworks for text clustering},
  author={Shi, Haoxiang and Sakai, Tetsuya},
  journal={IEEE Access},
  year={2023},
  publisher={IEEE}
}

@misc{StackExchangeData,
  author       = {StackExchange},
  title        = {Stack Exchange Data Dump},
  year         = {2024},
  url          = {https://archive.org/download/stackexchange},
  note         = {Creative Commons Attribution-ShareAlike 4.0 License. Accessed: 2025-02-08}
}

@inproceedings{larson-etal-2019-evaluation,
    title = "An Evaluation Dataset for Intent Classification and Out-of-Scope Prediction",
    author = "Larson, Stefan  and
      Mahendran, Anish  and
      Peper, Joseph J.  and
      Clarke, Christopher  and
      Lee, Andrew  and
      Hill, Parker  and
      Kummerfeld, Jonathan K.  and
      Leach, Kevin  and
      Laurenzano, Michael A.  and
      Tang, Lingjia  and
      Mars, Jason",
    editor = "Inui, Kentaro  and
      Jiang, Jing  and
      Ng, Vincent  and
      Wan, Xiaojun",
    booktitle = "Proceedings of the 2019 Conference on Empirical Methods in Natural Language Processing and the 9th International Joint Conference on Natural Language Processing (EMNLP-IJCNLP)",
    month = nov,
    year = "2019",
    address = "Hong Kong, China",
    publisher = "Association for Computational Linguistics",
    url = "https://aclanthology.org/D19-1131/",
    doi = "10.18653/v1/D19-1131",
    pages = "1311--1316"
}
@inproceedings{casanueva-etal-2020-efficient,
    title = "Efficient Intent Detection with Dual Sentence Encoders",
    author = "Casanueva, I{\~n}igo  and
      Tem{\v{c}}inas, Tadas  and
      Gerz, Daniela  and
      Henderson, Matthew  and
      Vuli{\'c}, Ivan",
    editor = "Wen, Tsung-Hsien  and
      Celikyilmaz, Asli  and
      Yu, Zhou  and
      Papangelis, Alexandros  and
      Eric, Mihail  and
      Kumar, Anuj  and
      Casanueva, I{\~n}igo  and
      Shah, Rushin",
    booktitle = "Proceedings of the 2nd Workshop on Natural Language Processing for Conversational AI",
    month = jul,
    year = "2020",
    address = "Online",
    publisher = "Association for Computational Linguistics",
    url = "https://aclanthology.org/2020.nlp4convai-1.5/",
    doi = "10.18653/v1/2020.nlp4convai-1.5",
    pages = "38--45"
}
@inproceedings{demszky-etal-2020-goemotions,
    title = "{G}o{E}motions: A Dataset of Fine-Grained Emotions",
    author = "Demszky, Dorottya  and
      Movshovitz-Attias, Dana  and
      Ko, Jeongwoo  and
      Cowen, Alan  and
      Nemade, Gaurav  and
      Ravi, Sujith",
    editor = "Jurafsky, Dan  and
      Chai, Joyce  and
      Schluter, Natalie  and
      Tetreault, Joel",
    booktitle = "Proceedings of the 58th Annual Meeting of the Association for Computational Linguistics",
    month = jul,
    year = "2020",
    address = "Online",
    publisher = "Association for Computational Linguistics",
    url = "https://aclanthology.org/2020.acl-main.372/",
    doi = "10.18653/v1/2020.acl-main.372",
    pages = "4040--4054",
}
@inproceedings{fitzgerald-etal-2023-massive,
    title = "{MASSIVE}: A 1{M}-Example Multilingual Natural Language Understanding Dataset with 51 Typologically-Diverse Languages",
    author = "FitzGerald, Jack  and
      Hench, Christopher  and
      Peris, Charith  and
      Mackie, Scott  and
      Rottmann, Kay  and
      Sanchez, Ana  and
      Nash, Aaron  and
      Urbach, Liam  and
      Kakarala, Vishesh  and
      Singh, Richa  and
      Ranganath, Swetha  and
      Crist, Laurie  and
      Britan, Misha  and
      Leeuwis, Wouter  and
      Tur, Gokhan  and
      Natarajan, Prem",
    editor = "Rogers, Anna  and
      Boyd-Graber, Jordan  and
      Okazaki, Naoaki",
    booktitle = "Proceedings of the 61st Annual Meeting of the Association for Computational Linguistics (Volume 1: Long Papers)",
    month = jul,
    year = "2023",
    address = "Toronto, Canada",
    publisher = "Association for Computational Linguistics",
    url = "https://aclanthology.org/2023.acl-long.235/",
    doi = "10.18653/v1/2023.acl-long.235",
    pages = "4277--4302"
}
@inproceedings{xie2016unsupervised,
  title={Unsupervised deep embedding for clustering analysis},
  author={Xie, Junyuan and Girshick, Ross and Farhadi, Ali},
  booktitle={International conference on machine learning},
  pages={478--487},
  year={2016},
  organization={PMLR}
}
@article{zhang2021supporting,
  title={Supporting clustering with contrastive learning},
  author={Zhang, Dejiao and Nan, Feng and Wei, Xiaokai and Li, Shangwen and Zhu, Henghui and McKeown, Kathleen and Nallapati, Ramesh and Arnold, Andrew and Xiang, Bing},
  journal={arXiv preprint arXiv:2103.12953},
  year={2021}
}
@inproceedings{yang2016joint,
  title={Joint unsupervised learning of deep representations and image clusters},
  author={Yang, Jianwei and Parikh, Devi and Batra, Dhruv},
  booktitle={Proceedings of the IEEE conference on computer vision and pattern recognition},
  pages={5147--5156},
  year={2016}
}
@article{tao2021clustering,
  title={Clustering-friendly representation learning via instance discrimination and feature decorrelation},
  author={Tao, Yaling and Takagi, Kentaro and Nakata, Kouta},
  journal={arXiv preprint arXiv:2106.00131},
  year={2021}
}
@inproceedings{huang2014deep,
  title={Deep embedding network for clustering},
  author={Huang, Peihao and Huang, Yan and Wang, Wei and Wang, Liang},
  booktitle={2014 22nd International conference on pattern recognition},
  pages={1532--1537},
  year={2014},
  organization={IEEE}
}
@article{blei2003latent,
  title={Latent dirichlet allocation},
  author={Blei, David M and Ng, Andrew Y and Jordan, Michael I},
  journal={Journal of machine Learning research},
  volume={3},
  number={Jan},
  pages={993--1022},
  year={2003}
}
@article{hofmann2001unsupervised,
  title={Unsupervised learning by probabilistic latent semantic analysis},
  author={Hofmann, Thomas},
  journal={Machine learning},
  volume={42},
  pages={177--196},
  year={2001},
  publisher={Springer}
}
@article{zhou2019end,
  title={An end-to-end neural network framework for text clustering},
  author={Zhou, Jie and Cheng, Xingyi and Zhang, Jinchao},
  journal={arXiv preprint arXiv:1903.09424},
  year={2019}
}
@article{dempster1977maximum,
  title={Maximum likelihood from incomplete data via the EM algorithm},
  author={Dempster, Arthur P and Laird, Nan M and Rubin, Donald B},
  journal={Journal of the royal statistical society: series B (methodological)},
  volume={39},
  number={1},
  pages={1--22},
  year={1977},
  publisher={Wiley Online Library}
}
@article{ng2001spectral,
  title={On spectral clustering: Analysis and an algorithm},
  author={Ng, Andrew and Jordan, Michael and Weiss, Yair},
  journal={Advances in neural information processing systems},
  volume={14},
  year={2001}
}
@inproceedings{ester1996density,
  title={A density-based algorithm for discovering clusters in large spatial databases with noise},
  author={Ester, Martin and Kriegel, Hans-Peter and Sander, J{\"o}rg and Xu, Xiaowei and others},
  booktitle={kdd},
  volume={96},
  number={34},
  pages={226--231},
  year={1996}
}
@article{blashfield1978literature,
  title={The literature on cluster analysis},
  author={Blashfield, Roger K and Aldenderfer, Mark S},
  journal={Multivariate behavioral research},
  volume={13},
  number={3},
  pages={271--295},
  year={1978},
  publisher={Taylor \& Francis}
}
@article{johnson1967hierarchical,
  title={Hierarchical clustering schemes},
  author={Johnson, Stephen C},
  journal={Psychometrika},
  volume={32},
  number={3},
  pages={241--254},
  year={1967},
  publisher={Springer}
}
@article{de2023idas,
  title={IDAS: Intent discovery with abstractive summarization},
  author={De Raedt, Maarten and Godin, Fr{\'e}deric and Demeester, Thomas and Develder, Chris},
  journal={arXiv preprint arXiv:2305.19783},
  year={2023}
}
@article{wang2023goal,
  title={Goal-driven explainable clustering via language descriptions},
  author={Wang, Zihan and Shang, Jingbo and Zhong, Ruiqi},
  journal={arXiv preprint arXiv:2305.13749},
  year={2023}
}
@inproceedings{zhang2022unsupervised,
  title={Unsupervised key event detection from massive text corpora},
  author={Zhang, Yunyi and Guo, Fang and Shen, Jiaming and Han, Jiawei},
  booktitle={Proceedings of the 28th ACM SIGKDD conference on knowledge discovery and data mining},
  pages={2535--2544},
  year={2022}
}
@article{tipirneni2024context,
  title={Context-Aware Clustering using Large Language Models},
  author={Tipirneni, Sindhu and Adkathimar, Ravinarayana and Choudhary, Nurendra and Hiranandani, Gaurush and Amjad, Rana Ali and Ioannidis, Vassilis N and Yuan, Changhe and Reddy, Chandan K},
  journal={arXiv preprint arXiv:2405.00988},
  year={2024}
}

@article{tarekegn2024large,
  title={Large Language Model Enhanced Clustering for News Event Detection},
  author={Tarekegn, Adane Nega and Rabbi, Fazle and Tessem, Bj{\o}rnar},
  journal={arXiv preprint arXiv:2406.10552},
  year={2024}
}
@inproceedings{nakshatri2023using,
  title={Using LLM for improving key event discovery: Temporal-guided news stream clustering with event summaries},
  author={Nakshatri, Nishanth and Liu, Siyi and Chen, Sihao and Roth, Dan and Goldwasser, Dan and Hopkins, Daniel},
  booktitle={Findings of the Association for Computational Linguistics: EMNLP 2023},
  pages={4162--4173},
  year={2023}
}

@incollection{aggarwal2018survey,
  title={A survey of stream clustering algorithms},
  author={Aggarwal, Charu C},
  booktitle={Data Clustering},
  pages={231--258},
  year={2018},
  publisher={Chapman and Hall/CRC}
}
@article{silva2013data,
  title={Data stream clustering: A survey},
  author={Silva, Jonathan A and Faria, Elaine R and Barros, Rodrigo C and Hruschka, Eduardo R and Carvalho, Andr{\'e} CPLF de and Gama, Jo{\~a}o},
  journal={ACM Computing Surveys (CSUR)},
  volume={46},
  number={1},
  pages={1--31},
  year={2013},
  publisher={ACM New York, NY, USA}
}
@inproceedings{ordonez2003clustering,
  title={Clustering binary data streams with K-means},
  author={Ordonez, Carlos},
  booktitle={Proceedings of the 8th ACM SIGMOD workshop on Research issues in data mining and knowledge discovery},
  pages={12--19},
  year={2003}
}

@article{ackermann2012streamkm++,
  title={Streamkm++ a clustering algorithm for data streams},
  author={Ackermann, Marcel R and M{\"a}rtens, Marcus and Raupach, Christoph and Swierkot, Kamil and Lammersen, Christiane and Sohler, Christian},
  journal={Journal of Experimental Algorithmics (JEA)},
  volume={17},
  pages={2--1},
  year={2012},
  publisher={ACM New York, NY, USA}
}

@inproceedings{aggarwal2003framework,
  title={A framework for clustering evolving data streams},
  author={Aggarwal, Charu C and Philip, S Yu and Han, Jiawei and Wang, Jianyong},
  booktitle={Proceedings 2003 VLDB conference},
  pages={81--92},
  year={2003},
  organization={Elsevier}
}
@inproceedings{ribeiro2017unsupervised,
  title={Unsupervised event clustering and aggregation from newswire and web articles},
  author={Ribeiro, Swen and Ferret, Olivier and Tannier, Xavier},
  booktitle={Proceedings of the 2017 EMNLP Workshop: Natural Language Processing meets Journalism},
  pages={62--67},
  year={2017}
}

@techreport{arthur2006k,
  title={k-means++: The advantages of careful seeding},
  author={Arthur, David and Vassilvitskii, Sergei},
  year={2006},
  institution={Stanford}
}
@article{lloyd1982least,
  title={Least squares quantization in PCM},
  author={Lloyd, Stuart},
  journal={IEEE transactions on information theory},
  volume={28},
  number={2},
  pages={129--137},
  year={1982},
  publisher={IEEE}
}
@article{viswanathan2024large,
  title={Large language models enable few-shot clustering},
  author={Viswanathan, Vijay and Gashteovski, Kiril and Gashteovski, Kiril and Lawrence, Carolin and Wu, Tongshuang and Neubig, Graham},
  journal={Transactions of the Association for Computational Linguistics},
  volume={12},
  pages={321--333},
  year={2024},
  publisher={MIT Press One Broadway, 12th Floor, Cambridge, Massachusetts 02142, USA~‚Ä¶}
}

@inproceedings{feng2024llmedgerefine,
  title={LLMEdgeRefine: Enhancing Text Clustering with LLM-Based Boundary Point Refinement},
  author={Feng, Zijin and Lin, Luyang and Wang, Lingzhi and Cheng, Hong and Wong, Kam-Fai},
  booktitle={Proceedings of the 2024 Conference on Empirical Methods in Natural Language Processing},
  pages={18455--18462},
  year={2024}
}

@inproceedings{zhang-etal-2023-clusterllm,
    title = "{C}luster{LLM}: Large Language Models as a Guide for Text Clustering",
    author = "Zhang, Yuwei  and
      Wang, Zihan  and
      Shang, Jingbo",
    editor = "Bouamor, Houda  and
      Pino, Juan  and
      Bali, Kalika",
    booktitle = "Proceedings of the 2023 Conference on Empirical Methods in Natural Language Processing",
    month = dec,
    year = "2023",
    address = "Singapore",
    publisher = "Association for Computational Linguistics",
    url = "https://aclanthology.org/2023.emnlp-main.858/",
    doi = "10.18653/v1/2023.emnlp-main.858",
    pages = "13903--13920",
}
