% Use this file for citations not found in the ACL Anthology (contained in "anthology.bib").


@inproceedings{ref1,
  title={Compositional semantic parsing with large language models},
  author={Drozdov, Andrew and Sch{\"a}rli, Nathanael and Aky{\"u}rek, Ekin and Scales, Nathan and Song, Xinying and Chen, Xinyun and Bousquet, Olivier and Zhou, Denny},
  booktitle={The Eleventh International Conference on Learning Representations},
  year={2022}
}

@article{ref3,
  title={Making large language models a better foundation for dense retrieval},
  author={Li, Chaofan and Liu, Zheng and Xiao, Shitao and Shao, Yingxia},
  journal={arXiv preprint arXiv:2312.15503},
  year={2023}
}

@article{ref4,
  title={Self-Reflection Outcome is Sensitive to Prompt Construction},
  author={Liu, Fengyuan and AlDahoul, Nouar and Eady, Gregory and Zaki, Yasir and AlShebli, Bedoor and Rahwan, Talal},
  journal={arXiv preprint arXiv:2406.10400},
  year={2024}
}

@inproceedings{ref5,
  title={Dense passage retrieval for open-domain question answering},
  author={Karpukhin, Vladimir and O{\u{g}}uz, Barlas and Min, Sewon and Lewis, Patrick and Wu, Ledell and Edunov, Sergey and Chen, Danqi and Yih, Wen Tau},
  booktitle={2020 Conference on Empirical Methods in Natural Language Processing, EMNLP 2020},
  pages={6769--6781},
  year={2020},
  organization={Association for Computational Linguistics (ACL)}
}

@article{ref6,
  title={Retrieval-augmented generation for knowledge-intensive nlp tasks},
  author={Lewis, Patrick and Perez, Ethan and Piktus, Aleksandra and Petroni, Fabio and Karpukhin, Vladimir and Goyal, Naman and K{\"u}ttler, Heinrich and Lewis, Mike and Yih, Wen-tau and Rockt{\"a}schel, Tim and others},
  journal={Advances in Neural Information Processing Systems},
  volume={33},
  pages={9459--9474},
  year={2020}
}

@inproceedings{ref7,
  title={Enabling Large Language Models to Generate Text with Citations},
  author={Gao, Tianyu and Yen, Howard and Yu, Jiatong and Chen, Danqi},
  booktitle={Proceedings of the 2023 Conference on Empirical Methods in Natural Language Processing},
  pages={6465--6488},
  year={2023}
}

@inproceedings{ref15,
  title={C-pack: Packed resources for general chinese embeddings},
  author={Xiao, Shitao and Liu, Zheng and Zhang, Peitian and Muennighoff, Niklas and Lian, Defu and Nie, Jian-Yun},
  booktitle={Proceedings of the 47th international ACM SIGIR conference on research and development in information retrieval},
  pages={641--649},
  year={2024}
}

@article{ref16,
  title={The web is your oyster-knowledge-intensive NLP against a very large web corpus},
  author={Piktus, Aleksandra and Petroni, Fabio and Karpukhin, Vladimir and Okhonko, Dmytro and Broscheit, Samuel and Izacard, Gautier and Lewis, Patrick and O{\u{g}}uz, Barlas and Grave, Edouard and Yih, Wen-tau and others},
  journal={arXiv preprint arXiv:2112.09924},
  year={2021}
}

@article{ref17,
  title={The probabilistic relevance framework: BM25 and beyond},
  author={Robertson, Stephen and Zaragoza, Hugo and others},
  journal={Foundations and Trends{\textregistered} in Information Retrieval},
  volume={3},
  number={4},
  pages={333--389},
  year={2009},
  publisher={Now Publishers, Inc.}
}

@inproceedings{ref18,
  title={ASQA: Factoid Questions Meet Long-Form Answers},
  author={Stelmakh, Ivan and Luan, Yi and Dhingra, Bhuwan and Chang, Ming-Wei},
  booktitle={Proceedings of the 2022 Conference on Empirical Methods in Natural Language Processing},
  pages={8273--8288},
  year={2022}
}

@article{ref19,
  title={Qampari: An open-domain question answering benchmark for questions with many answers from multiple paragraphs},
  author={Amouyal, Samuel Joseph and Wolfson, Tomer and Rubin, Ohad and Yoran, Ori and Herzig, Jonathan and Berant, Jonathan},
  journal={arXiv preprint arXiv:2205.12665},
  year={2022}
}

@inproceedings{ref20,
  title={ELI5: Long Form Question Answering},
  author={Fan, Angela and Jernite, Yacine and Perez, Ethan and Grangier, David and Weston, Jason and Auli, Michael},
  booktitle={Proceedings of the 57th Annual Meeting of the Association for Computational Linguistics},
  pages={3558--3567},
  year={2019}
}

@inproceedings{ref21,
  title={“According to...”: Prompting Language Models Improves Quoting from Pre-Training Data},
  author={Weller, Orion and Marone, Marc and Weir, Nathaniel and Lawrie, Dawn and Khashabi, Daniel and Van Durme, Benjamin},
  booktitle={Proceedings of the 18th Conference of the European Chapter of the Association for Computational Linguistics (Volume 1: Long Papers)},
  pages={2288--2301},
  year={2024}
}

@article{ref22,
  title={Towards reliable and fluent large language models: Incorporating feedback learning loops in qa systems},
  author={Lee, Dongyub and Whang, Taesun and Lee, Chanhee and Lim, Heuiseok},
  journal={arXiv preprint arXiv:2309.06384},
  year={2023}
}

@article{ref26,
  title={Webgpt: Browser-assisted question-answering with human feedback},
  author={Nakano, Reiichiro and Hilton, Jacob and Balaji, Suchir and Wu, Jeff and Ouyang, Long and Kim, Christina and Hesse, Christopher and Jain, Shantanu and Kosaraju, Vineet and Saunders, William and others},
  journal={arXiv preprint arXiv:2112.09332},
  year={2021}
}

@inproceedings{ref27,
  title={LLatrieval: LLM-Verified Retrieval for Verifiable Generation},
  author={Li, Xiaonan and Zhu, Changtai and Li, Linyang and Yin, Zhangyue and Sun, Tianxiang and Qiu, Xipeng},
  booktitle={Proceedings of the 2024 Conference of the North American Chapter of the Association for Computational Linguistics: Human Language Technologies (Volume 1: Long Papers)},
  pages={5453--5471},
  year={2024}
}

@article{ref28,
  title={Lamda: Language models for dialog applications},
  author={Thoppilan, Romal and De Freitas, Daniel and Hall, Jamie and Shazeer, Noam and Kulshreshtha, Apoorv and Cheng, Heng-Tze and Jin, Alicia and Bos, Taylor and Baker, Leslie and Du, Yu and others},
  journal={arXiv preprint arXiv:2201.08239},
  year={2022}
}

@article{ref31,
  title={Corrective retrieval augmented generation},
  author={Yan, Shi-Qi and Gu, Jia-Chen and Zhu, Yun and Ling, Zhen-Hua},
  journal={arXiv preprint arXiv:2401.15884},
  year={2024}
}

@article{ref32,
  title={Dr-rag: Applying dynamic document relevance to retrieval-augmented generation for question-answering},
  author={Hei, Zijian and Liu, Weiling and Ou, Wenjie and Qiao, Juyi and Jiao, Junming and Song, Guowen and Tian, Ting and Lin, Yi},
  journal={arXiv preprint arXiv:2406.07348},
  year={2024}
}

@article{ref33,
  title={RaFe: Ranking Feedback Improves Query Rewriting for RAG},
  author={Mao, Shengyu and Jiang, Yong and Chen, Boli and Li, Xiao and Wang, Peng and Wang, Xinyu and Xie, Pengjun and Huang, Fei and Chen, Huajun and Zhang, Ningyu},
  journal={arXiv preprint arXiv:2405.14431},
  year={2024}
}

@article{ref34,
  title={Self-Retrieval: Building an Information Retrieval System with One Large Language Model},
  author={Tang, Qiaoyu and Chen, Jiawei and Yu, Bowen and Lu, Yaojie and Fu, Cheng and Yu, Haiyang and Lin, Hongyu and Huang, Fei and He, Ben and Han, Xianpei and others},
  journal={arXiv preprint arXiv:2403.00801},
  year={2024}
}

@inproceedings{ref35,
  title={Is ChatGPT Good at Search? Investigating Large Language Models as Re-Ranking Agents},
  author={Sun, Weiwei and Yan, Lingyong and Ma, Xinyu and Wang, Shuaiqiang and Ren, Pengjie and Chen, Zhumin and Yin, Dawei and Ren, Zhaochun},
  booktitle={Proceedings of the 2023 Conference on Empirical Methods in Natural Language Processing},
  pages={14918--14937},
  year={2023}
}

@article{ref41,
  title={Context Aware Query Rewriting for Text Rankers using LLM},
  author={Anand, Abhijit and Venktesh, V and Setty, Vinay and Anand, Avishek},
  journal={CoRR},
  year={2023}
}

@article{ref42,
  title={Query Rewriting via Large Language Models},
  author={Liu, Jie and Mozafari, Barzan},
  journal={arXiv preprint arXiv:2403.09060},
  year={2024}
}

@inproceedings{ref43,
  title={Policy-Gradient Training of Language Models for Ranking},
  author={Gao, Ge and Chang, Jonathan Daniel and Cardie, Claire and Brantley, Kiant{\'e} and Joachims, Thorsten},
  booktitle={NeurIPS 2023 Foundation Models for Decision Making Workshop}
}

@inproceedings{ref44,
  title={Large Language Models Are No Longer Shallow Parsers},
  author={Tian, Yuanhe and Xia, Fei and Song, Yan},
  booktitle={Proceedings of the 62nd Annual Meeting of the Association for Computational Linguistics (Volume 1: Long Papers)},
  pages={7131--7142},
  year={2024}
}

@article{ref45,
  title={Grasping the Essentials: Tailoring Large Language Models for Zero-Shot Relation Extraction},
  author={Zhou, Sizhe and Meng, Yu and Jin, Bowen and Han, Jiawei},
  journal={arXiv preprint arXiv:2402.11142},
  year={2024}
}

@inproceedings{ref46,
  title={Query Rewriting in Retrieval-Augmented Large Language Models},
  author={Ma, Xinbei and Gong, Yeyun and He, Pengcheng and Zhao, Hai and Duan, Nan},
  booktitle={Proceedings of the 2023 Conference on Empirical Methods in Natural Language Processing},
  pages={5303--5315},
  year={2023}
}

@article{ref48,
  title={Unraveling and Mitigating Retriever Inconsistencies in Retrieval-Augmented Large Language Models},
  author={Li, Mingda and Li, Xinyu and Chen, Yifan and Xuan, Wenfeng and Zhang, Weinan},
  journal={arXiv preprint arXiv:2405.20680},
  year={2024}
}

@inproceedings{ref52,
  title={WebGLM: Towards an efficient web-enhanced question answering system with human preferences},
  author={Liu, Xiao and Lai, Hanyu and Yu, Hao and Xu, Yifan and Zeng, Aohan and Du, Zhengxiao and Zhang, Peng and Dong, Yuxiao and Tang, Jie},
  booktitle={Proceedings of the 29th ACM SIGKDD Conference on Knowledge Discovery and Data Mining},
  pages={4549--4560},
  year={2023}
}

@article{ref53,
  title={Scaling laws for neural language models},
  author={Kaplan, Jared and McCandlish, Sam and Henighan, Tom and Brown, Tom B and Chess, Benjamin and Child, Rewon and Gray, Scott and Radford, Alec and Wu, Jeffrey and Amodei, Dario},
  journal={arXiv preprint arXiv:2001.08361},
  year={2020}
}

@article{ref54,
  title={Natural questions: a benchmark for question answering research},
  author={Kwiatkowski, Tom and Palomaki, Jennimaria and Redfield, Olivia and Collins, Michael and Parikh, Ankur and Alberti, Chris and Epstein, Danielle and Polosukhin, Illia and Devlin, Jacob and Lee, Kenton and others},
  journal={Transactions of the Association for Computational Linguistics},
  volume={7},
  pages={453--466},
  year={2019},
  publisher={MIT Press One Rogers Street, Cambridge, MA 02142-1209, USA journals-info~…}
}

@inproceedings{ref55,
  title={Enhancing Retrieval-Augmented Generation: A Study of Best Practices},
  author={Li, Siran and Stenzel, Linus and Eickhoff, Carsten and Bahrainian, Seyed Ali},
  booktitle={Proceedings of the 31st International Conference on Computational Linguistics},
  pages={6705--6717},
  year={2025}
}

@article{ref56,
  title={M-RAG: Reinforcing Large Language Model Performance through Retrieval-Augmented Generation with Multiple Partitions},
  author={Wang, Zheng and Teo, Shu Xian and Ouyang, Jieer and Xu, Yongjun and Shi, Wei},
  journal={arXiv preprint arXiv:2405.16420},
  year={2024}
}

@inproceedings{ref60,
  title={Generalization through Memorization: Nearest Neighbor Language Models},
  author={Khandelwal, Urvashi and Levy, Omer and Jurafsky, Dan and Zettlemoyer, Luke and Lewis, Mike},
  booktitle={International Conference on Learning Representations},
  year={2019}
}

@article{ref61,
  title={Arl2: Aligning retrievers for black-box large language models via self-guided adaptive relevance labeling},
  author={Zhang, Lingxi and Yu, Yue and Wang, Kuan and Zhang, Chao},
  journal={arXiv preprint arXiv:2402.13542},
  year={2024}
}

@inproceedings{ref64,
  title={AmbigQA: Answering Ambiguous Open-domain Questions},
  author={Min, Sewon and Michael, Julian and Hajishirzi, Hannaneh and Zettlemoyer, Luke},
  booktitle={Proceedings of the 2020 Conference on Empirical Methods in Natural Language Processing (EMNLP)},
  pages={5783--5797},
  year={2020}
}

@article{ref66,
  title={Learning to filter context for retrieval-augmented generation},
  author={Wang, Zhiruo and Araki, Jun and Jiang, Zhengbao and Parvez, Md Rizwan and Neubig, Graham},
  journal={arXiv preprint arXiv:2311.08377},
  year={2023}
}

@article{ref69,
  title={A Comprehensive Survey of Retrieval-Augmented Generation (RAG): Evolution, Current Landscape and Future Directions},
  author={Gupta, Shailja and Ranjan, Rajesh and Singh, Surya Narayan},
  journal={arXiv preprint arXiv:2410.12837},
  year={2024}
}

@article{ref70,
  title={Atlas: Few-shot learning with retrieval augmented language models},
  author={Izacard, Gautier and Lewis, Patrick and Lomeli, Maria and Hosseini, Lucas and Petroni, Fabio and Schick, Timo and Dwivedi-Yu, Jane and Joulin, Armand and Riedel, Sebastian and Grave, Edouard},
  journal={Journal of Machine Learning Research},
  volume={24},
  number={251},
  pages={1--43},
  year={2023}
}

@article{ref71,
  title={Lift yourself up: Retrieval-augmented text generation with self-memory},
  author={Cheng, Xin and Luo, Di and Chen, Xiuying and Liu, Lemao and Zhao, Dongyan and Yan, Rui},
  journal={Advances in Neural Information Processing Systems},
  volume={36},
  year={2024}
}

@inproceedings{ref72,
  title={ReAct: Synergizing Reasoning and Acting in Language Models},
  author={Yao, Shunyu and Zhao, Jeffrey and Yu, Dian and Du, Nan and Shafran, Izhak and Narasimhan, Karthik and Cao, Yuan},
  booktitle={International Conference on Learning Representations (ICLR)},
  year={2023}
}

@inproceedings{ref73,
  title={RAPTOR: Recursive Abstractive Processing for Tree-Organized Retrieval},
  author={Sarthi, Parth and Abdullah, Salman and Tuli, Aditi and Khanna, Shubh and Goldie, Anna and Manning, Christopher D},
  booktitle={The Twelfth International Conference on Learning Representations}
}

@article{ref74,
  title={Question-Based Retrieval using Atomic Units for Enterprise RAG},
  author={Raina, Vatsal and Gales, Mark},
  journal={arXiv preprint arXiv:2405.12363},
  year={2024}
}

@inproceedings{ref75,
  title={UDAPDR: Unsupervised Domain Adaptation via LLM Prompting and Distillation of Rerankers},
  author={Saad-Falcon, Jon and Khattab, Omar and Santhanam, Keshav and Florian, Radu and Franz, Martin and Roukos, Salim and Sil, Avirup and Sultan, Md and Potts, Christopher},
  booktitle={Proceedings of the 2023 Conference on Empirical Methods in Natural Language Processing},
  pages={11265--11279},
  year={2023}
}

@article{ref76,
  title={Enhancing llm factual accuracy with rag to counter hallucinations: A case study on domain-specific queries in private knowledge-bases},
  author={Li, Jiarui and Yuan, Ye and Zhang, Zehua},
  journal={arXiv preprint arXiv:2403.10446},
  year={2024}
}

@article{ref77,
  title={Gar-meets-rag paradigm for zero-shot information retrieval},
  author={Arora, Daman and Kini, Anush and Chowdhury, Sayak Ray and Natarajan, Nagarajan and Sinha, Gaurav and Sharma, Amit},
  journal={arXiv preprint arXiv:2310.20158},
  year={2023}
}

@inproceedings{ref80,
  title={The assignment of grammatical relations in natural language processing},
  author={Lesmo, Leonardo and Lombardo, Vincenzo},
  booktitle={COLING 1992 Volume 4: The 14th International Conference on Computational Linguistics},
  year={1992}
}

@inproceedings{min-etal-2020-ambigqa,title = "{A}mbig{QA}: Answering Ambiguous Open-domain Questions",author = "Min, Sewon and Michael, Julian and Hajishirzi, Hannaneh and Zettlemoyer, Luke",editor = "Webber, Bonnie and Cohn, Trevor and He, Yulan and Liu, Yang",booktitle = EMNLP:2020:main,month = nov,year = "2020",address = "Online",publisher = acl,url = anth # {2020.emnlp-main.466/},doi = "10.18653/v1/2020.emnlp-main.466",pages = "5783--5797"
}

@inproceedings{li-etal-2024-llatrieval,title = "{LL}atrieval: {LLM}-Verified Retrieval for Verifiable Generation",author = "Li, Xiaonan and Zhu, Changtai and Li, Linyang and Yin, Zhangyue and Sun, Tianxiang and Qiu, Xipeng",editor = "Duh, Kevin and Gomez, Helena and Bethard, Steven",booktitle = NAACL:2024:long,month = jun,year = "2024",address = "Mexico City, Mexico",publisher = acl,url = anth # {2024.naacl-long.305/},doi = "10.18653/v1/2024.naacl-long.305",pages = "5453--5471"
}

@inproceedings{karpukhin-etal-2020-dense,title = "Dense Passage Retrieval for Open-Domain Question Answering",author = "Karpukhin, Vladimir and Oguz, Barlas and Min, Sewon and Lewis, Patrick and Wu, Ledell and Edunov, Sergey and Chen, Danqi and Yih, Wen-tau",editor = "Webber, Bonnie and Cohn, Trevor and He, Yulan and Liu, Yang",booktitle = EMNLP:2020:main,month = nov,year = "2020",address = "Online",publisher = acl,url = anth # {2020.emnlp-main.550/},doi = "10.18653/v1/2020.emnlp-main.550",pages = "6769--6781"
}

@inproceedings{gao-etal-2023-enabling,title = "Enabling Large Language Models to Generate Text with Citations",author = "Gao, Tianyu and Yen, Howard and Yu, Jiatong and Chen, Danqi",editor = "Bouamor, Houda and Pino, Juan and Bali, Kalika",booktitle = EMNLP:2023:main,month = dec,year = "2023",address = "Singapore",publisher = acl,url = anth # {2023.emnlp-main.398/},doi = "10.18653/v1/2023.emnlp-main.398",pages = "6465--6488"
}

@inproceedings{stelmakh-etal-2022-asqa,title = "{ASQA}: Factoid Questions Meet Long-Form Answers",author = "Stelmakh, Ivan and Luan, Yi and Dhingra, Bhuwan and Chang, Ming-Wei",editor = "Goldberg, Yoav and Kozareva, Zornitsa and Zhang, Yue",booktitle = EMNLP:2022:main,month = dec,year = "2022",address = "Abu Dhabi, United Arab Emirates",publisher = acl,url = anth # {2022.emnlp-main.566/},doi = "10.18653/v1/2022.emnlp-main.566",pages = "8273--8288"
}

@inproceedings{amouyal-etal-2023-qampari,title = "{QAMPARI}: A Benchmark for Open-domain Questions with Many Answers",author = "Amouyal, Samuel and Wolfson, Tomer and Rubin, Ohad and Yoran, Ori and Herzig, Jonathan and Berant, Jonathan",editor = "Gehrmann, Sebastian and Wang, Alex and Sedoc, Jo{\~a}o and Clark, Elizabeth and Dhole, Kaustubh and Chandu, Khyathi Raghavi and Santus, Enrico and Sedghamiz, Hooman",booktitle = GEM:2023:1,month = dec,year = "2023",address = "Singapore",publisher = acl,url = anth # {2023.gem-1.9/},pages = "97--110"
}

@inproceedings{fan-etal-2019-eli5,title = "{ELI}5: Long Form Question Answering",author = "Fan, Angela and Jernite, Yacine and Perez, Ethan and Grangier, David and Weston, Jason and Auli, Michael",editor = "Korhonen, Anna and Traum, David and M{\`a}rquez, Llu{\'i}s",booktitle = ACL:2019:1,month = jul,year = "2019",address = "Florence, Italy",publisher = acl,url = anth # {P19-1346/},doi = "10.18653/v1/P19-1346",pages = "3558--3567"
}

@inproceedings{weller-etal-2024-according,title = "{\textquotedblleft}According to . . . {\textquotedblright}: Prompting Language Models Improves Quoting from Pre-Training Data",author = "Weller, Orion and Marone, Marc and Weir, Nathaniel and Lawrie, Dawn and Khashabi, Daniel and Van Durme, Benjamin",editor = "Graham, Yvette and Purver, Matthew",booktitle = EACL:2024:long,month = mar,year = "2024",address = "St. Julian{'}s, Malta",publisher = acl,url = anth # {2024.eacl-long.140/},pages = "2288--2301"
}

@inproceedings{sun-etal-2023-chatgpt,title = "Is {C}hat{GPT} Good at Search? Investigating Large Language Models as Re-Ranking Agents",author = "Sun, Weiwei and Yan, Lingyong and Ma, Xinyu and Wang, Shuaiqiang and Ren, Pengjie and Chen, Zhumin and Yin, Dawei and Ren, Zhaochun",editor = "Bouamor, Houda and Pino, Juan and Bali, Kalika",booktitle = EMNLP:2023:main,month = dec,year = "2023",address = "Singapore",publisher = acl,url = anth # {2023.emnlp-main.923/},doi = "10.18653/v1/2023.emnlp-main.923",pages = "14918--14937"
}

@inproceedings{tian-etal-2024-large,title = "Large Language Models Are No Longer Shallow Parsers",author = "Tian, Yuanhe and Xia, Fei and Song, Yan",editor = "Ku, Lun-Wei and Martins, Andre and Srikumar, Vivek",booktitle = ACL:2024:long,month = aug,year = "2024",address = "Bangkok, Thailand",publisher = acl,url = anth # {2024.acl-long.384/},doi = "10.18653/v1/2024.acl-long.384",pages = "7131--7142"
}

@inproceedings{zhou-etal-2024-grasping,title = "Grasping the Essentials: Tailoring Large Language Models for Zero-Shot Relation Extraction",author = "Zhou, Sizhe and Meng, Yu and Jin, Bowen and Han, Jiawei",editor = "Al-Onaizan, Yaser and Bansal, Mohit and Chen, Yun-Nung",booktitle = EMNLP:2024:main,month = nov,year = "2024",address = "Miami, Florida, USA",publisher = acl,url = anth # {2024.emnlp-main.747/},doi = "10.18653/v1/2024.emnlp-main.747",pages = "13462--13486"
}

@inproceedings{ma-etal-2023-query,title = "Query Rewriting in Retrieval-Augmented Large Language Models",author = "Ma, Xinbei and Gong, Yeyun and He, Pengcheng and Zhao, Hai and Duan, Nan",editor = "Bouamor, Houda and Pino, Juan and Bali, Kalika",booktitle = EMNLP:2023:main,month = dec,year = "2023",address = "Singapore",publisher = acl,url = anth # {2023.emnlp-main.322/},doi = "10.18653/v1/2023.emnlp-main.322",pages = "5303--5315"
}

@article{kwiatkowski-etal-2019-natural,title = "Natural Questions: A Benchmark for Question Answering Research",author = "Kwiatkowski, Tom and Palomaki, Jennimaria and Redfield, Olivia and Collins, Michael and Parikh, Ankur and Alberti, Chris and Epstein, Danielle and Polosukhin, Illia and Devlin, Jacob and Lee, Kenton and Toutanova, Kristina and Jones, Llion and Kelcey, Matthew and Chang, Ming-Wei and Dai, Andrew M. and Uszkoreit, Jakob and Le, Quoc and Petrov, Slav",editor = "Lee, Lillian and Johnson, Mark and Roark, Brian and Nenkova, Ani",journal = "Transactions of the Association for Computational Linguistics",volume = "7",year = "2019",address = "Cambridge, MA",publisher = "MIT Press",url = anth # {Q19-1026/},doi = "10.1162/tacl_a_00276",pages = "452--466"
}

@inproceedings{wang-etal-2024-rag,title = "{M}-{RAG}: Reinforcing Large Language Model Performance through Retrieval-Augmented Generation with Multiple Partitions",author = "Wang, Zheng and Teo, Shu and Ouyang, Jieer and Xu, Yongjun and Shi, Wei",editor = "Ku, Lun-Wei and Martins, Andre and Srikumar, Vivek",booktitle = ACL:2024:long,month = aug,year = "2024",address = "Bangkok, Thailand",publisher = acl,url = anth # {2024.acl-long.108/},doi = "10.18653/v1/2024.acl-long.108",pages = "1966--1978"
}

@inproceedings{zhang-etal-2024-arl2,title = "{ARL}2: Aligning Retrievers with Black-box Large Language Models via Self-guided Adaptive Relevance Labeling",author = "Zhang, LingXi and Yu, Yue and Wang, Kuan and Zhang, Chao",editor = "Ku, Lun-Wei and Martins, Andre and Srikumar, Vivek",booktitle = ACL:2024:long,month = aug,year = "2024",address = "Bangkok, Thailand",publisher = acl,url = anth # {2024.acl-long.203/},doi = "10.18653/v1/2024.acl-long.203",pages = "3708--3719"
}

@inproceedings{raina-gales-2024-question,title = "Question-Based Retrieval using Atomic Units for Enterprise {RAG}",author = "Raina, Vatsal and Gales, Mark",editor = "Schlichtkrull, Michael and Chen, Yulong and Whitehouse, Chenxi and Deng, Zhenyun and Akhtar, Mubashara and Aly, Rami and Guo, Zhijiang and Christodoulopoulos, Christos and Cocarascu, Oana and Mittal, Arpit and Thorne, James and Vlachos, Andreas",booktitle = FEVER:2024:1,month = nov,year = "2024",address = "Miami, Florida, USA",publisher = acl,url = anth # {2024.fever-1.25/},doi = "10.18653/v1/2024.fever-1.25",pages = "219--233"
}

@inproceedings{saad-falcon-etal-2023-udapdr,title = "{UDAPDR}: Unsupervised Domain Adaptation via {LLM} Prompting and Distillation of Rerankers",author = "Saad-Falcon, Jon and Khattab, Omar and Santhanam, Keshav and Florian, Radu and Franz, Martin and Roukos, Salim and Sil, Avirup and Sultan, Md and Potts, Christopher",editor = "Bouamor, Houda and Pino, Juan and Bali, Kalika",booktitle = EMNLP:2023:main,month = dec,year = "2023",address = "Singapore",publisher = acl,url = anth # {2023.emnlp-main.693/},doi = "10.18653/v1/2023.emnlp-main.693",pages = "11265--11279"
}

@inproceedings{lesmo-lombardo-1992-assignment,title = "The Assignment of Grammatical Relations in Natural Language Processing",author = "Lesmo, Leonardo and Lombardo, Vincenzo",booktitle = COLING:1992:4,year = "1992",url = anth # {C92-4170/}
}

@inproceedings{liu-etal-2023-evaluating,title = "Evaluating Verifiability in Generative Search Engines",author = "Liu, Nelson and Zhang, Tianyi and Liang, Percy",editor = "Bouamor, Houda and Pino, Juan and Bali, Kalika",booktitle = FINDINGS:2023:emnlp,month = dec,year = "2023",address = "Singapore",publisher = acl,url = anth # {2023.findings-emnlp.467/},doi = "10.18653/v1/2023.findings-emnlp.467",pages = "7001--7025"
}