@article{asterhan2010online,
  title={Online moderation of synchronous e-argumentation},
  author={Asterhan, Christa SC and Schwarz, Baruch B},
  journal={International Journal of Computer-Supported Collaborative Learning},
  volume={5},
  pages={259--282},
  year={2010},
  publisher={Springer}
}

@inproceedings{braham2009acknowledgement,
  title={Acknowledgement of others' contributions as a peer facilitation skill in online discussions},
  author={Braham, Julia and Piela, Anna},
  booktitle={Collected Conference Papers and Abstracts September 2009},
  pages={103},
  year={2009}
}

@inproceedings{chen2023automatic,
  title={Automatic Evaluate Dialogue Appropriateness by Using Dialogue Act},
  author={Chen, Bao and Wang, Yuanjie and Liu, Zeming and Guo, Yuhang},
  booktitle={Findings of the Association for Computational Linguistics: EMNLP 2023},
  pages={7361--7372},
  year={2023}
}

@article{d1985speech,
  title={Speech act theory in quantitative research on interpersonal behavior},
  author={D'Andrade, Roy G and Wish, Myron},
  journal={Discourse Processes},
  volume={8},
  number={2},
  pages={229--259},
  year={1985},
  publisher={Taylor \& Francis}
}

@article{dai2023second,
  title={What do second language speakers really need for real-world interaction? A needs analysis of L2 Chinese interactional competence},
  author={Dai, David Wei},
  journal={Language Teaching Research},
  pages={13621688221144836},
  year={2023},
  publisher={SAGE Publications Sage UK: London, England}
}

@article{de2009learners,
  title={Learnersâ€™ perceptions and attitudes: Implications for willingness to communicate in an L2 classroom},
  author={de Saint L{\'e}ger, Diane and Storch, Neomy},
  journal={System},
  volume={37},
  number={2},
  pages={269--285},
  year={2009},
  publisher={Elsevier}
}

@article{de2023evaluation,
  title={An evaluation on large language model outputs: Discourse and memorization},
  author={de Wynter, Adrian and Wang, Xun and Sokolov, Alex and Gu, Qilong and Chen, Si-Qing},
  journal={Natural Language Processing Journal},
  volume={4},
  pages={100024},
  year={2023},
  publisher={Elsevier}
}

@article{gagne2013cooperative,
  title={Cooperative learning tasks in a Grade 6 intensive ESL class: Role of scaffolding},
  author={Gagn{\'e}, Nathalie and Parks, Susan},
  journal={Language teaching research},
  volume={17},
  number={2},
  pages={188--209},
  year={2013},
  publisher={Sage Publications Sage UK: London, England}
}

@article{gao2024cnima,
  title={Cnima: A universal evaluation framework and automated approach for assessing second language dialogues},
  author={Gao, Rena and Wu, Jingxuan and Roever, Carsten and Wu, Xuetong and Wu, Jing and Lv, Long and Lau, Jey Han},
  journal={arXiv preprint arXiv:2408.16518},
  year={2024}
}

@article{gao2024listenership,
  title={Listenership always matters: active listening ability in L2 business English paired speaking tasks},
  author={Gao, Rena and Wang, Menghan},
  journal={International Review of Applied Linguistics in Language Teaching},
  number={0},
  year={2024},
  publisher={De Gruyter}
}

@article{grimmelmann2015virtues,
  title={The virtues of moderation},
  author={Grimmelmann, James},
  journal={Yale JL \& Tech.},
  volume={17},
  pages={42},
  year={2015},
  publisher={HeinOnline}
}

@inproceedings{hamzah2016effect,
  title={The Effect of Participation Instruction on ESL Students' Speaking Skills and Language Anxiety},
  author={Hamzah, Mohd Hilmi and Asokan, Thivya},
  booktitle={International Conference of Higher Order Thinking Skills 2016 in Conjunction with 2nd International Seminar on Science and Mathematics Education},
  pages={1--11},
  year={2016}
}

@article{han2022measuring,
  title={Measuring and improving semantic diversity of dialogue generation},
  author={Han, Seungju and Kim, Beomsu and Chang, Buru},
  journal={arXiv preprint arXiv:2210.05725},
  year={2022}
}

@article{hessel2017new,
  title={A new take on individual differences in L2 proficiency gain during study abroad},
  author={Hessel, Gianna},
  journal={System},
  volume={66},
  pages={39--55},
  year={2017},
  publisher={Elsevier}
}

@article{hew2008attracting,
  title={Attracting student participation in asynchronous online discussions: A case study of peer facilitation},
  author={Hew, Khe Foon and Cheung, Wing Sum},
  journal={Computers \& Education},
  volume={51},
  number={3},
  pages={1111--1124},
  year={2008},
  publisher={Elsevier}
}

@article{higuchi2023impact,
  title={Impact of studying abroad on language skill development: Regression discontinuity evidence from Japanese university students},
  author={Higuchi, Yuki and Nakamuro, Makiko and Roever, Carsten and Sasaki, Miyuki and Yashima, Tomoko},
  journal={Journal of the Japanese and International Economies},
  volume={70},
  pages={101284},
  year={2023},
  publisher={Elsevier}
}

@article{jones1999silence,
  title={From Silence to Talk: Cross-Cultural Ideas onStudents Participation in Academic Group Discussion},
  author={Jones, Jeremy F},
  journal={English for specific Purposes},
  volume={18},
  number={3},
  pages={243--259},
  year={1999},
  publisher={Elsevier}
}

@article{kayi2013scaffolding,
  title={Scaffolding language learning in an academic ESL classroom},
  author={Kayi-Aydar, Hayriye},
  journal={ELT journal},
  volume={67},
  number={3},
  pages={324--335},
  year={2013},
  publisher={Oxford University Press UK}
}

@article{lam2006gauging,
  title={Gauging the effects of ESL oral communication strategy teaching: A multi-method approach},
  author={Lam, Yuen Kwan Wendy},
  journal={Electronic Journal of Foreign Language Teaching},
  volume={3},
  number={2},
  pages={142--157},
  year={2006},
  publisher={National University of Singapore}
}

@article{lin2023llm,
  title={Llm-eval: Unified multi-dimensional automatic evaluation for open-domain conversations with large language models},
  author={Lin, Yen-Ting and Chen, Yun-Nung},
  journal={arXiv preprint arXiv:2305.13711},
  year={2023}
}

@article{long2024evaluating,
  title={Evaluating large language models in analysing classroom dialogue},
  author={Long, Yun and Luo, Haifeng and Zhang, Yu},
  journal={npj Science of Learning},
  volume={9},
  number={1},
  pages={60},
  year={2024},
  publisher={Nature Publishing Group UK London}
}

@article{maarof2018effect,
  title={The effect of role-play and simulation approach on enhancing ESL oral communication skills},
  author={Maarof, Nooreiny and others},
  journal={International Journal of Research in English Education},
  volume={3},
  number={3},
  pages={63--71},
  year={2018},
  publisher={International Journal of Research in English Education}
}

@article{mak2011exploration,
  title={An exploration of speaking-in-class anxiety with Chinese ESL learners},
  author={Mak, Barley},
  journal={System},
  volume={39},
  number={2},
  pages={202--214},
  year={2011},
  publisher={Elsevier}
}

@article{mckenzie2000hope,
  title={" I hope this goes somewhere": Evaluation of an online discussion group},
  author={McKenzie, Wendy and Murphy, David},
  journal={Australasian Journal of Educational Technology},
  volume={16},
  number={3},
  year={2000}
}

@incollection{norton2014non,
  title={Non-participation, imagined communities and the language classroom},
  author={Norton, Bonny},
  booktitle={Learner contributions to language learning},
  pages={159--171},
  year={2014},
  publisher={Routledge}
}

@article{o2018use,
  title={The use of focus group discussion methodology: Insights from two decades of application in conservation},
  author={O. Nyumba, Tobias and Wilson, Kerrie and Derrick, Christina J and Mukherjee, Nibedita},
  journal={Methods in Ecology and evolution},
  volume={9},
  number={1},
  pages={20--32},
  year={2018},
  publisher={Wiley Online Library}
}

@article{osman2007interaction,
  title={Interaction, facilitation, and deep learning in cross-cultural chat: A case study},
  author={Osman, Gihan and Herring, Susan C},
  journal={The Internet and Higher Education},
  volume={10},
  number={2},
  pages={125--141},
  year={2007},
  publisher={Elsevier}
}

@inproceedings{ou-etal-2024-dialogbench,
    title = "{D}ialog{B}ench: Evaluating {LLM}s as Human-like Dialogue Systems",
    author = "Ou, Jiao  and
      Lu, Junda  and
      Liu, Che  and
      Tang, Yihong  and
      Zhang, Fuzheng  and
      Zhang, Di  and
      Gai, Kun",
    editor = "Duh, Kevin  and
      Gomez, Helena  and
      Bethard, Steven",
    booktitle = "Proceedings of the 2024 Conference of the North American Chapter of the Association for Computational Linguistics: Human Language Technologies (Volume 1: Long Papers)",
    month = jun,
    year = "2024",
    address = "Mexico City, Mexico",
    publisher = "Association for Computational Linguistics",
    url = "https://aclanthology.org/2024.naacl-long.341",
    doi = "10.18653/v1/2024.naacl-long.341",
    pages = "6137--6170"
}

@inproceedings{park2012facilitative,
  title={Facilitative moderation for online participation in eRulemaking},
  author={Park, Joonsuk and Klingel, Sally and Cardie, Claire and Newhart, Mary and Farina, Cynthia and Vallb{\'e}, Joan-Josep},
  booktitle={Proceedings of the 13th Annual International Conference on Digital Government Research},
  pages={173--182},
  year={2012}
}

@article{pino2010english,
  title={English teachers' moderating and participating in OCPs},
  author={Pino-Silva, Juan and Mayora, Carlos A},
  journal={System},
  volume={38},
  number={2},
  pages={262--271},
  year={2010},
  publisher={Elsevier}
}

@article{rao2019enhancing,
  title={Enhancing Effective Oral Communication Skills Among The EFL/ESL Learners},
  author={Rao, Paruralli Sprinivas},
  journal={Alford Council Of International English \& Literature Journal},
  volume={2},
  pages={62--74},
  year={2019}
}

@article{sampson2024emergence,
  title={The emergence of gratitude in L2 group discussion: A small-lens study},
  author={Sampson, Richard J},
  journal={System},
  volume={123},
  pages={103300},
  year={2024},
  publisher={Elsevier}
}

@article{smith2022human,
  title={Human evaluation of conversations is an open problem: comparing the sensitivity of various methods for evaluating dialogue agents},
  author={Smith, Eric Michael and Hsu, Orion and Qian, Rebecca and Roller, Stephen and Boureau, Y-Lan and Weston, Jason},
  journal={arXiv preprint arXiv:2201.04723},
  year={2022}
}

@inproceedings{takehi2023open,
  title={Open-Domain Dialogue Quality Evaluation: Deriving Nugget-level Scores from Turn-level Scores},
  author={Takehi, Rikiya and Watanabe, Akihisa and Sakai, Tetsuya},
  booktitle={Proceedings of the Annual International ACM SIGIR Conference on Research and Development in Information Retrieval in the Asia Pacific Region},
  pages={40--45},
  year={2023}
}

@article{tam2024framework,
  title={A framework for human evaluation of large language models in healthcare derived from literature review},
  author={Tam, Thomas Yu Chow and Sivarajkumar, Sonish and Kapoor, Sumit and Stolyar, Alisa V and Polanska, Katelyn and McCarthy, Karleigh R and Osterhoudt, Hunter and Wu, Xizhi and Visweswaran, Shyam and Fu, Sunyang and others},
  journal={NPJ Digital Medicine},
  volume={7},
  number={1},
  pages={258},
  year={2024},
  publisher={Nature Publishing Group UK London}
}

@article{tan2020influence,
  title={Influence of Small Group Discussion on the English Oral Communication Self-Efficacy of Filipino ESL Learners in Central Luzon.},
  author={Tan, Richard K and Polong, Ronald B and Collates, Leila M and Torres, Joel M},
  journal={TESOL International Journal},
  volume={15},
  number={1},
  pages={100--106},
  year={2020},
  publisher={ERIC}
}

@phdthesis{turnbull2015effects,
  title={The effects of L1 and L2 group discussions on L2 reading comprehension},
  author={Turnbull, Blake Alexander},
  year={2015},
  school={University of Otago}
}

@article{vasodavan2020moderation,
  title={E-moderation skills in discussion forums: Patterns of online interactions for knowledge construction},
  author={Vasodavan, Vinothini and DeWitt, Dorothy and Alias, Norlidah and Noh, Mariani Md},
  journal={Pertanika Journal of Social Sciences and Humanities},
  volume={28},
  number={4},
  pages={3025--3045},
  year={2020},
  publisher={Universiti Putra Malaysia}
}

@book{webster2012teaching,
  title={Teaching EFL Online: An e-moderator's report},
  author={Webster, Andrew R},
  year={2012},
  publisher={BoD--Books on Demand}
}

@article{wright2009role,
  title={The role of the moderator: Problems and possibilities for government-run online discussion forums},
  author={Wright, Scott},
  journal={Online deliberation: Design, research, and practice},
  pages={233--242},
  year={2009},
  publisher={CSLI Publications Stanford, CA}
}

@article{wu2025data,
  title={Data from role plays and elicited conversations: What do they show about L2 interactional competence?},
  author={Wu, Jingxuan and Roever, Carsten},
  journal={Research Methods in Applied Linguistics},
  volume={4},
  number={1},
  pages={100165},
  year={2025},
  publisher={Elsevier}
}

