% Use this file for citations not found in the ACL Anthology (contained in "anthology.bib").

@book{Aho:72,
    author  = {Alfred V. Aho and Jeffrey D. Ullman},
    title   = {The Theory of Parsing, Translation and Compiling},
    year    = "1972",
    volume  = "1",
    publisher = {Prentice-Hall},
    address = {Englewood Cliffs, NJ}
}

@book{APA:83,
    author  = {{American Psychological Association}},
    title   = {Publications Manual},
    year    = "1983",
    publisher = {American Psychological Association},
    address = {Washington, DC}
}

@article{Chandra:81,
	author = {Ashok K. Chandra and Dexter C. Kozen and Larry J. Stockmeyer},
	year = "1981",
	title = {Alternation},
	journal = {Journal of the Association for Computing Machinery},
	volume = "28",
	number = "1",
	pages = "114--133",
	doi = "10.1145/322234.322243",
}

@book{Gusfield:97,
    author  = {Dan Gusfield},
    title   = {Algorithms on Strings, Trees and Sequences},
    year    = "1997",
    publisher = {Cambridge University Press},
    address = {Cambridge, UK}
}

@article{rasooli-tetrault-2015,
    author    = {Mohammad Sadegh Rasooli and Joel R. Tetreault},
    title     = {Yara Parser: {A} Fast and Accurate Dependency Parser},
    journal   = {Computing Research Repository},
    volume    = {arXiv:1503.06733},
    year      = {2015},
    url       = {http://arxiv.org/abs/1503.06733},
    note    = {version 2}
}

@article{Ando2005,
	Acmid = {1194905},
	Author = {Ando, Rie Kubota and Zhang, Tong},
	Issn = {1532-4435},
	Issue_Date = {12/1/2005},
	Journal = {Journal of Machine Learning Research},
	Month = dec,
	Numpages = {37},
	Pages = {1817--1853},
	Publisher = {JMLR.org},
	Title = {A Framework for Learning Predictive Structures from Multiple Tasks and Unlabeled Data},
	Volume = {6},
	Year = {2005}
}

%%%%%%%%%%%%%%%%%%%%%%%%%%%%%%%%%%%%%%%%%%%%%%%%%%
@article{devlin2018bert,
  title={Bert: Pre-training of deep bidirectional transformers for language understanding},
  author={Devlin, Jacob},
  journal={arXiv preprint arXiv:1810.04805},
  year={2018}
}

@article{baevski2020wav2vec,
  title={wav2vec 2.0: A framework for self-supervised learning of speech representations},
  author={Baevski, Alexei and Zhou, Yuhao and Mohamed, Abdelrahman and Auli, Michael},
  journal={Advances in neural information processing systems},
  volume={33},
  pages={12449--12460},
  year={2020}
}

@article{raffel2020exploring,
  title={Exploring the limits of transfer learning with a unified text-to-text transformer},
  author={Raffel, Colin and Shazeer, Noam and Roberts, Adam and Lee, Katherine and Narang, Sharan and Matena, Michael and Zhou, Yanqi and Li, Wei and Liu, Peter J},
  journal={Journal of machine learning research},
  volume={21},
  number={140},
  pages={1--67},
  year={2020}
}

@inproceedings{radford2021learning,
  title={Learning transferable visual models from natural language supervision},
  author={Radford, Alec and Kim, Jong Wook and Hallacy, Chris and Ramesh, Aditya and Goh, Gabriel and Agarwal, Sandhini and Sastry, Girish and Askell, Amanda and Mishkin, Pamela and Clark, Jack and others},
  booktitle={International conference on machine learning},
  pages={8748--8763},
  year={2021},
  organization={PMLR}
}

@article{wolf2019huggingface,
  title={Huggingfaceâ€™s transformers: State-of-the-art natural language processing. arXiv},
  author={Wolf, Thomas and Debut, Lysandre and Sanh, Victor and Chaumond, Julien and Delangue, Clement and Moi, Anthony and Cistac, Pierric and Rault, Tim and Louf, R{\'e}mi and Funtowicz, Morgan and others},
  journal={arXiv preprint arXiv:1910.03771},
  year={2019}
}

@inproceedings{sanh2022multitask,
  title={Multitask prompted training enables zero-shot task generalization},
  author={Sanh, Victor and Webson, Albert and Raffel, Colin and Bach, Stephen and Sutawika, Lintang and Alyafeai, Zaid and Chaffin, Antoine and Stiegler, Arnaud and Raja, Arun and Dey, Manan and others},
  booktitle={International Conference on Learning Representations},
  year={2022}
}

@article{uppaal2023fine,
  title={Is fine-tuning needed? pre-trained language models are near perfect for out-of-domain detection},
  author={Uppaal, Rheeya and Hu, Junjie and Li, Yixuan},
  journal={arXiv preprint arXiv:2305.13282},
  year={2023}
}

@article{zhang2021survey,
  title={A survey on multi-task learning},
  author={Zhang, Yu and Yang, Qiang},
  journal={IEEE transactions on knowledge and data engineering},
  volume={34},
  number={12},
  pages={5586--5609},
  year={2021}
}

@inproceedings{zhang2024streamspeech,
  title={StreamSpeech: Simultaneous Speech-to-Speech Translation with Multi-task Learning},
  author={Zhang, Shaolei and Fang, Qingkai and Guo, Shoutao and Ma, Zhengrui and Zhang, Min and Feng, Yang},
  booktitle={Proceedings of the 62nd Annual Meeting of the Association for Computational Linguistics},
  year={2024}
}

@article{yu2020gradient,
  title={Gradient surgery for multi-task learning},
  author={Yu, Tianhe and Kumar, Saurabh and Gupta, Abhishek and Levine, Sergey and Hausman, Karol and Finn, Chelsea},
  journal={Advances in Neural Information Processing Systems},
  volume={33},
  pages={5824--5836},
  year={2020}
}

@article{liu2021conflict,
  title={Conflict-averse gradient descent for multi-task learning},
  author={Liu, Bo and Liu, Xingchao and Jin, Xiaojie and Stone, Peter and Liu, Qiang},
  journal={Advances in Neural Information Processing Systems},
  volume={34},
  pages={18878--18890},
  year={2021}
}

@article{li2023deep,
  title={Deep model fusion: A survey},
  author={Li, Weishi and Peng, Yong and Zhang, Miao and Ding, Liang and Hu, Han and Shen, Li},
  journal={arXiv preprint arXiv:2309.15698},
  year={2023}
}

@article{young2002htk,
  title={The HTK book},
  author={Young, Steve and Evermann, Gunnar and Gales, Mark and Hain, Thomas and Kershaw, Dan and Liu, Xunying and Moore, Gareth and Odell, Julian and Ollason, Dave and Povey, Dan and others},
  journal={Cambridge university engineering department},
  volume={3},
  number={175},
  pages={12},
  year={2002}
}

@inproceedings{povey2011kaldi,
  title={The Kaldi speech recognition toolkit},
  author={Povey, Daniel and Ghoshal, Arnab and Boulianne, Gilles and Burget, Lukas and Glembek, Ondrej and Goel, Nagendra and Hannemann, Mirko and Motlicek, Petr and Qian, Yanmin and Schwarz, Petr and others},
  booktitle={IEEE 2011 workshop on automatic speech recognition and understanding},
  year={2011},
  organization={IEEE Signal Processing Society}
}


%%%%%%%%%%%%%%%%%%%%%%%%%%%%%%%%%%%%%%%%%%%%%%%%%%
@article{prabhavalkar2023end,
  title={End-to-end speech recognition: A survey},
  author={Prabhavalkar, Rohit and Hori, Takaaki and Sainath, Tara N and Schl{\"u}ter, Ralf and Watanabe, Shinji},
  journal={IEEE/ACM Transactions on Audio, Speech, and Language Processing},
  volume={32},
  pages={325--351},
  year={2023}
}

@inproceedings{xu2023recent,
  title={Recent advances in direct speech-to-text translation},
  author={Xu, Chen and Ye, Rong and Dong, Qianqian and Zhao, Chengqi and Ko, Tom and Wang, Mingxuan and Xiao, Tong and Zhu, Jingbo},
  booktitle={International Joint Conference on Artificial Intelligence},
  pages={6796--6804},
  year={2023}
}

@inproceedings{liu2024recent,
  title={Recent Highlights in Multilingual and Multimodal Speech Translation},
  author={Liu, Danni and Niehues, Jan},
  booktitle={International Conference on Spoken Language Translation},
  pages={235--253},
  year={2024}
}

@inproceedings{cheng2023mu2slam,
  title={Mu2SLAM: multitask, multilingual speech and language models},
  author={Cheng, Yong and Zhang, Yu and Johnson, Melvin and Macherey, Wolfgang and Bapna, Ankur},
  booktitle={International Conference on Machine Learning},
  pages={5504--5520},
  year={2023}
}

@inproceedings{sun2023towards,
  title={Towards a Deep Understanding of Multilingual End-to-End Speech Translation},
  author={Sun, Haoran and Zhao, Xiaohu and Lei, Yikun and Xiong, Deyi and others},
  booktitle={Findings of Conference on Empirical Methods in Natural Language Processing},
  pages={14332--14348},
  year={2023}
}

@inproceedings{saif2024m2asr,
  title={M2ASR: Multilingual multi-task automatic speech recognition via multi-objective optimization},
  author={Saif, AFM and Chen, Lisha and Cui, Xiaodong and Lu, Songtao and Kingsbury, Brian and Chen, Tianyi},
  booktitle={Interspeech},
  pages={1240--1244},
  year={2024}
}

@inproceedings{wang2021voxpopuli,
  title={VoxPopuli: A large-scale multilingual speech corpus for representation learning, semi-supervised learning and interpretation},
  author={Wang, Changhan and Riviere, Morgane and Lee, Ann and Wu, Anne and Talnikar, Chaitanya and Haziza, Daniel and Williamson, Mary and Pino, Juan and Dupoux, Emmanuel},
  booktitle={Annual Meeting of the Association for Computational Linguistics},
  pages={993--1003},
  year={2021}
}

@inproceedings{le2021lightweight,
  title={Lightweight Adapter Tuning for Multilingual Speech Translation},
  author={Le, Hang and Pino, Juan and Wang, Changhan and Gu, Jiatao and Schwab, Didier and Besacier, Laurent},
  booktitle={Annual Meeting of the Association for Computational Linguistics},
  pages={817--824},
  year={2021}
}

@inproceedings{chan2016listen,
  title={Listen, attend and spell: A neural network for large vocabulary conversational speech recognition},
  author={Chan, William and Jaitly, Navdeep and Le, Quoc and Vinyals, Oriol},
  booktitle={{IEEE} International Conference on Acoustics, Speech and Signal Processing},
  pages={4960--4964},
  year={2016}
}

@inproceedings{gulati2020conformer,
  title={Conformer: Convolution-augmented transformer for speech recognition},
  author={Gulati, Anmol and Qin, James and Chiu, Chung-Cheng and Parmar, Niki and Zhang, Yu and Yu, Jiahui and Han, Wei and Wang, Shibo and Zhang, Zhengdong and Wu, Yonghui and others},
  booktitle={Interspeech},
  pages={6--10},
  year={2020}
}

@article{barrault2023seamlessm4t,
  title={SeamlessM4T-Massively Multilingual \& Multimodal Machine Translation},
  author={Barrault, Lo{\"\i}c and Chung, Yu-An and Meglioli, Mariano Cora and Dale, David and Dong, Ning and Duquenne, Paul-Ambroise and Elsahar, Hady and Gong, Hongyu and Heffernan, Kevin and Hoffman, John and others},
  journal={arXiv preprint arXiv:2308.11596},
  year={2023}
}

@inproceedings{radford2023robust,
  title={Robust speech recognition via large-scale weak supervision},
  author={Radford, Alec and Kim, Jong Wook and Xu, Tao and Brockman, Greg and McLeavey, Christine and Sutskever, Ilya},
  booktitle={International Conference on Machine Learning},
  pages={28492--28518},
  year={2023}
}

@inproceedings{ilharcoediting,
  title={Editing models with task arithmetic},
  author={Ilharco, Gabriel and Ribeiro, Marco Tulio and Wortsman, Mitchell and Schmidt, Ludwig and Hajishirzi, Hannaneh and Farhadi, Ali},
  booktitle={International Conference on Learning Representations},
  year={2023}
}

@inproceedings{yadav2024ties,
  title={Ties-merging: Resolving interference when merging models},
  author={Yadav, Prateek and Tam, Derek and Choshen, Leshem and Raffel, Colin A and Bansal, Mohit},
  booktitle={Advances in Neural Information Processing Systems},
  pages={7093--7115},
  year={2024}
}

@inproceedings{yu2024language,
  title={Language models are super mario: Absorbing abilities from homologous models as a free lunch},
  author={Yu, Le and Yu, Bowen and Yu, Haiyang and Huang, Fei and Li, Yongbin},
  booktitle={International Conference on Machine Learning},
  pages={57755--57775},
  year={2024}
}

@inproceedings{wang2019characterizing,
  title={Characterizing and avoiding negative transfer},
  author={Wang, Zirui and Dai, Zihang and P{\'o}czos, Barnab{\'a}s and Carbonell, Jaime},
  booktitle={{IEEE} Conference on Computer Vision and Pattern Recognition},
  pages={11293--11302},
  year={2019}
}

@article{zhang2022survey,
  title={A survey on negative transfer},
  author={Zhang, Wen and Deng, Lingfei and Zhang, Lei and Wu, Dongrui},
  journal={IEEE/CAA Journal of Automatica Sinica},
  volume={10},
  pages={305--329},
  year={2023}
}

@inproceedings{wang2020negative,
  title={On negative interference in multilingual models: Findings and a meta-learning treatment},
  author={Wang, Zirui and Lipton, Zachary C and Tsvetkov, Yulia},
  booktitle={Conference on Empirical Methods in Natural Language Processing},
  pages={4438--4450},
  year={2020}
}

@inproceedings{dong2015multi,
  title={Multi-task learning for multiple language translation},
  author={Dong, Daxiang and Wu, Hua and He, Wei and Yu, Dianhai and Wang, Haifeng},
  booktitle={Annual Meeting of the Association for Computational Linguistics},
  pages={1723--1732},
  year={2015}
}

@inproceedings{zhu2020multilingual,
  title={Multilingual Speech Recognition with Self-Attention Structured Parameterization},
  author={Zhu, Yun and Haghani, Parisa and Tripathi, Anshuman and Ramabhadran, Bhuvana and Farris, Brian and Xu, Hainan and Lu, Han and Sak, Hasim and Leal, Isabel and Gaur, Neeraj and others},
  booktitle={Interspeech},
  pages={4741--4745},
  year={2020}
}

@inproceedings{zhang2020improving,
  title={Improving massively multilingual neural machine translation and zero-shot translation},
  author={Zhang, Biao and Williams, Philip and Titov, Ivan and Sennrich, Rico},
  booktitle={Annual Meeting of the Association for Computational Linguistics},
  pages={1628--1639},
  year={2020}
}

@inproceedings{kwon2023mole,
  title={Mole: Mixture of language experts for multi-lingual automatic speech recognition},
  author={Kwon, Yoohwan and Chung, Soo-Whan},
  booktitle={{IEEE} International Conference on Acoustics, Speech and Signal Processing},
  pages={1--5},
  year={2023}
}

@inproceedings{wang2023language,
  title={Language-routing mixture of experts for multilingual and code-switching speech recognition},
  author={Wang, Wenxuan and Ma, Guodong and Li, Yuke and Du, Binbin},
  booktitle={Interspeech},
  pages={1389--1393},
  year={2023}
}

@inproceedings{kannan2019large,
  title={Large-Scale Multilingual Speech Recognition with a Streaming End-to-End Model},
  author={Kannan, Anjuli and Datta, Arindrima and Sainath, Tara N and Weinstein, Eugene and Ramabhadran, Bhuvana and Wu, Yonghui and Bapna, Ankur and Chen, Zhifeng and Lee, Seungji},
  booktitle={Interspeech},
  pages={2130--2134},
  year={2019}
}

@inproceedings{lu2022language,
  title={Language adaptive cross-lingual speech representation learning with sparse sharing sub-networks},
  author={Lu, Yizhou and Huang, Mingkun and Qu, Xinghua and Wei, Pengfei and Ma, Zejun},
  booktitle={{IEEE} International Conference on Acoustics, Speech and Signal Processing},
  pages={6882--6886},
  year={2022}
}

@inproceedings{lai2021parp,
  title={Parp: Prune, adjust and re-prune for self-supervised speech recognition},
  author={Lai, Cheng-I Jeff and Zhang, Yang and Liu, Alexander H and Chang, Shiyu and Liao, Yi-Lun and Chuang, Yung-Sung and Qian, Kaizhi and Khurana, Sameer and Cox, David and Glass, Jim},
  booktitle={Advances in Neural Information Processing Systems},
  pages={21256--21272},
  year={2021}
}

@article{johnson2017google,
  title={Googleâ€™s multilingual neural machine translation system: Enabling zero-shot translation},
  author={Johnson, Melvin and Schuster, Mike and Le, Quoc V and Krikun, Maxim and Wu, Yonghui and Chen, Zhifeng and Thorat, Nikhil and Vi{\'e}gas, Fernanda and Wattenberg, Martin and Corrado, Greg and others},
  journal={Transactions of the Association for Computational Linguistics},
  volume={5},
  pages={339--351},
  year={2017}
}

@inproceedings{di2019one,
  title={One-to-many multilingual end-to-end speech translation},
  author={Di Gangi, Mattia A and Negri, Matteo and Turchi, Marco},
  booktitle={{IEEE} Automatic Speech Recognition and Understanding Workshop},
  pages={585--592},
  year={2019}
}

@inproceedings{xiao2021adversarial,
  title={Adversarial meta sampling for multilingual low-resource speech recognition},
  author={Xiao, Yubei and Gong, Ke and Zhou, Pan and Zheng, Guolin and Liang, Xiaodan and Lin, Liang},
  booktitle={{AAAI} Conference on Artificial Intelligence},
  pages={14112--14120},
  year={2021}
}

@inproceedings{hsu2020meta,
  title={Meta learning for end-to-end low-resource speech recognition},
  author={Hsu, Jui-Yang and Chen, Yuan-Jui and Lee, Hung-yi},
  booktitle={{IEEE} International Conference on Acoustics, Speech and Signal Processing},
  pages={7844--7848},
  year={2020}
}

@inproceedings{bai2018source,
  title={Source-critical reinforcement learning for transferring spoken language understanding to a new language},
  author={Bai, He and Zhou, Yu and Zhang, Jiajun and Zhao, Liang and Hwang, Mei-Yuh and Zong, Chengqing},
  booktitle={International Conference on Computational Linguistics},
  pages={3597--3607},
  year={2018}
}

@article{rubenstein2023audiopalm,
  title={Audiopalm: A large language model that can speak and listen},
  author={Rubenstein, Paul K and Asawaroengchai, Chulayuth and Nguyen, Duc Dung and Bapna, Ankur and Borsos, Zal{\'a}n and Quitry, F{\'e}lix de Chaumont and Chen, Peter and Badawy, Dalia El and Han, Wei and Kharitonov, Eugene and others},
  journal={arXiv preprint arXiv:2306.12925},
  year={2023}
}

@article{yang2024model,
  title={Model merging in llms, mllms, and beyond: Methods, theories, applications and opportunities},
  author={Yang, Enneng and Shen, Li and Guo, Guibing and Wang, Xingwei and Cao, Xiaochun and Zhang, Jie and Tao, Dacheng},
  journal={arXiv preprint arXiv:2408.07666},
  year={2024}
}

@article{khan2024sok,
  title={Sok: On finding common ground in loss landscapes using deep model merging techniques},
  author={Khan, Arham and Nief, Todd and Hudson, Nathaniel and Sakarvadia, Mansi and Grzenda, Daniel and Ajith, Aswathy and Pettyjohn, Jordan and Chard, Kyle and Foster, Ian},
  journal={arXiv preprint arXiv:2410.12927},
  year={2024}
}

@inproceedings{izmailov2018averaging,
  title={Averaging weights leads to wider optima and better generalization},
  author={Izmailov, Pavel and Podoprikhin, Dmitrii and Garipov, Timur and Vetrov, Dmitry and Wilson, Andrew Gordon},
  booktitle={International Conference on Uncertainty in Artificial Intelligence},
  pages={876--885},
  year={2018}
}

@inproceedings{frankle2020linear,
  title={Linear mode connectivity and the lottery ticket hypothesis},
  author={Frankle, Jonathan and Dziugaite, Gintare Karolina and Roy, Daniel and Carbin, Michael},
  booktitle={International Conference on Machine Learning},
  pages={3259--3269},
  year={2020}
}

@inproceedings{draxler2018essentially,
  title={Essentially no barriers in neural network energy landscape},
  author={Draxler, Felix and Veschgini, Kambis and Salmhofer, Manfred and Hamprecht, Fred},
  booktitle={International Conference on Machine Learning},
  pages={1308--1317},
  year={2018}
}

@inproceedings{nagarajan2019uniform,
  title={Uniform convergence may be unable to explain generalization in deep learning},
  author={Nagarajan, Vaishnavh and Kolter, J Zico},
  booktitle={Advances in Neural Information Processing Systems},
  pages={11611--11622},
  year={2019}
}

@inproceedings{entezarirole,
  title={The Role of Permutation Invariance in Linear Mode Connectivity of Neural Networks},
  author={Entezari, Rahim and Sedghi, Hanie and Saukh, Olga and Neyshabur, Behnam},
  booktitle={International Conference on Learning Representations},
  year={2021}
}

@inproceedings{singh2020model,
  title={Model fusion via optimal transport},
  author={Singh, Sidak Pal and Jaggi, Martin},
  booktitle={Advances in Neural Information Processing Systems},
  pages={22045--22055},
  year={2020}
}

@inproceedings{ainsworthgit,
  title={Git Re-Basin: Merging Models modulo Permutation Symmetries},
  author={Ainsworth, Samuel and Hayase, Jonathan and Srinivasa, Siddhartha},
  booktitle={International Conference on Learning Representations},
  year={2023}
}

@inproceedings{tatro2020optimizing,
  title={Optimizing mode connectivity via neuron alignment},
  author={Tatro, Norman and Chen, Pin-Yu and Das, Payel and Melnyk, Igor and Sattigeri, Prasanna and Lai, Rongjie},
  booktitle={Advances in Neural Information Processing Systems},
  pages={15300--15311},
  year={2020}
}

@inproceedings{wanglocalizing,
  title={Localizing Task Information for Improved Model Merging and Compression},
  author={Wang, Ke and Dimitriadis, Nikolaos and Ortiz-Jimenez, Guillermo and Fleuret, Fran{\c{c}}ois and Frossard, Pascal},
  booktitle={International Conference on Machine Learning},
  pages={50268--50287},
  year={2024}
}

@article{he2024localize,
  title={Localize-and-stitch: Efficient model merging via sparse task arithmetic},
  author={He, Yifei and Hu, Yuzheng and Lin, Yong and Zhang, Tong and Zhao, Han},
  journal={Transactions on Machine Learning Research},
  year={2024}
}

@inproceedings{yangrepresentation,
  title={Representation Surgery for Multi-Task Model Merging},
  author={Yang, Enneng and Shen, Li and Wang, Zhenyi and Guo, Guibing and Chen, Xiaojun and Wang, Xingwei and Tao, Dacheng},
  booktitle={International Conference on Machine Learning},
  pages={56332--56356},
  year={2024}
}

@article{wei2025modeling,
  title={Modeling Multi-Task Model Merging as Adaptive Projective Gradient Descent},
  author={Wei, Yongxian and Tang, Anke and Shen, Li and Xiong, Feng and Yuan, Chun and Cao, Xiaochun},
  journal={arXiv preprint arXiv:2501.01230},
  year={2025}
}

@article{xiong2024multi,
  title={Multi-task model merging via adaptive weight disentanglement},
  author={Xiong, Feng and Cheng, Runxi and Chen, Wang and Zhang, Zhanqiu and Guo, Yiwen and Yuan, Chun and Xu, Ruifeng},
  journal={arXiv preprint arXiv:2411.18729},
  year={2024}
}

@inproceedings{matena2022merging,
  title={Merging models with fisher-weighted averaging},
  author={Matena, Michael S and Raffel, Colin A},
  booktitle={Advances in Neural Information Processing Systems},
  pages={17703--17716},
  year={2022}
}

@inproceedings{regmean,
  title={Dataless Knowledge Fusion by Merging Weights of Language Models},
  author={Jin, Xisen and Ren, Xiang and Preotiuc-Pietro, Daniel and Cheng, Pengxiang},
  booktitle={International Conference on Learning Representations},
  year={2022}
}

@inproceedings{yangadamerging,
  title={AdaMerging: Adaptive Model Merging for Multi-Task Learning},
  author={Yang, Enneng and Wang, Zhenyi and Shen, Li and Liu, Shiwei and Guo, Guibing and Wang, Xingwei and Tao, Dacheng},
  booktitle={International Conference on Learning Representations},
  year={2023}
}

@inproceedings{lecun1989optimal,
  title={Optimal brain damage},
  author={LeCun, Yann and Denker, John and Solla, Sara},
  booktitle={Advances in Neural Information Processing Systems},
  pages={598--605},
  year={1989}
}

@inproceedings{han2015learning,
  title={Learning both weights and connections for efficient neural network},
  author={Han, Song and Pool, Jeff and Tran, John and Dally, William},
  booktitle={Advances in Neural Information Processing Systems},
  pages={1135--1143},
  year={2015}
}

@article{wang2020covost,
  title={Covost 2 and massively multilingual speech-to-text translation},
  author={Wang, Changhan and Wu, Anne and Pino, Juan},
  journal={arXiv preprint arXiv:2007.10310},
  year={2020}
}

@inproceedings{andrew2007scalable,
  title={Scalable training of {L1}-regularized log-linear models},
  author={Andrew, Galen and Gao, Jianfeng},
  booktitle={International Conference on Machine Learning},
  pages={33--40},
  year={2007},
}

@inproceedings{zhang2023umluniversalmonolingualoutput,
  title={UML: A Universal Monolingual Output Layer for Multilingual ASR}, 
  author={Chao Zhang and Bo Li and Tara N. Sainath and Trevor Strohman and Shuo-yiin Chang},
  booktitle={{IEEE} International Conference on Acoustics, Speech and Signal Processing},
  pages={1--5},
  year={2023}
}

@inproceedings{zhang2022streamingendtoendmultilingualspeech,
  title={Streaming End-to-End Multilingual Speech Recognition with Joint Language Identification}, 
  author={Chao Zhang and Bo Li and Tara Sainath and Trevor Strohman and Sepand Mavandadi and Shuo-yiin Chang and Parisa Haghani},
  booktitle={Interspeech},
  pages={3223--3227},
  year={2022}
}