@inproceedings{ainsworthgit,
  title={Git Re-Basin: Merging Models modulo Permutation Symmetries},
  author={Ainsworth, Samuel and Hayase, Jonathan and Srinivasa, Siddhartha},
  booktitle={International Conference on Learning Representations},
  year={2023}
}

@inproceedings{bai2018source,
  title={Source-critical reinforcement learning for transferring spoken language understanding to a new language},
  author={Bai, He and Zhou, Yu and Zhang, Jiajun and Zhao, Liang and Hwang, Mei-Yuh and Zong, Chengqing},
  booktitle={International Conference on Computational Linguistics},
  pages={3597--3607},
  year={2018}
}

@article{barrault2023seamlessm4t,
  title={SeamlessM4T-Massively Multilingual \& Multimodal Machine Translation},
  author={Barrault, Lo{\"\i}c and Chung, Yu-An and Meglioli, Mariano Cora and Dale, David and Dong, Ning and Duquenne, Paul-Ambroise and Elsahar, Hady and Gong, Hongyu and Heffernan, Kevin and Hoffman, John and others},
  journal={arXiv preprint arXiv:2308.11596},
  year={2023}
}

@inproceedings{di2019one,
  title={One-to-many multilingual end-to-end speech translation},
  author={Di Gangi, Mattia A and Negri, Matteo and Turchi, Marco},
  booktitle={{IEEE} Automatic Speech Recognition and Understanding Workshop},
  pages={585--592},
  year={2019}
}

@inproceedings{dong2015multi,
  title={Multi-task learning for multiple language translation},
  author={Dong, Daxiang and Wu, Hua and He, Wei and Yu, Dianhai and Wang, Haifeng},
  booktitle={Annual Meeting of the Association for Computational Linguistics},
  pages={1723--1732},
  year={2015}
}

@inproceedings{draxler2018essentially,
  title={Essentially no barriers in neural network energy landscape},
  author={Draxler, Felix and Veschgini, Kambis and Salmhofer, Manfred and Hamprecht, Fred},
  booktitle={International Conference on Machine Learning},
  pages={1308--1317},
  year={2018}
}

@inproceedings{entezarirole,
  title={The Role of Permutation Invariance in Linear Mode Connectivity of Neural Networks},
  author={Entezari, Rahim and Sedghi, Hanie and Saukh, Olga and Neyshabur, Behnam},
  booktitle={International Conference on Learning Representations},
  year={2021}
}

@inproceedings{frankle2020linear,
  title={Linear mode connectivity and the lottery ticket hypothesis},
  author={Frankle, Jonathan and Dziugaite, Gintare Karolina and Roy, Daniel and Carbin, Michael},
  booktitle={International Conference on Machine Learning},
  pages={3259--3269},
  year={2020}
}

@article{he2024localize,
  title={Localize-and-stitch: Efficient model merging via sparse task arithmetic},
  author={He, Yifei and Hu, Yuzheng and Lin, Yong and Zhang, Tong and Zhao, Han},
  journal={Transactions on Machine Learning Research},
  year={2024}
}

@inproceedings{hsu2020meta,
  title={Meta learning for end-to-end low-resource speech recognition},
  author={Hsu, Jui-Yang and Chen, Yuan-Jui and Lee, Hung-yi},
  booktitle={{IEEE} International Conference on Acoustics, Speech and Signal Processing},
  pages={7844--7848},
  year={2020}
}

@inproceedings{izmailov2018averaging,
  title={Averaging weights leads to wider optima and better generalization},
  author={Izmailov, Pavel and Podoprikhin, Dmitrii and Garipov, Timur and Vetrov, Dmitry and Wilson, Andrew Gordon},
  booktitle={International Conference on Uncertainty in Artificial Intelligence},
  pages={876--885},
  year={2018}
}

@article{johnson2017google,
  title={Googleâ€™s multilingual neural machine translation system: Enabling zero-shot translation},
  author={Johnson, Melvin and Schuster, Mike and Le, Quoc V and Krikun, Maxim and Wu, Yonghui and Chen, Zhifeng and Thorat, Nikhil and Vi{\'e}gas, Fernanda and Wattenberg, Martin and Corrado, Greg and others},
  journal={Transactions of the Association for Computational Linguistics},
  volume={5},
  pages={339--351},
  year={2017}
}

@inproceedings{kannan2019large,
  title={Large-Scale Multilingual Speech Recognition with a Streaming End-to-End Model},
  author={Kannan, Anjuli and Datta, Arindrima and Sainath, Tara N and Weinstein, Eugene and Ramabhadran, Bhuvana and Wu, Yonghui and Bapna, Ankur and Chen, Zhifeng and Lee, Seungji},
  booktitle={Interspeech},
  pages={2130--2134},
  year={2019}
}

@article{khan2024sok,
  title={Sok: On finding common ground in loss landscapes using deep model merging techniques},
  author={Khan, Arham and Nief, Todd and Hudson, Nathaniel and Sakarvadia, Mansi and Grzenda, Daniel and Ajith, Aswathy and Pettyjohn, Jordan and Chard, Kyle and Foster, Ian},
  journal={arXiv preprint arXiv:2410.12927},
  year={2024}
}

@inproceedings{kwon2023mole,
  title={Mole: Mixture of language experts for multi-lingual automatic speech recognition},
  author={Kwon, Yoohwan and Chung, Soo-Whan},
  booktitle={{IEEE} International Conference on Acoustics, Speech and Signal Processing},
  pages={1--5},
  year={2023}
}

@inproceedings{lai2021parp,
  title={Parp: Prune, adjust and re-prune for self-supervised speech recognition},
  author={Lai, Cheng-I Jeff and Zhang, Yang and Liu, Alexander H and Chang, Shiyu and Liao, Yi-Lun and Chuang, Yung-Sung and Qian, Kaizhi and Khurana, Sameer and Cox, David and Glass, Jim},
  booktitle={Advances in Neural Information Processing Systems},
  pages={21256--21272},
  year={2021}
}

@inproceedings{le2021lightweight,
  title={Lightweight Adapter Tuning for Multilingual Speech Translation},
  author={Le, Hang and Pino, Juan and Wang, Changhan and Gu, Jiatao and Schwab, Didier and Besacier, Laurent},
  booktitle={Annual Meeting of the Association for Computational Linguistics},
  pages={817--824},
  year={2021}
}

@inproceedings{lu2022language,
  title={Language adaptive cross-lingual speech representation learning with sparse sharing sub-networks},
  author={Lu, Yizhou and Huang, Mingkun and Qu, Xinghua and Wei, Pengfei and Ma, Zejun},
  booktitle={{IEEE} International Conference on Acoustics, Speech and Signal Processing},
  pages={6882--6886},
  year={2022}
}

@inproceedings{matena2022merging,
  title={Merging models with fisher-weighted averaging},
  author={Matena, Michael S and Raffel, Colin A},
  booktitle={Advances in Neural Information Processing Systems},
  pages={17703--17716},
  year={2022}
}

@inproceedings{nagarajan2019uniform,
  title={Uniform convergence may be unable to explain generalization in deep learning},
  author={Nagarajan, Vaishnavh and Kolter, J Zico},
  booktitle={Advances in Neural Information Processing Systems},
  pages={11611--11622},
  year={2019}
}

@inproceedings{radford2023robust,
  title={Robust speech recognition via large-scale weak supervision},
  author={Radford, Alec and Kim, Jong Wook and Xu, Tao and Brockman, Greg and McLeavey, Christine and Sutskever, Ilya},
  booktitle={International Conference on Machine Learning},
  pages={28492--28518},
  year={2023}
}

@inproceedings{regmean,
  title={Dataless Knowledge Fusion by Merging Weights of Language Models},
  author={Jin, Xisen and Ren, Xiang and Preotiuc-Pietro, Daniel and Cheng, Pengxiang},
  booktitle={International Conference on Learning Representations},
  year={2022}
}

@article{rubenstein2023audiopalm,
  title={Audiopalm: A large language model that can speak and listen},
  author={Rubenstein, Paul K and Asawaroengchai, Chulayuth and Nguyen, Duc Dung and Bapna, Ankur and Borsos, Zal{\'a}n and Quitry, F{\'e}lix de Chaumont and Chen, Peter and Badawy, Dalia El and Han, Wei and Kharitonov, Eugene and others},
  journal={arXiv preprint arXiv:2306.12925},
  year={2023}
}

@inproceedings{saif2024m2asr,
  title={M2ASR: Multilingual multi-task automatic speech recognition via multi-objective optimization},
  author={Saif, AFM and Chen, Lisha and Cui, Xiaodong and Lu, Songtao and Kingsbury, Brian and Chen, Tianyi},
  booktitle={Interspeech},
  pages={1240--1244},
  year={2024}
}

@inproceedings{singh2020model,
  title={Model fusion via optimal transport},
  author={Singh, Sidak Pal and Jaggi, Martin},
  booktitle={Advances in Neural Information Processing Systems},
  pages={22045--22055},
  year={2020}
}

@inproceedings{tatro2020optimizing,
  title={Optimizing mode connectivity via neuron alignment},
  author={Tatro, Norman and Chen, Pin-Yu and Das, Payel and Melnyk, Igor and Sattigeri, Prasanna and Lai, Rongjie},
  booktitle={Advances in Neural Information Processing Systems},
  pages={15300--15311},
  year={2020}
}

@inproceedings{wang2023language,
  title={Language-routing mixture of experts for multilingual and code-switching speech recognition},
  author={Wang, Wenxuan and Ma, Guodong and Li, Yuke and Du, Binbin},
  booktitle={Interspeech},
  pages={1389--1393},
  year={2023}
}

@inproceedings{wanglocalizing,
  title={Localizing Task Information for Improved Model Merging and Compression},
  author={Wang, Ke and Dimitriadis, Nikolaos and Ortiz-Jimenez, Guillermo and Fleuret, Fran{\c{c}}ois and Frossard, Pascal},
  booktitle={International Conference on Machine Learning},
  pages={50268--50287},
  year={2024}
}

@article{wei2025modeling,
  title={Modeling Multi-Task Model Merging as Adaptive Projective Gradient Descent},
  author={Wei, Yongxian and Tang, Anke and Shen, Li and Xiong, Feng and Yuan, Chun and Cao, Xiaochun},
  journal={arXiv preprint arXiv:2501.01230},
  year={2025}
}

@inproceedings{xiao2021adversarial,
  title={Adversarial meta sampling for multilingual low-resource speech recognition},
  author={Xiao, Yubei and Gong, Ke and Zhou, Pan and Zheng, Guolin and Liang, Xiaodan and Lin, Liang},
  booktitle={{AAAI} Conference on Artificial Intelligence},
  pages={14112--14120},
  year={2021}
}

@article{xiong2024multi,
  title={Multi-task model merging via adaptive weight disentanglement},
  author={Xiong, Feng and Cheng, Runxi and Chen, Wang and Zhang, Zhanqiu and Guo, Yiwen and Yuan, Chun and Xu, Ruifeng},
  journal={arXiv preprint arXiv:2411.18729},
  year={2024}
}

@inproceedings{yadav2024ties,
  title={Ties-merging: Resolving interference when merging models},
  author={Yadav, Prateek and Tam, Derek and Choshen, Leshem and Raffel, Colin A and Bansal, Mohit},
  booktitle={Advances in Neural Information Processing Systems},
  pages={7093--7115},
  year={2024}
}

@article{yang2024model,
  title={Model merging in llms, mllms, and beyond: Methods, theories, applications and opportunities},
  author={Yang, Enneng and Shen, Li and Guo, Guibing and Wang, Xingwei and Cao, Xiaochun and Zhang, Jie and Tao, Dacheng},
  journal={arXiv preprint arXiv:2408.07666},
  year={2024}
}

@inproceedings{yangadamerging,
  title={AdaMerging: Adaptive Model Merging for Multi-Task Learning},
  author={Yang, Enneng and Wang, Zhenyi and Shen, Li and Liu, Shiwei and Guo, Guibing and Wang, Xingwei and Tao, Dacheng},
  booktitle={International Conference on Learning Representations},
  year={2023}
}

@inproceedings{yangrepresentation,
  title={Representation Surgery for Multi-Task Model Merging},
  author={Yang, Enneng and Shen, Li and Wang, Zhenyi and Guo, Guibing and Chen, Xiaojun and Wang, Xingwei and Tao, Dacheng},
  booktitle={International Conference on Machine Learning},
  pages={56332--56356},
  year={2024}
}

@inproceedings{yu2024language,
  title={Language models are super mario: Absorbing abilities from homologous models as a free lunch},
  author={Yu, Le and Yu, Bowen and Yu, Haiyang and Huang, Fei and Li, Yongbin},
  booktitle={International Conference on Machine Learning},
  pages={57755--57775},
  year={2024}
}

@inproceedings{zhang2020improving,
  title={Improving massively multilingual neural machine translation and zero-shot translation},
  author={Zhang, Biao and Williams, Philip and Titov, Ivan and Sennrich, Rico},
  booktitle={Annual Meeting of the Association for Computational Linguistics},
  pages={1628--1639},
  year={2020}
}

@inproceedings{zhang2022streamingendtoendmultilingualspeech,
  title={Streaming End-to-End Multilingual Speech Recognition with Joint Language Identification}, 
  author={Chao Zhang and Bo Li and Tara Sainath and Trevor Strohman and Sepand Mavandadi and Shuo-yiin Chang and Parisa Haghani},
  booktitle={Interspeech},
  pages={3223--3227},
  year={2022}
}

@inproceedings{zhang2023umluniversalmonolingualoutput,
  title={UML: A Universal Monolingual Output Layer for Multilingual ASR}, 
  author={Chao Zhang and Bo Li and Tara N. Sainath and Trevor Strohman and Shuo-yiin Chang},
  booktitle={{IEEE} International Conference on Acoustics, Speech and Signal Processing},
  pages={1--5},
  year={2023}
}

@inproceedings{zhu2020multilingual,
  title={Multilingual Speech Recognition with Self-Attention Structured Parameterization},
  author={Zhu, Yun and Haghani, Parisa and Tripathi, Anshuman and Ramabhadran, Bhuvana and Farris, Brian and Xu, Hainan and Lu, Han and Sak, Hasim and Leal, Isabel and Gaur, Neeraj and others},
  booktitle={Interspeech},
  pages={4741--4745},
  year={2020}
}

