@article{Cui2023AnalysisOL,
  title={Analysis of learning a flow-based generative model from limited sample complexity},
  author={Cui, Hugo and Krzakala, Florent and Vanden-Eijnden, Eric and Zdeborov{\'a}, Lenka},
  journal={arXiv preprint arXiv:2310.03575},
  year={2023}
}

@article{allen2023physics,
  title={Physics of Language Models: Part 1, Context-Free Grammar},
  author={Allen-Zhu, Zeyuan and Li, Yuanzhi},
  journal={arXiv preprint arXiv:2305.13673},
  year={2023}
}

@article{biroli2023generative,
  title={Generative diffusion in very large dimensions},
  author={Biroli, Giulio and M{\'e}zard, Marc},
  journal={Journal of Statistical Mechanics: Theory and Experiment},
  volume={2023},
  number={9},
  pages={093402},
  year={2023},
  publisher={IOP Publishing}
}

@article{block2020generative,
  title={Generative modeling with denoising auto-encoders and Langevin sampling},
  author={Block, Adam and Mroueh, Youssef and Rakhlin, Alexander},
  journal={arXiv preprint arXiv:2002.00107},
  year={2020}
}

@article{cagnetta2023deep,
  title={How deep neural networks learn compositional data: The random hierarchy model},
  author={Cagnetta, Francesco and Petrini, Leonardo and Tomasini, Umberto M and Favero, Alessandro and Wyart, Matthieu},
  journal={Physical Review X},
  volume={14},
  number={3},
  pages={031001},
  year={2024},
  publisher={APS}
}

@inproceedings{cagnetta2024towards,
  title={Towards a theory of how the structure of language is acquired by deep neural networks},
  author={Francesco Cagnetta and Matthieu Wyart},
  booktitle={The Thirty-eighth Annual Conference on Neural Information Processing Systems},
  year={2024},
}

@article{chen2023score,
  title={Score approximation, estimation and distribution recovery of diffusion models on low-dimensional data},
  author={Chen, Minshuo and Huang, Kaixuan and Zhao, Tuo and Wang, Mengdi},
  journal={arXiv preprint arXiv:2302.07194},
  year={2023}
}

@article{de2022convergence,
  title={Convergence of denoising diffusion models under the manifold hypothesis},
  author={De Bortoli, Valentin},
  journal={arXiv preprint arXiv:2208.05314},
  year={2022}
}

@article{garnier2024transformers,
  title={How transformers learn structured data: insights from hierarchical filtering},
  author={Garnier-Brun, J{\'e}r{\^o}me and M{\'e}zard, Marc and Moscato, Emanuele and Saglietti, Luca},
  journal={arXiv preprint arXiv:2408.15138},
  year={2024}
}

@article{kadkhodaie2023learning,
  title={Learning multi-scale local conditional probability models of images},
  author={Kadkhodaie, Zahra and Guth, Florentin and Mallat, St{\'e}phane and Simoncelli, Eero P},
  journal={arXiv preprint arXiv:2303.02984},
  year={2023}
}

@article{kamb2024analytic,
  title={An analytic theory of creativity in convolutional diffusion models},
  author={Kamb, Mason and Ganguli, Surya},
  journal={arXiv preprint arXiv:2412.20292},
  year={2024}
}

@article{mei2023deep,
      title={Deep Networks as Denoising Algorithms: Sample-Efficient Learning of Diffusion Models in High-Dimensional Graphical Models}, 
      author={Song Mei and Yuchen Wu},
      journal={arXiv preprint arXiv:2309.11420},
      year={2023}
}

@article{mei2024unets,
      title={U-Nets as Belief Propagation: Efficient Classification, Denoising, and Diffusion in Generative Hierarchical Models}, 
      author={Song Mei},
      year={2024},
      journal={arXiv preprint arXiv:2404.18444},
}

@article{okawa2023compositional,
  title={Compositional abilities emerge multiplicatively: Exploring diffusion models on a synthetic task},
  author={Okawa, Maya and Lubana, Ekdeep S and Dick, Robert and Tanaka, Hidenori},
  journal={Advances in Neural Information Processing Systems},
  volume={36},
  year={2024}
}

@article{oko2023diffusion,
  title={Diffusion models are minimax optimal distribution estimators},
  author={Oko, Kazusato and Akiyama, Shunta and Suzuki, Taiji},
  journal={arXiv preprint arXiv:2303.01861},
  year={2023}
}

@article{sclocchi2024phase,
  title={A phase transition in diffusion models reveals the hierarchical nature of data},
  author={Sclocchi, Antonio and Favero, Alessandro and Wyart, Matthieu},
  journal={Proceedings of the National Academy of Sciences},
  volume={122},
  number={1},
  pages={e2408799121},
  year={2025},
  publisher={National Academy of Sciences}
}

@article{sclocchi2024probing,
  title={Probing the latent hierarchical structure of data via diffusion models},
  author={Sclocchi, Antonio and Favero, Alessandro and Levi, Noam Itzhak and Wyart, Matthieu},
  journal={arXiv preprint arXiv:2410.13770},
  year={2024}
}

@article{shah2023learning,
  title={Learning mixtures of gaussians using the ddpm objective},
  author={Shah, Kulin and Chen, Sitan and Klivans, Adam},
  journal={arXiv preprint arXiv:2307.01178},
  year={2023}
}

@article{yuan2023reward,
  title={Reward-directed conditional diffusion: Provable distribution estimation and reward improvement},
  author={Yuan, Hui and Huang, Kaixuan and Ni, Chengzhuo and Chen, Minshuo and Wang, Mengdi},
  journal={arXiv preprint arXiv:2307.07055},
  year={2023}
}

