@article{arjovsky_invariant_2019,
	title        = {Invariant risk minimization},
	author       = {Arjovsky, Martin and Bottou, L{\'e}on and Gulrajani, Ishaan and Lopez-Paz, David},
	year         = 2019,
	journal      = {ArXiv preprint arXiv:1907.02893}
}

@inproceedings{bohle_b-cos_2022,
	title        = {B-cos networks: Alignment is all we need for interpretability},
	author       = {B{\"o}hle, Moritz and Fritz, Mario and Schiele, Bernt},
	year         = 2022,
	booktitle    = {IEEE/CVF Conference on Computer Vision and Pattern Recognition},
	pages        = {10329--10338}
}

@inproceedings{carlucci_domain_2019,
	title        = {Domain Generalization by Solving Jigsaw Puzzles},
	author       = {Carlucci, Fabio M. and D'Innocente, Antonio and Bucci, Silvia and Caputo, Barbara and Tommasi, Tatiana},
	year         = 2019,
	booktitle    = {IEEE/CVF Conference on Computer Vision and Pattern Recognition},
	pages        = {2224--2233}
}

@inproceedings{chen_domain_2023,
	title        = {Domain Generalization via Rationale Invariance},
	author       = {Chen, Liang and Zhang, Yong and Song, Yibing and van den Hengel, Anton and Liu, Lingqiao},
	year         = 2023,
	booktitle    = {IEEE/CVF Conference on Computer Vision and Pattern Recognition},
	pages        = {1751--1760}
}

@inproceedings{creager_environment_2021,
	title        = {Environment inference for invariant learning},
	author       = {Creager, Elliot and Jacobsen, J{\"o}rn-Henrik and Zemel, Richard},
	year         = 2021,
	booktitle    = {International Conference on Machine Learning},
	pages        = {2189--2200}
}

@inproceedings{eastwood_spuriosity_2023,
	title        = {Spuriosity didnâ€™t kill the classifier: Using invariant predictions to harness spurious features},
	author       = {Eastwood, Cian and Singh, Shashank and Nicolicioiu, Andrei L and Vlastelica Pogan{\v{c}}i{\'c}, Marin and von K{\"u}gelgen, Julius and Sch{\"o}lkopf, Bernhard},
	year         = 2024,
	booktitle    = {Advances in Neural Information Processing Systems},
	volume       = 36,
	pages        = {18291--18324}
}

@inproceedings{fan_adversarially_2021,
	title        = {Adversarially Adaptive Normalization for Single Domain Generalization},
	author       = {Fan, Xinjie and Wang, Qifei and Ke, Junjie and Yang, Feng and Gong, Boqing and Zhou, Mingyuan},
	year         = 2021,
	booktitle    = {IEEE/CVF Conference on Computer Vision and Pattern Recognition},
	pages        = {8204--8213}
}

@inproceedings{hesse_fast_2021,
	title        = {Fast axiomatic attribution for neural networks},
	author       = {Hesse, Robin and Schaub-Meyer, Simone and Roth, Stefan},
	year         = 2021,
	booktitle    = {Advances in Neural Information Processing Systems},
	volume       = 34,
	pages        = {19513--19524}
}

@article{huang_robustness_2023,
	title        = {Robustness through Data Augmentation Loss Consistency},
	author       = {Huang, Tianjian and Halbe, Shaunak Ashish and Sankar, Chinnadhurai and Amini, Pooyan and Kottur, Satwik and Geramifard, Alborz and Razaviyayn, Meisam and Beirami, Ahmad},
	year         = 2023,
	journal      = {Transactions on Machine Learning Research}
}

@inproceedings{jeon_feature_2021,
	title        = {Feature stylization and domain-aware contrastive learning for domain generalization},
	author       = {Jeon, Seogkyu and Hong, Kibeom and Lee, Pilhyeon and Lee, Jewook and Byun, Hyeran},
	year         = 2021,
	booktitle    = {ACM International Conference on Multimedia},
	pages        = {22--31}
}

@article{jin_style_2022,
	title        = {Style Normalization and Restitution for Domain Generalization and Adaptation},
	author       = {Jin, Xin and Lan, Cuiling and Zeng, Wenjun and Chen, Zhibo},
	year         = 2022,
	journal      = {IEEE Transactions on Multimedia},
	volume       = 24,
	pages        = {3636--3651}
}

@inproceedings{kim_selfreg_2021,
	title        = {{SelfReg}: Self-supervised Contrastive Regularization for Domain Generalization},
	author       = {Kim, Daehee and Yoo, Youngjun and Park, Seunghyun and Kim, Jinkyu and Lee, Jaekoo},
	year         = 2021,
	booktitle    = {IEEE/CVF International Conference on Computer Vision},
	pages        = {9619--9628}
}

@inproceedings{koh_concept_2020,
	title        = {Concept bottleneck models},
	author       = {Koh, Pang Wei and Nguyen, Thao and Tang, Yew Siang and Mussmann, Stephen and Pierson, Emma and Kim, Been and Liang, Percy},
	year         = 2020,
	booktitle    = {International Conference on Machine Learning},
	pages        = {5338--5348}
}

@inproceedings{liu_just_2021,
	title        = {Just train twice: Improving group robustness without training group information},
	author       = {Liu, Evan Z and Haghgoo, Behzad and Chen, Annie S and Raghunathan, Aditi and Koh, Pang Wei and Sagawa, Shiori and Liang, Percy and Finn, Chelsea},
	year         = 2021,
	booktitle    = {International Conference on Machine Learning},
	pages        = {6781--6792}
}

@inproceedings{luo_scale_2021,
	title        = {Scale Invariant Domain Generalization Image Recapture Detection},
	author       = {Luo, Jinian and Guo, Jie and Qiu, Weidong and Huang, Zheng and Hui, Hong},
	year         = 2021,
	booktitle    = {International Conference on Neural Information Processing},
	pages        = {75--86}
}

@inproceedings{matsuura_domain_2020,
	title        = {Domain Generalization Using a Mixture of Multiple Latent Domains},
	author       = {Matsuura, Toshihiko and Harada, Tatsuya},
	year         = 2020,
	booktitle    = {AAAI Conference on Artificial Intelligence}
}

@inproceedings{nam_learning_2020,
	title        = {Learning from failure: De-biasing classifier from biased classifier},
	author       = {Nam, Junhyun and Cha, Hyuntak and Ahn, Sungsoo and Lee, Jaeho and Shin, Jinwoo},
	year         = 2020,
	booktitle    = {Advances in Neural Information Processing Systems},
	volume       = 33,
	pages        = {20673--20684}
}

@inproceedings{nam_spread_2022,
	title        = {Spread spurious attribute: Improving worst-group accuracy with spurious attribute estimation},
	author       = {Nam, Junhyun and Kim, Jaehyung and Lee, Jaeho and Shin, Jinwoo},
	year         = 2022,
	booktitle    = {Conference on Learning Representations}
}

@inproceedings{narayanan_shape-biased_2021,
	title        = {Shape-biased domain generalization via shock graph embeddings},
	author       = {Narayanan, Maruthi and Rajendran, Vickram and Kimia, Benjamin},
	year         = 2021,
	booktitle    = {IEEE/CVF International Conference on Computer Vision},
	pages        = {1315--1325}
}

@inproceedings{petryk_guiding_2022,
	title        = {On guiding visual attention with language specification},
	author       = {Petryk, Suzanne and Dunlap, Lisa and Nasseri, Keyan and Gonzalez, Joseph and Darrell, Trevor and Rohrbach, Anna},
	year         = 2022,
	booktitle    = {IEEE/CVF Conference on Computer Vision and Pattern Recognition},
	pages        = {18092--18102}
}

@inproceedings{prakash_structured_2019,
	title        = {Structured Domain Randomization: Bridging the Reality Gap by Context-Aware Synthetic Data},
	author       = {Prakash, Aayush and Boochoon, Shaad and Brophy, Mark and Acuna, David and Cameracci, Eric and State, Gavriel and Shapira, Omer and Birchfield, Stan},
	year         = 2019,
	booktitle    = {IEEE International Conference on Robotics and Automation},
	pages        = {7249--7255}
}

@article{puli_nuisances_2024,
	title        = {Nuisances via negativa: Adjusting for spurious correlations via data augmentation},
	author       = {Puli, Aahlad and Joshi, Nitish and Wald, Yoav and He, He and Ranganath, Rajesh},
	year         = 2024,
	journal      = {Transactions on Machine Learning}
}

@inproceedings{qiao_uncertainty-guided_2021,
	title        = {Uncertainty-guided Model Generalization to Unseen Domains},
	author       = {Qiao, Fengchun and Peng, Xi},
	year         = 2021,
	booktitle    = {IEEE/CVF Conference on Computer Vision and Pattern Recognition},
	pages        = {6790--6800}
}

@inproceedings{rame_fishr_2022,
	title        = {Fishr: Invariant Gradient Variances for Out-of-Distribution Generalization},
	author       = {Rame, Alexandre and Dancette, Corentin and Cord, Matthieu},
	year         = 2022,
	booktitle    = {International Conference on Machine Learning},
	pages        = {18347--18377}
}

@inproceedings{rao_studying_2023,
	title        = {Studying How to Efficiently and Effectively Guide Models with Explanations},
	author       = {Rao, Sukrut and B{\"o}hle, Moritz and Parchami-Araghi, Amin and Schiele, Bernt},
	year         = 2023,
	booktitle    = {IEEE/CVF International Conference on Computer Vision},
	pages        = {1922--1933}
}

@inproceedings{sagawa_distributionally_2020,
	title        = {Distributionally robust neural networks for group shifts: On the importance of regularization for worst-case generalization},
	author       = {Sagawa, Shiori and Koh, Pang Wei and Hashimoto, Tatsunori B and Liang, Percy},
	year         = 2020,
	booktitle    = {International Conference on Learning Representations}
}

@inproceedings{shi_gradient_2022,
	title        = {Gradient Matching for Domain Generalization},
	author       = {Shi, Yuge and Seely, Jeffrey and Torr, Philip HS and Siddharth, N and Hannun, Awni and Usunier, Nicolas and Synnaeve, Gabriel},
	year         = 2022,
	booktitle    = {International Conference on Learning Representations}
}

@inproceedings{shrikumar_learning_2017,
	title        = {Learning Important Features Through Propagating Activation Differences},
	author       = {Shrikumar, Avanti and Greenside, Peyton and Kundaje, Anshul},
	year         = 2017,
	booktitle    = {International conference on machine learning},
	pages        = {3145--3153}
}

@inproceedings{srivastava_robustness_2020,
	title        = {Robustness to spurious correlations via human annotations},
	author       = {Srivastava, Megha and Hashimoto, Tatsunori and Liang, Percy},
	year         = 2020,
	booktitle    = {International Conference on Machine Learning},
	pages        = {9109--9119}
}

@article{steinmann_navigating_2024,
	title        = {Navigating Shortcuts, Spurious Correlations, and Confounders: From Origins via Detection to Mitigation},
	author       = {Steinmann, David and Divo, Felix and Kraus, Maurice and W{\"u}st, Antonia and Struppek, Lukas and Friedrich, Felix and Kersting, Kristian},
	year         = 2024,
	journal      = {ArXiv preprint arXiv:2412.05152}
}

@inproceedings{sun_return_2016,
	title        = {Return of Frustratingly Easy Domain Adaptation},
	author       = {Sun, Baochen and Feng, Jiashi and Saenko, Kate},
	year         = 2016,
	booktitle    = {AAAI Conference on Artificial Intelligence},
	volume       = 30,
	number       = 1
}

@article{tian_neuron_2023,
	title        = {Neuron coverage-guided domain generalization},
	author       = {Tian, Chris Xing and Li, Haoliang and Xie, Xiaofei and Liu, Yang and Wang, Shiqi},
	year         = 2023,
	journal      = {IEEE Transactions on Pattern Analysis and Machine Intelligence},
	volume       = 45,
	number       = 1,
	pages        = {1302--1311}
}

@inproceedings{von_kugelgen_self-supervised_2021,
	title        = {Self-Supervised Learning with Data Augmentations Provably Isolates Content from Style},
	author       = {von KÃ¼gelgen, Julius and Sharma, Yash and Gresele, Luigi and Brendel, Wieland and SchÃ¶lkopf, Bernhard and Besserve, Michel and Locatello, Francesco},
	year         = 2021,
	booktitle    = {Advances in Neural Information Processing Systems},
	volume       = 34,
	pages        = {16451--16467}
}

@article{wang_generalizing_2023,
	title        = {Generalizing to Unseen Domains: A Survey on Domain Generalization},
	author       = {Wang, Jindong and Lan, Cuiling and Liu, Chang and Ouyang, Yidong and Qin, Tao and Lu, Wang and Chen, Yiqiang and Zeng, Wenjun and Yu, Philip S.},
	year         = 2023,
	journal      = {IEEE Transactions on Knowledge and Data Engineering},
	volume       = 35,
	number       = 8,
	pages        = {8052--8072}
}

@inproceedings{wang_learning_2021,
	title        = {Learning To Diversify for Single Domain Generalization},
	author       = {Wang, Zijian and Luo, Yadan and Qiu, Ruihong and Huang, Zi and Baktashmotlagh, Mahsa},
	year         = 2021,
	booktitle    = {IEEE/CVF International Conference on Computer Vision},
	pages        = {834--843}
}

@inproceedings{wu_collaborative_2021,
	title        = {Collaborative Optimization and Aggregation for Decentralized Domain Generalization and Adaptation},
	author       = {Wu, Guile and Gong, Shaogang},
	year         = 2021,
	booktitle    = {IEEE/CVF International Conference on Computer Vision},
	pages        = {6484--6493}
}

@inproceedings{wu_discover_2023,
	title        = {Discover and cure: Concept-aware mitigation of spurious correlation},
	author       = {Wu, Shirley and Yuksekgonul, Mert and Zhang, Linjun and Zou, James},
	year         = 2023,
	booktitle    = {International Conference on Machine Learning},
	pages        = {37765--37786}
}

@inproceedings{yao_improving_2022,
	title        = {Improving out-of-distribution robustness via selective augmentation},
	author       = {Yao, Huaxiu and Wang, Yu and Li, Sai and Zhang, Linjun and Liang, Weixin and Zou, James and Finn, Chelsea},
	year         = 2022,
	booktitle    = {International Conference on Machine Learning}
}

@article{ye_spurious_2024,
	title        = {Spurious correlations in machine learning: A survey},
	author       = {Ye, Wenqian and Zheng, Guangtao and Cao, Xu and Ma, Yunsheng and Zhang, Aidong},
	year         = 2024,
	journal      = {ArXiv preprint arXiv:2402.12715}
}

@inproceedings{yue_domain_2019,
	title        = {Domain Randomization and Pyramid Consistency: Simulation-to-Real Generalization Without Accessing Target Domain Data},
	author       = {Yue, Xiangyu and Zhang, Yang and Zhao, Sicheng and Sangiovanni-Vincentelli, Alberto and Keutzer, Kurt and Gong, Boqing},
	year         = 2019,
	booktitle    = {IEEE/CVF International Conference on Computer Vision},
	pages        = {2100--2110}
}

@inproceedings{zhao_learning_2021,
	title        = {Learning to Generalize Unseen Domains via Memory-based Multi-Source Meta-Learning for Person Re-Identification},
	author       = {Zhao, Yuyang and Zhong, Zhun and Yang, Fengxiang and Luo, Zhiming and Lin, Yaojin and Li, Shaozi and Sebe, Nicu},
	year         = 2021,
	booktitle    = {IEEE/CVF Conference on Computer Vision and Pattern Recognition},
	pages        = {6277--6286}
}

