@inproceedings{idrissi_simple_2022,
	title        = {Simple data balancing achieves competitive worst-group-accuracy},
	author       = {Idrissi, Badr Youbi and Arjovsky, Martın and Pezeshki, Mohammad and Lopez-Paz, David},
	year         = 2022,
	booktitle    = {Conference on Causal Learning and Reasoning},
	pages        = {336--351}
}
@inproceedings{shrikumar_learning_2017,
	title        = {Learning Important Features Through Propagating Activation Differences},
	author       = {Shrikumar, Avanti and Greenside, Peyton and Kundaje, Anshul},
	year         = 2017,
	booktitle    = {International conference on machine learning},
	pages        = {3145--3153}
}
@article{steinmann_navigating_2024,
	title        = {Navigating Shortcuts, Spurious Correlations, and Confounders: From Origins via Detection to Mitigation},
	author       = {Steinmann, David and Divo, Felix and Kraus, Maurice and W{\"u}st, Antonia and Struppek, Lukas and Friedrich, Felix and Kersting, Kristian},
	year         = 2024,
	journal      = {ArXiv preprint arXiv:2412.05152}
}
@inproceedings{petryk_guiding_2022,
	title        = {On guiding visual attention with language specification},
	author       = {Petryk, Suzanne and Dunlap, Lisa and Nasseri, Keyan and Gonzalez, Joseph and Darrell, Trevor and Rohrbach, Anna},
	year         = 2022,
	booktitle    = {IEEE/CVF Conference on Computer Vision and Pattern Recognition},
	pages        = {18092--18102}
}
@inproceedings{eastwood_spuriosity_2023,
	title        = {Spuriosity didn’t kill the classifier: Using invariant predictions to harness spurious features},
	author       = {Eastwood, Cian and Singh, Shashank and Nicolicioiu, Andrei L and Vlastelica Pogan{\v{c}}i{\'c}, Marin and von K{\"u}gelgen, Julius and Sch{\"o}lkopf, Bernhard},
	year         = 2024,
	booktitle    = {Advances in Neural Information Processing Systems},
	volume       = 36,
	pages        = {18291--18324}
}
@inproceedings{creager_environment_2021,
	title        = {Environment inference for invariant learning},
	author       = {Creager, Elliot and Jacobsen, J{\"o}rn-Henrik and Zemel, Richard},
	year         = 2021,
	booktitle    = {International Conference on Machine Learning},
	pages        = {2189--2200}
}
@inproceedings{nam_spread_2022,
	title        = {Spread spurious attribute: Improving worst-group accuracy with spurious attribute estimation},
	author       = {Nam, Junhyun and Kim, Jaehyung and Lee, Jaeho and Shin, Jinwoo},
	year         = 2022,
	booktitle    = {Conference on Learning Representations}
}
@inproceedings{wu_discover_2023,
	title        = {Discover and cure: Concept-aware mitigation of spurious correlation},
	author       = {Wu, Shirley and Yuksekgonul, Mert and Zhang, Linjun and Zou, James},
	year         = 2023,
	booktitle    = {International Conference on Machine Learning},
	pages        = {37765--37786}
}
@article{puli_nuisances_2024,
	title        = {Nuisances via negativa: Adjusting for spurious correlations via data augmentation},
	author       = {Puli, Aahlad and Joshi, Nitish and Wald, Yoav and He, He and Ranganath, Rajesh},
	year         = 2024,
	journal      = {Transactions on Machine Learning}
}
@inproceedings{srivastava_robustness_2020,
	title        = {Robustness to spurious correlations via human annotations},
	author       = {Srivastava, Megha and Hashimoto, Tatsunori and Liang, Percy},
	year         = 2020,
	booktitle    = {International Conference on Machine Learning},
	pages        = {9109--9119}
}
@inproceedings{goyal_counterfactual_2019,
	title        = {Counterfactual visual explanations},
	author       = {Goyal, Yash and Wu, Ziyan and Ernst, Jan and Batra, Dhruv and Parikh, Devi and Lee, Stefan},
	year         = 2019,
	booktitle    = {International Conference on Machine Learning},
	pages        = {2376--2384}
}
@inproceedings{dandl_multi-objective_2020,
	title        = {Multi-objective counterfactual explanations},
	author       = {Dandl, Susanne and Molnar, Christoph and Binder, Martin and Bischl, Bernd},
	year         = 2020,
	booktitle    = {International conference on parallel problem solving from nature},
	pages        = {448--469}
}
@article{wachter_counterfactual_2017,
	title        = {Counterfactual explanations without opening the black box: Automated decisions and the {GDPR}},
	author       = {Wachter, Sandra and Mittelstadt, Brent and Russell, Chris},
	year         = 2017,
	journal      = {Harvard Journal of Law \& Technology},
	volume       = 31,
	pages        = 841
}
@inproceedings{koh_concept_2020,
	title        = {Concept bottleneck models},
	author       = {Koh, Pang Wei and Nguyen, Thao and Tang, Yew Siang and Mussmann, Stephen and Pierson, Emma and Kim, Been and Liang, Percy},
	year         = 2020,
	booktitle    = {International Conference on Machine Learning},
	pages        = {5338--5348}
}
@inproceedings{abid_meaningfully_2022,
	title        = {Meaningfully debugging model mistakes using conceptual counterfactual explanations},
	author       = {Abid, Abubakar and Yuksekgonul, Mert and Zou, James},
	year         = 2022,
	booktitle    = {International Conference on Machine Learning},
	pages        = {66--88}
}
@article{dalva_image--image_2023,
	title        = {Image-to-image translation with disentangled latent vectors for face editing},
	author       = {Dalva, Yusuf and Pehlivan, Hamza and Hatipoglu, Oyku Irmak and Moran, Cansu and Dundar, Aysegul},
	year         = 2023,
	journal      = {IEEE Transactions on Pattern Analysis and Machine Intelligence},
	volume       = 45,
	number       = 12,
	pages        = {14777--14788}
}
@article{arjovsky_invariant_2019,
	title        = {Invariant risk minimization},
	author       = {Arjovsky, Martin and Bottou, L{\'e}on and Gulrajani, Ishaan and Lopez-Paz, David},
	year         = 2019,
	journal      = {ArXiv preprint arXiv:1907.02893}
}
@article{degrave_ai_2021,
	title        = {{AI} for radiographic COVID-19 detection selects shortcuts over signal},
	author       = {DeGrave, Alex J and Janizek, Joseph D and Lee, Su-In},
	year         = 2021,
	journal      = {Nature Machine Intelligence},
	volume       = 3,
	number       = 7,
	pages        = {610--619}
}
@article{ye_spurious_2024,
	title        = {Spurious correlations in machine learning: A survey},
	author       = {Ye, Wenqian and Zheng, Guangtao and Cao, Xu and Ma, Yunsheng and Zhang, Aidong},
	year         = 2024,
	journal      = {ArXiv preprint arXiv:2402.12715}
}
@inproceedings{hesse_fast_2021,
	title        = {Fast axiomatic attribution for neural networks},
	author       = {Hesse, Robin and Schaub-Meyer, Simone and Roth, Stefan},
	year         = 2021,
	booktitle    = {Advances in Neural Information Processing Systems},
	volume       = 34,
	pages        = {19513--19524}
}
@inproceedings{nam_learning_2020,
	title        = {Learning from failure: De-biasing classifier from biased classifier},
	author       = {Nam, Junhyun and Cha, Hyuntak and Ahn, Sungsoo and Lee, Jaeho and Shin, Jinwoo},
	year         = 2020,
	booktitle    = {Advances in Neural Information Processing Systems},
	volume       = 33,
	pages        = {20673--20684}
}
@inproceedings{sagawa_distributionally_2020,
	title        = {Distributionally robust neural networks for group shifts: On the importance of regularization for worst-case generalization},
	author       = {Sagawa, Shiori and Koh, Pang Wei and Hashimoto, Tatsunori B and Liang, Percy},
	year         = 2020,
	booktitle    = {International Conference on Learning Representations}
}
@inproceedings{bohle_b-cos_2022,
	title        = {B-cos networks: Alignment is all we need for interpretability},
	author       = {B{\"o}hle, Moritz and Fritz, Mario and Schiele, Bernt},
	year         = 2022,
	booktitle    = {IEEE/CVF Conference on Computer Vision and Pattern Recognition},
	pages        = {10329--10338}
}
@inproceedings{rao_studying_2023,
	title        = {Studying How to Efficiently and Effectively Guide Models with Explanations},
	author       = {Rao, Sukrut and B{\"o}hle, Moritz and Parchami-Araghi, Amin and Schiele, Bernt},
	year         = 2023,
	booktitle    = {IEEE/CVF International Conference on Computer Vision},
	pages        = {1922--1933}
}
@article{dekel_optimal_2012,
	title        = {Optimal Distributed Online Prediction Using Mini-Batches},
	author       = {Dekel, Ofer and Gilad-Bachrach, Ran and Shamir, Ohad and Xiao, Lin},
	year         = 2012,
	journal      = {Journal of Machine Learning Research},
	volume       = 13,
	number       = 1
}
@article{le-khac_contrastive_2020,
	title        = {Contrastive representation learning: A framework and review},
	author       = {Le-Khac, Phuc H and Healy, Graham and Smeaton, Alan F},
	year         = 2020,
	journal      = {IEEE Access},
	volume       = 8,
	pages        = {193907--193934}
}
@inproceedings{kohli_enabling_2020,
	title        = {Enabling pedestrian safety using computer vision techniques: A case study of the 2018 {Uber} inc. self-driving car crash},
	author       = {Kohli, Puneet and Chadha, Anjali},
	year         = 2020,
	booktitle    = {Advances in Information and Communication},
	pages        = {261--279}
}
@inproceedings{ben-david_analysis_2006,
	title        = {Analysis of representations for domain adaptation},
	author       = {Ben-David, Shai and Blitzer, John and Crammer, Koby and Pereira, Fernando},
	year         = 2006,
	booktitle    = {Advances in Neural Information Processing Systems},
	volume       = 19
}
@inproceedings{narayanan_shape-biased_2021,
	title        = {Shape-biased domain generalization via shock graph embeddings},
	author       = {Narayanan, Maruthi and Rajendran, Vickram and Kimia, Benjamin},
	year         = 2021,
	booktitle    = {IEEE/CVF International Conference on Computer Vision},
	pages        = {1315--1325}
}
@article{maaten_visualizing_2008,
	title        = {Visualizing data using t-{SNE}},
	author       = {Van der Maaten, Laurens and Hinton, Geoffrey},
	year         = 2008,
	journal      = {Journal of machine learning research},
	volume       = 9,
	number       = 86,
	pages        = {2579--2605}
}
@inproceedings{van_baelen_constraint_2022,
	title        = {Constraint guided gradient descent: Guided training with inequality constraints},
	author       = {Van Baelen, Quinten and Karsmakers, Peter},
	year         = 2022,
	booktitle    = {European Symposium on Artificial Neural Networks, Computational Intelligence and Machine Learning},
	pages        = {175--180}
}
@inproceedings{gulrajani_search_2021,
	title        = {In search of lost domain generalization},
	author       = {Gulrajani, Ishaan and Lopez-Paz, David},
	year         = 2021,
	booktitle    = {International Conference on Learning Representations}
}
@article{tian_neuron_2023,
	title        = {Neuron coverage-guided domain generalization},
	author       = {Tian, Chris Xing and Li, Haoliang and Xie, Xiaofei and Liu, Yang and Wang, Shiqi},
	year         = 2023,
	journal      = {IEEE Transactions on Pattern Analysis and Machine Intelligence},
	volume       = 45,
	number       = 1,
	pages        = {1302--1311}
}
@inproceedings{wang_learning_2021,
	title        = {Learning To Diversify for Single Domain Generalization},
	author       = {Wang, Zijian and Luo, Yadan and Qiu, Ruihong and Huang, Zi and Baktashmotlagh, Mahsa},
	year         = 2021,
	booktitle    = {IEEE/CVF International Conference on Computer Vision},
	pages        = {834--843}
}
@inproceedings{chen_domain_2023,
	title        = {Domain Generalization via Rationale Invariance},
	author       = {Chen, Liang and Zhang, Yong and Song, Yibing and van den Hengel, Anton and Liu, Lingqiao},
	year         = 2023,
	booktitle    = {IEEE/CVF Conference on Computer Vision and Pattern Recognition},
	pages        = {1751--1760}
}
@article{wang_generalizing_2023,
	title        = {Generalizing to Unseen Domains: A Survey on Domain Generalization},
	author       = {Wang, Jindong and Lan, Cuiling and Liu, Chang and Ouyang, Yidong and Qin, Tao and Lu, Wang and Chen, Yiqiang and Zeng, Wenjun and Yu, Philip S.},
	year         = 2023,
	journal      = {IEEE Transactions on Knowledge and Data Engineering},
	volume       = 35,
	number       = 8,
	pages        = {8052--8072}
}
@inproceedings{shi_gradient_2022,
	title        = {Gradient Matching for Domain Generalization},
	author       = {Shi, Yuge and Seely, Jeffrey and Torr, Philip HS and Siddharth, N and Hannun, Awni and Usunier, Nicolas and Synnaeve, Gabriel},
	year         = 2022,
	booktitle    = {International Conference on Learning Representations}
}
@inproceedings{rame_fishr_2022,
	title        = {Fishr: Invariant Gradient Variances for Out-of-Distribution Generalization},
	author       = {Rame, Alexandre and Dancette, Corentin and Cord, Matthieu},
	year         = 2022,
	booktitle    = {International Conference on Machine Learning},
	pages        = {18347--18377}
}
@inproceedings{prakash_structured_2019,
	title        = {Structured Domain Randomization: Bridging the Reality Gap by Context-Aware Synthetic Data},
	author       = {Prakash, Aayush and Boochoon, Shaad and Brophy, Mark and Acuna, David and Cameracci, Eric and State, Gavriel and Shapira, Omer and Birchfield, Stan},
	year         = 2019,
	booktitle    = {IEEE International Conference on Robotics and Automation},
	pages        = {7249--7255}
}
@article{huang_robustness_2023,
	title        = {Robustness through Data Augmentation Loss Consistency},
	author       = {Huang, Tianjian and Halbe, Shaunak Ashish and Sankar, Chinnadhurai and Amini, Pooyan and Kottur, Satwik and Geramifard, Alborz and Razaviyayn, Meisam and Beirami, Ahmad},
	year         = 2023,
	journal      = {Transactions on Machine Learning Research}
}
@article{bae_meta-learned_2021,
	title        = {Meta-Learned Invariant Risk Minimization},
	author       = {Bae, Jun-Hyun and Choi, Inchul and Lee, Minho},
	year         = 2021,
	journal      = {ArXiv preprint arXiv:2103.12947}
}
@inproceedings{sun_return_2016,
	title        = {Return of Frustratingly Easy Domain Adaptation},
	author       = {Sun, Baochen and Feng, Jiashi and Saenko, Kate},
	year         = 2016,
	booktitle    = {AAAI Conference on Artificial Intelligence},
	volume       = 30,
	number       = 1
}
@inproceedings{zhao_learning_2021,
	title        = {Learning to Generalize Unseen Domains via Memory-based Multi-Source Meta-Learning for Person Re-Identification},
	author       = {Zhao, Yuyang and Zhong, Zhun and Yang, Fengxiang and Luo, Zhiming and Lin, Yaojin and Li, Shaozi and Sebe, Nicu},
	year         = 2021,
	booktitle    = {IEEE/CVF Conference on Computer Vision and Pattern Recognition},
	pages        = {6277--6286}
}
@inproceedings{jeon_feature_2021,
	title        = {Feature stylization and domain-aware contrastive learning for domain generalization},
	author       = {Jeon, Seogkyu and Hong, Kibeom and Lee, Pilhyeon and Lee, Jewook and Byun, Hyeran},
	year         = 2021,
	booktitle    = {ACM International Conference on Multimedia},
	pages        = {22--31}
}
@inproceedings{yue_domain_2019,
	title        = {Domain Randomization and Pyramid Consistency: Simulation-to-Real Generalization Without Accessing Target Domain Data},
	author       = {Yue, Xiangyu and Zhang, Yang and Zhao, Sicheng and Sangiovanni-Vincentelli, Alberto and Keutzer, Kurt and Gong, Boqing},
	year         = 2019,
	booktitle    = {IEEE/CVF International Conference on Computer Vision},
	pages        = {2100--2110}
}
@inproceedings{wu_collaborative_2021,
	title        = {Collaborative Optimization and Aggregation for Decentralized Domain Generalization and Adaptation},
	author       = {Wu, Guile and Gong, Shaogang},
	year         = 2021,
	booktitle    = {IEEE/CVF International Conference on Computer Vision},
	pages        = {6484--6493}
}
@inproceedings{qiao_uncertainty-guided_2021,
	title        = {Uncertainty-guided Model Generalization to Unseen Domains},
	author       = {Qiao, Fengchun and Peng, Xi},
	year         = 2021,
	booktitle    = {IEEE/CVF Conference on Computer Vision and Pattern Recognition},
	pages        = {6790--6800}
}
@inproceedings{luo_scale_2021,
	title        = {Scale Invariant Domain Generalization Image Recapture Detection},
	author       = {Luo, Jinian and Guo, Jie and Qiu, Weidong and Huang, Zheng and Hui, Hong},
	year         = 2021,
	booktitle    = {International Conference on Neural Information Processing},
	pages        = {75--86}
}
@inproceedings{kim_selfreg_2021,
	title        = {{SelfReg}: Self-supervised Contrastive Regularization for Domain Generalization},
	author       = {Kim, Daehee and Yoo, Youngjun and Park, Seunghyun and Kim, Jinkyu and Lee, Jaekoo},
	year         = 2021,
	booktitle    = {IEEE/CVF International Conference on Computer Vision},
	pages        = {9619--9628}
}
@article{jin_style_2022,
	title        = {Style Normalization and Restitution for Domain Generalization and Adaptation},
	author       = {Jin, Xin and Lan, Cuiling and Zeng, Wenjun and Chen, Zhibo},
	year         = 2022,
	journal      = {IEEE Transactions on Multimedia},
	volume       = 24,
	pages        = {3636--3651}
}
@inproceedings{matsuura_domain_2020,
	title        = {Domain Generalization Using a Mixture of Multiple Latent Domains},
	author       = {Matsuura, Toshihiko and Harada, Tatsuya},
	year         = 2020,
	booktitle    = {AAAI Conference on Artificial Intelligence}
}
@inproceedings{fan_adversarially_2021,
	title        = {Adversarially Adaptive Normalization for Single Domain Generalization},
	author       = {Fan, Xinjie and Wang, Qifei and Ke, Junjie and Yang, Feng and Gong, Boqing and Zhou, Mingyuan},
	year         = 2021,
	booktitle    = {IEEE/CVF Conference on Computer Vision and Pattern Recognition},
	pages        = {8204--8213}
}
@inproceedings{carlucci_domain_2019,
	title        = {Domain Generalization by Solving Jigsaw Puzzles},
	author       = {Carlucci, Fabio M. and D'Innocente, Antonio and Bucci, Silvia and Caputo, Barbara and Tommasi, Tatiana},
	year         = 2019,
	booktitle    = {IEEE/CVF Conference on Computer Vision and Pattern Recognition},
	pages        = {2224--2233}
}
@inproceedings{beery_recognition_2018,
	title        = {Recognition in terra incognita},
	author       = {Beery, Sara and Horn, Grant Van and Perona, P.},
	year         = 2018,
	booktitle    = {European Conference on Computer Vision},
	pages        = {456--473}
}
@inproceedings{liu_just_2021,
	title        = {Just train twice: Improving group robustness without training group information},
	author       = {Liu, Evan Z and Haghgoo, Behzad and Chen, Annie S and Raghunathan, Aditi and Koh, Pang Wei and Sagawa, Shiori and Liang, Percy and Finn, Chelsea},
	year         = 2021,
	booktitle    = {International Conference on Machine Learning},
	pages        = {6781--6792}
}
@inproceedings{he_deep_2016,
	title        = {Deep residual learning for image recognition},
	author       = {He, Kaiming and Zhang, Xiangyu and Ren, Shaoqing and Sun, Jian},
	year         = 2016,
	booktitle    = {IEEE/CVF Conference on Computer Vision and Pattern Recognition},
	pages        = {770--778}
}
@inproceedings{yao_improving_2022,
	title        = {Improving out-of-distribution robustness via selective augmentation},
	author       = {Yao, Huaxiu and Wang, Yu and Li, Sai and Zhang, Linjun and Liang, Weixin and Zou, James and Finn, Chelsea},
	year         = 2022,
	booktitle    = {International Conference on Machine Learning}
}
@inproceedings{von_kugelgen_self-supervised_2021,
	title        = {Self-Supervised Learning with Data Augmentations Provably Isolates Content from Style},
	author       = {von Kügelgen, Julius and Sharma, Yash and Gresele, Luigi and Brendel, Wieland and Schölkopf, Bernhard and Besserve, Michel and Locatello, Francesco},
	year         = 2021,
	booktitle    = {Advances in Neural Information Processing Systems},
	volume       = 34,
	pages        = {16451--16467}
}
@inproceedings{mahalanobis_generalised_1936,
	title        = {On the generalised distance in statistics},
	author       = {Mahalanobis, Prasanta Chandra},
	year         = 1936,
	booktitle    = {Proceedings of the National Institute of Sciences of India},
	volume       = 2,
	number       = 1,
	pages        = {49--55}
}
@inproceedings{buolamwini_gender_2018,
	title        = {Gender shades: Intersectional accuracy disparities in commercial gender classification},
	author       = {Buolamwini, Joy and Gebru, Timnit},
	year         = 2018,
	booktitle    = {Conference on fairness, accountability and transparency},
	pages        = {77--91}
}
@inproceedings{bergstra_algorithms_2011,
	title        = {Algorithms for hyper-parameter optimization},
	author       = {Bergstra, James and Bardenet, R{\'e}mi and Bengio, Yoshua and K{\'e}gl, Bal{\'a}zs},
	year         = 2011,
	booktitle    = {Advances in Neural Information Processing Systems},
	volume       = 24
}
@article{bothmann_automated_2023,
	title        = {Automated wildlife image classification: An active learning tool for ecological applications},
	author       = {Ludwig Bothmann and Lisa Wimmer and Omid Charrakh and Tobias Weber and Hendrik Edelhoff and Wibke Peters and Hien Nguyen and Caryl Benjamin and Annette Menzel},
	year         = 2023,
	journal      = {Ecological Informatics},
	volume       = 77,
	pages        = 102231
}
@article{wimmer_trust_2025,
	title        = {Trust Me, {I} Know the Way: Predictive Uncertainty in the Presence of Shortcut Learning},
	author       = {Lisa Wimmer and Bernd Bischl and Ludwig Bothmann},
	year         = 2025,
	journal      = {ArXiv preprint arXiv:2502.09137}
}