@article{liew2022magicmix,
  title={Magicmix: Semantic mixing with diffusion models},
  author={Liew, Jun Hao and Yan, Hanshu and Zhou, Daquan and Feng, Jiashi},
  journal={arXiv preprint arXiv:2210.16056},
  year={2022}
}
@inproceedings{melzi2023does,
  title={Does Stable Diffusion Dream of Electric Sheep?},
  author={Melzi, Simone and Pe{\~n}aloza, Rafael and Raganato, Alessandro and others},
  booktitle={CEUR Workshop Proceedings},
  year={2023},
}
@article{olearo2024blend,
  title={How to Blend Concepts in Diffusion Models},
  author={Olearo, Lorenzo and Longari, Giorgio and Melzi, Simone and Raganato, Alessandro and Pe{\~n}aloza, Rafael},
  journal={arXiv preprint arXiv:2407.14280},
  year={2024}
}
@article{richardson2024conceptlab,
  title={ConceptLab: Creative Concept Generation using VLM-Guided Diffusion Prior Constraints},
  author={Richardson, Elad and Goldberg, Kfir and Alaluf, Yuval and Cohen-Or, Daniel},
  journal={ACM Transactions on Graphics},
  year={2024},
}
@inproceedings{rombach2022high,
  title={High-resolution image synthesis with latent diffusion models},
  author={Rombach, Robin and Blattmann, Andreas and Lorenz, Dominik and Esser, Patrick and Ommer, Bj{\"o}rn},
  booktitle={CVPR},
  year={2022}
}
@inproceedings{saharia2022photorealistic,
  title={Photorealistic text-to-image diffusion models with deep language understanding},
  author={Saharia, Chitwan and Chan, William and Saxena, Saurabh and Li, Lala and Whang, Jay and Denton, Emily L and Ghasemipour, Kamyar and Gontijo Lopes, Raphael and Karagol Ayan, Burcu and Salimans, Tim and others},
  booktitle={NeurIPS},
  year={2022}
}
@inproceedings{matsuhira2024investigating,
  title={Investigating Conceptual Blending of a Diffusion Model for Improving Nonword-to-Image Generation},
  author={Matsuhira, Chihaya and Kastner, Marc A and Komamizu, Takahiro and Hirayama, Takatsugu and Ide, Ichiro},
  booktitle={Proceedings of the 32nd ACM International Conference on Multimedia},
  year={2024}
}
@article{chefer2023attend,
  title={Attend-and-excite: Attention-based semantic guidance for text-to-image diffusion models},
  author={Chefer, Hila and Alaluf, Yuval and Vinker, Yael and Wolf, Lior and Cohen-Or, Daniel},
  journal={ACM Transactions on Graphics (TOG)},
  volume={42},
  number={4},
  pages={1--10},
  year={2023},
}
@inproceedings{kumari2023multi,
  title={Multi-concept customization of text-to-image diffusion},
  author={Kumari, Nupur and Zhang, Bingliang and Zhang, Richard and Shechtman, Eli and Zhu, Jun-Yan},
  booktitle={CVPR},
  year={2023}
}
@inproceedings{liu2022compositional,
  title={Compositional visual generation with composable diffusion models},
  author={Liu, Nan and Li, Shuang and Du, Yilun and Torralba, Antonio and Tenenbaum, Joshua B},
  booktitle={ECCV},
  year={2022},
}
@inproceedings{matsuhira2023nonword,
  title={Nonword-to-Image generation considering perceptual association of phonetically similar words},
  author={Matsuhira, Chihaya and Kastner, Marc A and Komamizu, Takahiro and Hirayama, Takatsugu and Doman, Keisuke and Ide, Ichiro},
  booktitle={Proceedings of the 1st International Workshop on Multimedia Content Generation and Evaluation: New Methods and Practice},
  year={2023}
}
@article{tewel2024add,
  title={Add-it: Training-Free Object Insertion in Images With Pretrained Diffusion Models},
  author={Tewel, Yoad and Gal, Rinon and Samuel, Dvir and Atzmon, Yuval and Wolf, Lior and Chechik, Gal},
  journal={arXiv preprint arXiv:2411.07232},
  year={2024}
}
@inproceedings{brooks2023instructpix2pix,
  title={Instructpix2pix: Learning to follow image editing instructions},
  author={Brooks, Tim and Holynski, Aleksander and Efros, Alexei A},
  booktitle={CVPR},
  year={2023}
}
@article{couairon2022diffedit,
  title={Diffedit: Diffusion-based semantic image editing with mask guidance},
  author={Couairon, Guillaume and Verbeek, Jakob and Schwenk, Holger and Cord, Matthieu},
  journal={arXiv preprint arXiv:2210.11427},
  year={2022}
}
@inproceedings{kawar2023imagic,
  title={Imagic: Text-based real image editing with diffusion models},
  author={Kawar, Bahjat and Zada, Shiran and Lang, Oran and Tov, Omer and Chang, Huiwen and Dekel, Tali and Mosseri, Inbar and Irani, Michal},
  booktitle={CVPR},
  year={2023}
}
@inproceedings{li2024blip,
  title={Blip-diffusion: Pre-trained subject representation for controllable text-to-image generation and editing},
  author={Li, Dongxu and Li, Junnan and Hoi, Steven},
  booktitle={NeurIPS},
  year={2024}
}
@inproceedings{shi2024dragdiffusion,
  title={Dragdiffusion: Harnessing diffusion models for interactive point-based image editing},
  author={Shi, Yujun and Xue, Chuhui and Liew, Jun Hao and Pan, Jiachun and Yan, Hanshu and Zhang, Wenqing and Tan, Vincent YF and Bai, Song},
  booktitle={CVPR},
  year={2024}
}
@article{feng2022training,
  title={Training-free structured diffusion guidance for compositional text-to-image synthesis},
  author={Feng, Weixi and He, Xuehai and Fu, Tsu-Jui and Jampani, Varun and Akula, Arjun and Narayana, Pradyumna and Basu, Sugato and Wang, Xin Eric and Wang, William Yang},
  journal={arXiv preprint arXiv:2212.05032},
  year={2022}
}
@inproceedings{mo2024freecontrol,
  title={Freecontrol: Training-free spatial control of any text-to-image diffusion model with any condition},
  author={Mo, Sicheng and Mu, Fangzhou and Lin, Kuan Heng and Liu, Yanli and Guan, Bochen and Li, Yin and Zhou, Bolei},
  booktitle={CVPR},
  year={2024}
}
@inproceedings{yu2023freedom,
  title={Freedom: Training-free energy-guided conditional diffusion model},
  author={Yu, Jiwen and Wang, Yinhuai and Zhao, Chen and Ghanem, Bernard and Zhang, Jian},
  booktitle={ICCV},
  year={2023}
}
@inproceedings{ho2020denoising,
  title={Denoising diffusion probabilistic models},
  author={Ho, Jonathan and Jain, Ajay and Abbeel, Pieter},
  booktitle={NeurIPS},
  year={2020}
}
@inproceedings{xiong2024novel,
    title={Novel Object Synthesis via Adaptive Text-Image Harmony},
    author={Zeren Xiong and Ze-dong Zhang and Zikun Chen and Shuo Chen and Xiang Li and Gan Sun and Jian Yang and Jun Li},
    booktitle={NeurIPS},
    year={2024},
}
@article{song2020score,
  title={Score-based generative modeling through stochastic differential equations},
  author={Song, Yang and Sohl-Dickstein, Jascha and Kingma, Diederik P and Kumar, Abhishek and Ermon, Stefano and Poole, Ben},
  journal={arXiv preprint arXiv:2011.13456},
  year={2020}
}
@inproceedings{dhariwal2021diffusion,
  title={Diffusion models beat gans on image synthesis},
  author={Dhariwal, Prafulla and Nichol, Alexander},
  booktitle={NeurIPS},
  year={2021}
}
@inproceedings{epstein2023diffusion,
  title={Diffusion self-guidance for controllable image generation},
  author={Epstein, Dave and Jabri, Allan and Poole, Ben and Efros, Alexei and Holynski, Aleksander},
  booktitle={NeurIPS},
  year={2023}
}
@article{nichol2021glide,
  title={Glide: Towards photorealistic image generation and editing with text-guided diffusion models},
  author={Nichol, Alex and Dhariwal, Prafulla and Ramesh, Aditya and Shyam, Pranav and Mishkin, Pamela and McGrew, Bob and Sutskever, Ilya and Chen, Mark},
  journal={arXiv preprint arXiv:2112.10741},
  year={2021}
}
@inproceedings{chen2024training,
  title={Training-free layout control with cross-attention guidance},
  author={Chen, Minghao and Laina, Iro and Vedaldi, Andrea},
  booktitle={Proceedings of the IEEE/CVF Winter Conference on Applications of Computer Vision},
  year={2024}
}
@inproceedings{xie2023boxdiff,
  title={Boxdiff: Text-to-image synthesis with training-free box-constrained diffusion},
  author={Xie, Jinheng and Li, Yuexiang and Huang, Yawen and Liu, Haozhe and Zhang, Wentian and Zheng, Yefeng and Shou, Mike Zheng},
  booktitle={ICCV},
  year={2023}
}
@inproceedings{ge2023expressive,
  title={Expressive text-to-image generation with rich text},
  author={Ge, Songwei and Park, Taesung and Zhu, Jun-Yan and Huang, Jia-Bin},
  booktitle={ICCV},
  year={2023}
}
@inproceedings{parmar2023zero,
  title={Zero-shot image-to-image translation},
  author={Parmar, Gaurav and Kumar Singh, Krishna and Zhang, Richard and Li, Yijun and Lu, Jingwan and Zhu, Jun-Yan},
  booktitle={ACM SIGGRAPH 2023 Conference Proceedings},
  year={2023}
}
@inproceedings{ronneberger2015u,
  title={U-net: Convolutional networks for biomedical image segmentation},
  author={Ronneberger, Olaf and Fischer, Philipp and Brox, Thomas},
  booktitle={MICCAI},
  year={2015},
}
@inproceedings{vaswani2017attention,
  title={Attention is all you need},
  author={Vaswani, A},
  booktitle={NeurIPS},
  year={2017}
}
@inproceedings{cao2023masactrl,
  title={Masactrl: Tuning-free mutual self-attention control for consistent image synthesis and editing},
  author={Cao, Mingdeng and Wang, Xintao and Qi, Zhongang and Shan, Ying and Qie, Xiaohu and Zheng, Yinqiang},
  booktitle={ICCV},
  year={2023}
}
@inproceedings{gu2022vector,
  title={Vector quantized diffusion model for text-to-image synthesis},
  author={Gu, Shuyang and Chen, Dong and Bao, Jianmin and Wen, Fang and Zhang, Bo and Chen, Dongdong and Yuan, Lu and Guo, Baining},
  booktitle={CVPR},
  year={2022}
}
@inproceedings{patashnik2023localizing,
  title={Localizing object-level shape variations with text-to-image diffusion models},
  author={Patashnik, Or and Garibi, Daniel and Azuri, Idan and Averbuch-Elor, Hadar and Cohen-Or, Daniel},
  booktitle={ICCV},
  year={2023}
}
@inproceedings{tumanyan2023plug,
  title={Plug-and-play diffusion features for text-driven image-to-image translation},
  author={Tumanyan, Narek and Geyer, Michal and Bagon, Shai and Dekel, Tali},
  booktitle={CVPR},
  year={2023}
}
@article{kingma2013auto,
  title={Auto-encoding variational bayes},
  author={Kingma, Diederik P},
  journal={arXiv preprint arXiv:1312.6114},
  year={2013}
}
@article{goodfellow2020generative,
  title={Generative adversarial networks},
  author={Goodfellow, Ian and Pouget-Abadie, Jean and Mirza, Mehdi and Xu, Bing and Warde-Farley, David and Ozair, Sherjil and Courville, Aaron and Bengio, Yoshua},
  journal={Communications of the ACM},
  volume={63},
  number={11},
  pages={139--144},
  year={2020},
}
@inproceedings{sohl2015deep,
  title={Deep unsupervised learning using nonequilibrium thermodynamics},
  author={Sohl-Dickstein, Jascha and Weiss, Eric and Maheswaranathan, Niru and Ganguli, Surya},
  booktitle={ICML},
  year={2015},
}
@article{song2020denoising,
  title={Denoising diffusion implicit models},
  author={Song, Jiaming and Meng, Chenlin and Ermon, Stefano},
  journal={arXiv preprint arXiv:2010.02502},
  year={2020}
}
@inproceedings{radford2021learning,
  title={Learning transferable visual models from natural language supervision},
  author={Radford, Alec and Kim, Jong Wook and Hallacy, Chris and Ramesh, Aditya and Goh, Gabriel and Agarwal, Sandhini and Sastry, Girish and Askell, Amanda and Mishkin, Pamela and Clark, Jack and others},
  booktitle={ICML},
  year={2021},
}
@article{fauconnier1998conceptual,
  title={Conceptual integration networks},
  author={Fauconnier, Gilles and Turner, Mark},
  journal={Cognitive science},
  volume={22},
  number={2},
  pages={133--187},
  year={1998},
}
@article{ritchie2004lost,
  title={Lost in" conceptual space": Metaphors of conceptual integration},
  author={Ritchie, L David},
  journal={Metaphor and symbol},
  volume={19},
  number={1},
  pages={31--50},
  year={2004},
}
@article{ho2022cascaded,
  title={Cascaded diffusion models for high fidelity image generation},
  author={Ho, Jonathan and Saharia, Chitwan and Chan, William and Fleet, David J and Norouzi, Mohammad and Salimans, Tim},
  journal={Journal of Machine Learning Research},
  volume={23},
  number={47},
  pages={1--33},
  year={2022}
}
@inproceedings{wang2024patch,
  title={Patch diffusion: Faster and more data-efficient training of diffusion models},
  author={Wang, Zhendong and Jiang, Yifan and Zheng, Huangjie and Wang, Peihao and He, Pengcheng and Wang, Zhangyang and Chen, Weizhu and Zhou, Mingyuan and others},
  booktitle={NeurIPS},
  year={2024}
}
@inproceedings{esser2023structure,
  title={Structure and content-guided video synthesis with diffusion models},
  author={Esser, Patrick and Chiu, Johnathan and Atighehchian, Parmida and Granskog, Jonathan and Germanidis, Anastasis},
  booktitle={ICCV},
  year={2023}
}
@article{guo2023animatediff,
  title={Animatediff: Animate your personalized text-to-image diffusion models without specific tuning},
  author={Guo, Yuwei and Yang, Ceyuan and Rao, Anyi and Liang, Zhengyang and Wang, Yaohui and Qiao, Yu and Agrawala, Maneesh and Lin, Dahua and Dai, Bo},
  journal={arXiv preprint arXiv:2307.04725},
  year={2023}
}
@article{ramesh2022hierarchical,
  title={Hierarchical text-conditional image generation with clip latents},
  author={Ramesh, Aditya and Dhariwal, Prafulla and Nichol, Alex and Chu, Casey and Chen, Mark},
  journal={arXiv preprint arXiv:2204.06125},
  year={2022}
}
@inproceedings{khachatryan2023text2video,
  title={Text2video-zero: Text-to-image diffusion models are zero-shot video generators},
  author={Khachatryan, Levon and Movsisyan, Andranik and Tadevosyan, Vahram and Henschel, Roberto and Wang, Zhangyang and Navasardyan, Shant and Shi, Humphrey},
  booktitle={ICCV},
  year={2023}
}
@article{wu2023human,
  title={Human preference score v2: A solid benchmark for evaluating human preferences of text-to-image synthesis},
  author={Wu, Xiaoshi and Hao, Yiming and Sun, Keqiang and Chen, Yixiong and Zhu, Feng and Zhao, Rui and Li, Hongsheng},
  journal={arXiv preprint arXiv:2306.09341},
  year={2023}
}
@misc{aestheticcode,
  author={Christoph Schuhmann},
  title={aesthetic-predictor},
  year={2022},
  url={https://github.com/LAION-AI/aesthetic-predictor},
}
\bibitem{aestheticcode}
Christoph Schuhmann.
\newblock {aesthetic-predictor}.
\newblock \url{https://github.com/LAION-AI/aesthetic-predictor}, January 2022.
@inproceedings{wang2023exploring,
  title={Exploring clip for assessing the look and feel of images},
  author={Wang, Jianyi and Chan, Kelvin CK and Loy, Chen Change},
  booktitle={AAAI},
  year={2023}
}

@inproceedings{podellsdxl,
  title={SDXL: Improving Latent Diffusion Models for High-Resolution Image Synthesis},
  author={Podell, Dustin and English, Zion and Lacey, Kyle and Blattmann, Andreas and Dockhorn, Tim and M{\"u}ller, Jonas and Penna, Joe and Rombach, Robin},
  booktitle={ICLR},
  year={2024}
}
@inproceedings{zhang2023adding,
  title={Adding conditional control to text-to-image diffusion models},
  author={Zhang, Lvmin and Rao, Anyi and Agrawala, Maneesh},
  booktitle={ICCV},
  year={2023}
}
@article{balaji2022ediff,
  title={ediff-i: Text-to-image diffusion models with an ensemble of expert denoisers},
  author={Balaji, Yogesh and Nah, Seungjun and Huang, Xun and Vahdat, Arash and Song, Jiaming and Zhang, Qinsheng and Kreis, Karsten and Aittala, Miika and Aila, Timo and Laine, Samuli and others},
  journal={arXiv preprint arXiv:2211.01324},
  year={2022}
}
@inproceedings{liu2025grounding,
  title={Grounding dino: Marrying dino with grounded pre-training for open-set object detection},
  author={Liu, Shilong and Zeng, Zhaoyang and Ren, Tianhe and Li, Feng and Zhang, Hao and Yang, Jie and Jiang, Qing and Li, Chunyuan and Yang, Jianwei and Su, Hang and others},
  booktitle={ECCV},
  year={2025},
}
@inproceedings{ramesh2021zero,
  title={Zero-shot text-to-image generation},
  author={Ramesh, Aditya and Pavlov, Mikhail and Goh, Gabriel and Gray, Scott and Voss, Chelsea and Radford, Alec and Chen, Mark and Sutskever, Ilya},
  booktitle={ICML},
  year={2021},
}
@article{mirza2014conditional,
  title={Conditional generative adversarial nets},
  author={Mirza, Mehdi},
  journal={arXiv preprint arXiv:1411.1784},
  year={2014}
}
@inproceedings{sohn2015learning,
  title={Learning structured output representation using deep conditional generative models},
  author={Sohn, Kihyuk and Lee, Honglak and Yan, Xinchen},
  booktitle={NeurIPS},
  year={2015}
}
@inproceedings{reed2016generative,
  title={Generative adversarial text to image synthesis},
  author={Reed, Scott and Akata, Zeynep and Yan, Xinchen and Logeswaran, Lajanugen and Schiele, Bernt and Lee, Honglak},
  booktitle={ICML},
  year={2016},
}
@inproceedings{isola2017image,
  title={Image-to-image translation with conditional adversarial networks},
  author={Isola, Phillip and Zhu, Jun-Yan and Zhou, Tinghui and Efros, Alexei A},
  booktitle={CVPR},
  year={2017}
}
@inproceedings{ma2017pose,
  title={Pose guided person image generation},
  author={Ma, Liqian and Jia, Xu and Sun, Qianru and Schiele, Bernt and Tuytelaars, Tinne and Van Gool, Luc},
  booktitle={NeurIPS},
  year={2017}
}
@inproceedings{park2019semantic,
  title={Semantic image synthesis with spatially-adaptive normalization},
  author={Park, Taesung and Liu, Ming-Yu and Wang, Ting-Chun and Zhu, Jun-Yan},
  booktitle={CVPR},
  year={2019}
}
@article{croitoru2023diffusion,
  title={Diffusion models in vision: A survey},
  author={Croitoru, Florinel-Alin and Hondru, Vlad and Ionescu, Radu Tudor and Shah, Mubarak},
  journal={IEEE Transactions on Pattern Analysis and Machine Intelligence},
  volume={45},
  number={9},
  pages={10850--10869},
  year={2023},
}
@article{zhan2024conditional,
  title={Conditional Image Synthesis with Diffusion Models: A Survey},
  author={Zhan, Zheyuan and Chen, Defang and Mei, Jian-Ping and Zhao, Zhenghe and Chen, Jiawei and Chen, Chun and Lyu, Siwei and Wang, Can},
  journal={arXiv preprint arXiv:2409.19365},
  year={2024}
}
@inproceedings{jaegle2021perceiver,
  title={Perceiver: General perception with iterative attention},
  author={Jaegle, Andrew and Gimeno, Felix and Brock, Andy and Vinyals, Oriol and Zisserman, Andrew and Carreira, Joao},
  booktitle={ICML},
  year={2021},
}
@inproceedings{waswani2017attention,
  title={Attention is all you need},
  author={Waswani, A and Shazeer, N and Parmar, N and Uszkoreit, J and Jones, L and Gomez, A and Kaiser, L and Polosukhin, I},
  booktitle={NeurIPS},
  year={2017}
}
@inproceedings{lin2024dreamsalon,
  title={DreamSalon: A Staged Diffusion Framework for Preserving Identity-Context in Editable Face Generation},
  author={Lin, Haonan},
  booktitle={CVPR},
  year={2024}
}
@article{ackermann2022high,
  title={High-resolution image editing via multi-stage blended diffusion},
  author={Ackermann, Johannes and Li, Minjun},
  journal={arXiv preprint arXiv:2210.12965},
  year={2022}
}
@article{van2008visualizing,
  title={Visualizing data using t-SNE.},
  author={Van der Maaten, Laurens and Hinton, Geoffrey},
  journal={Journal of machine learning research},
  volume={9},
  number={11},
  year={2008}
}
@article{ho2022classifier,
  title={Classifier-free diffusion guidance},
  author={Ho, Jonathan and Salimans, Tim},
  journal={arXiv preprint arXiv:2207.12598},
  year={2022}
}
