@article{balaji2022ediff,
  title={ediff-i: Text-to-image diffusion models with an ensemble of expert denoisers},
  author={Balaji, Yogesh and Nah, Seungjun and Huang, Xun and Vahdat, Arash and Song, Jiaming and Zhang, Qinsheng and Kreis, Karsten and Aittala, Miika and Aila, Timo and Laine, Samuli and others},
  journal={arXiv preprint arXiv:2211.01324},
  year={2022}
}

@inproceedings{brooks2023instructpix2pix,
  title={Instructpix2pix: Learning to follow image editing instructions},
  author={Brooks, Tim and Holynski, Aleksander and Efros, Alexei A},
  booktitle={CVPR},
  year={2023}
}

@article{chefer2023attend,
  title={Attend-and-excite: Attention-based semantic guidance for text-to-image diffusion models},
  author={Chefer, Hila and Alaluf, Yuval and Vinker, Yael and Wolf, Lior and Cohen-Or, Daniel},
  journal={ACM Transactions on Graphics (TOG)},
  volume={42},
  number={4},
  pages={1--10},
  year={2023},
}

@article{couairon2022diffedit,
  title={Diffedit: Diffusion-based semantic image editing with mask guidance},
  author={Couairon, Guillaume and Verbeek, Jakob and Schwenk, Holger and Cord, Matthieu},
  journal={arXiv preprint arXiv:2210.11427},
  year={2022}
}

@article{feng2022training,
  title={Training-free structured diffusion guidance for compositional text-to-image synthesis},
  author={Feng, Weixi and He, Xuehai and Fu, Tsu-Jui and Jampani, Varun and Akula, Arjun and Narayana, Pradyumna and Basu, Sugato and Wang, Xin Eric and Wang, William Yang},
  journal={arXiv preprint arXiv:2212.05032},
  year={2022}
}

@inproceedings{gu2022vector,
  title={Vector quantized diffusion model for text-to-image synthesis},
  author={Gu, Shuyang and Chen, Dong and Bao, Jianmin and Wen, Fang and Zhang, Bo and Chen, Dongdong and Yuan, Lu and Guo, Baining},
  booktitle={CVPR},
  year={2022}
}

@inproceedings{kumari2023multi,
  title={Multi-concept customization of text-to-image diffusion},
  author={Kumari, Nupur and Zhang, Bingliang and Zhang, Richard and Shechtman, Eli and Zhu, Jun-Yan},
  booktitle={CVPR},
  year={2023}
}

@article{liew2022magicmix,
  title={Magicmix: Semantic mixing with diffusion models},
  author={Liew, Jun Hao and Yan, Hanshu and Zhou, Daquan and Feng, Jiashi},
  journal={arXiv preprint arXiv:2210.16056},
  year={2022}
}

@inproceedings{liu2022compositional,
  title={Compositional visual generation with composable diffusion models},
  author={Liu, Nan and Li, Shuang and Du, Yilun and Torralba, Antonio and Tenenbaum, Joshua B},
  booktitle={ECCV},
  year={2022},
}

@inproceedings{melzi2023does,
  title={Does Stable Diffusion Dream of Electric Sheep?},
  author={Melzi, Simone and Pe{\~n}aloza, Rafael and Raganato, Alessandro and others},
  booktitle={CEUR Workshop Proceedings},
  year={2023},
}

@inproceedings{mo2024freecontrol,
  title={Freecontrol: Training-free spatial control of any text-to-image diffusion model with any condition},
  author={Mo, Sicheng and Mu, Fangzhou and Lin, Kuan Heng and Liu, Yanli and Guan, Bochen and Li, Yin and Zhou, Bolei},
  booktitle={CVPR},
  year={2024}
}

@article{olearo2024blend,
  title={How to Blend Concepts in Diffusion Models},
  author={Olearo, Lorenzo and Longari, Giorgio and Melzi, Simone and Raganato, Alessandro and Pe{\~n}aloza, Rafael},
  journal={arXiv preprint arXiv:2407.14280},
  year={2024}
}

@inproceedings{podellsdxl,
  title={SDXL: Improving Latent Diffusion Models for High-Resolution Image Synthesis},
  author={Podell, Dustin and English, Zion and Lacey, Kyle and Blattmann, Andreas and Dockhorn, Tim and M{\"u}ller, Jonas and Penna, Joe and Rombach, Robin},
  booktitle={ICLR},
  year={2024}
}

@article{richardson2024conceptlab,
  title={ConceptLab: Creative Concept Generation using VLM-Guided Diffusion Prior Constraints},
  author={Richardson, Elad and Goldberg, Kfir and Alaluf, Yuval and Cohen-Or, Daniel},
  journal={ACM Transactions on Graphics},
  year={2024},
}

@inproceedings{rombach2022high,
  title={High-resolution image synthesis with latent diffusion models},
  author={Rombach, Robin and Blattmann, Andreas and Lorenz, Dominik and Esser, Patrick and Ommer, Bj{\"o}rn},
  booktitle={CVPR},
  year={2022}
}

@inproceedings{shi2024dragdiffusion,
  title={Dragdiffusion: Harnessing diffusion models for interactive point-based image editing},
  author={Shi, Yujun and Xue, Chuhui and Liew, Jun Hao and Pan, Jiachun and Yan, Hanshu and Zhang, Wenqing and Tan, Vincent YF and Bai, Song},
  booktitle={CVPR},
  year={2024}
}

@article{tewel2024add,
  title={Add-it: Training-Free Object Insertion in Images With Pretrained Diffusion Models},
  author={Tewel, Yoad and Gal, Rinon and Samuel, Dvir and Atzmon, Yuval and Wolf, Lior and Chechik, Gal},
  journal={arXiv preprint arXiv:2411.07232},
  year={2024}
}

@inproceedings{xiong2024novel,
    title={Novel Object Synthesis via Adaptive Text-Image Harmony},
    author={Zeren Xiong and Ze-dong Zhang and Zikun Chen and Shuo Chen and Xiang Li and Gan Sun and Jian Yang and Jun Li},
    booktitle={NeurIPS},
    year={2024},
}

@inproceedings{yu2023freedom,
  title={Freedom: Training-free energy-guided conditional diffusion model},
  author={Yu, Jiwen and Wang, Yinhuai and Zhao, Chen and Ghanem, Bernard and Zhang, Jian},
  booktitle={ICCV},
  year={2023}
}

@inproceedings{zhang2023adding,
  title={Adding conditional control to text-to-image diffusion models},
  author={Zhang, Lvmin and Rao, Anyi and Agrawala, Maneesh},
  booktitle={ICCV},
  year={2023}
}

