@inproceedings{MaYLMC24HetGPT,
author       = {Yihong Ma and
              Ning Yan and
              Jiayu Li and
              Masood S. Mortazavi and
              Nitesh V. Chawla},
title        = {HetGPT: Harnessing the Power of Prompt Tuning in Pre-Trained Heterogeneous Graph Neural Networks},
booktitle    = {WWW},
pages        = {1015--1023},
publisher    = {{ACM}},
year         = {2024}
}

@article{SHAN24KPI-HGNN,
title = {KPI-HGNN: Key provenance identification based on a heterogeneous graph neural network for big data access control},
journal = {Information Sciences},
volume = {659},
pages = {120059},
year = {2024},
author = {Dibin Shan and Xuehui Du and Wenjuan Wang and Na Wang and Aodi Liu}
}

@inproceedings{Yang23Simple,
author       = {Xiaocheng Yang and
              Mingyu Yan and
              Shirui Pan and
              Xiaochun Ye and
              Dongrui Fan},
title        = {Simple and Efficient Heterogeneous Graph Neural Network},
booktitle    = {AAAI},
pages        = {10816--10824},
publisher    = {{AAAI} Press},
year         = {2023}
}

@article{chang2022megnn,
  title={Megnn: Meta-path extracted graph neural network for heterogeneous graph representation learning},
  author={Chang, Yaomin and Chen, Chuan and Hu, Weibo and Zheng, Zibin and Zhou, Xiaocong and Chen, Shouzhi},
  journal={Knowledge-Based Systems},
  volume={235},
  pages={107611},
  year={2022},
  publisher={Elsevier}
}

@inproceedings{dong2017metapath2vec,
  title={metapath2vec: Scalable representation learning for heterogeneous networks},
  author={Dong, Yuxiao and Chawla, Nitesh V and Swami, Ananthram},
  booktitle={SIGKDD},
  pages={135--144},
  year={2017}
}

@inproceedings{fan2019metapath,
  title={Metapath-guided heterogeneous graph neural network for intent recommendation},
  author={Fan, Shaohua and Zhu, Junxiong and Han, Xiaotian and Shi, Chuan and Hu, Linmei and Ma, Biyu and Li, Yongliang},
  booktitle={SIGKDD},
  pages={2478--2486},
  year={2019}
}

@inproceedings{fu2020magnn,
  title={Magnn: Metapath aggregated graph neural network for heterogeneous graph embedding},
  author={Fu, Xinyu and Zhang, Jiani and Meng, Ziqiao and King, Irwin},
  booktitle={WWW},
  pages={2331--2341},
  year={2020}
}

@inproceedings{fu2023multiplex,
author       = {Chaofan Fu and
              Guanjie Zheng and
              Chao Huang and
              Yanwei Yu and
              Junyu Dong},
title        = {Multiplex Heterogeneous Graph Neural Network with Behavior Pattern
              Modeling},
booktitle    = {SIGKDD},
pages        = {482--494},
publisher    = {{ACM}},
year         = {2023}
}

@inproceedings{grover2016node2vec,
  title={node2vec: Scalable feature learning for networks},
  author={Grover, Aditya and Leskovec, Jure},
  booktitle={SIGKDD},
  pages={855--864},
  year={2016}
}

@inproceedings{hu2020heterogeneous,
  title={Heterogeneous graph transformer},
  author={Hu, Ziniu and Dong, Yuxiao and Wang, Kuansan and Sun, Yizhou},
  booktitle={WWW},
  pages={2704--2710},
  year={2020}
}

@article{kipf2016semi,
  title={Semi-supervised classification with graph convolutional networks},
  author={Kipf, Thomas N and Welling, Max},
  journal={arXiv preprint arXiv:1609.02907},
  year={2016}
}

@article{liang2022meta,
  title={Meta-path-based heterogeneous graph neural networks in academic network},
  author={Liang, Xingxing and Ma, Yang and Cheng, Guangquan and Fan, Changjun and Yang, Yuling and Liu, Zhong},
  journal={International Journal of Machine Learning and Cybernetics},
  pages={1--17},
  year={2022},
  publisher={Springer}
}

@inproceedings{liu2023rhgn,
  title={RHGN: Relation-gated Heterogeneous Graph Network for Entity Alignment in Knowledge Graphs},
  author={Liu, Xukai and Zhang, Kai and Liu, Ye and Chen, Enhong and Huang, Zhenya and Yue, Linan and Yan, Jiaxian},
  booktitle={ACL},
  pages={8683--8696},
  year={2023}
}

@inproceedings{perozzi2014deepwalk,
  title={Deepwalk: Online learning of social representations},
  author={Perozzi, Bryan and Al-Rfou, Rami and Skiena, Steven},
  booktitle={SIGKDD},
  pages={701--710},
  year={2014}
}

@article{vaswani2017attention,
  title={Attention is all you need},
  author={Vaswani, Ashish and Shazeer, Noam and Parmar, Niki and Uszkoreit, Jakob and Jones, Llion and Gomez, Aidan N and Kaiser, {\L}ukasz and Polosukhin, Illia},
  journal={NIPS},
  volume={30},
  year={2017}
}

@article{velickovic2017graph,
  title={Graph attention networks},
  author={Velickovic, Petar and Cucurull, Guillem and Casanova, Arantxa and Romero, Adriana and Lio, Pietro and Bengio, Yoshua and others},
  journal={stat},
  volume={1050},
  number={20},
  pages={10--48550},
  year={2017}
}

@inproceedings{wang2019heterogeneous,
  title={Heterogeneous graph attention network},
  author={Wang, Xiao and Ji, Houye and Shi, Chuan and Wang, Bai and Ye, Yanfang and Cui, Peng and Yu, Philip S},
  booktitle={The world wide web conference},
  pages={2022--2032},
  year={2019}
}

@inproceedings{yan2021relation,
  title={Relation-aware heterogeneous graph for user profiling},
  author={Yan, Qilong and Zhang, Yufeng and Liu, Qiang and Wu, Shu and Wang, Liang},
  booktitle={ICKM},
  pages={3573--3577},
  year={2021}
}

@ARTICLE{yu23RHGNN,
  author={Yu, Le and Sun, Leilei and Du, Bowen and Liu, Chuanren and Lv, Weifeng and Xiong, Hui},
  journal={TKDE}, 
  title={Heterogeneous Graph Representation Learning With Relation Awareness}, 
  year={2023},
  volume={35}
}

@inproceedings{zhang2019heterogeneous,
  title={Heterogeneous graph neural network},
  author={Zhang, Chuxu and Song, Dongjin and Huang, Chao and Swami, Ananthram and Chawla, Nitesh V},
  booktitle={SIGKDD},
  pages={793--803},
  year={2019}
}

@inproceedings{zhang23pagelink,
author = {Zhang, Shichang and Zhang, Jiani and Song, Xiang and Adeshina, Soji and Zheng, Da and Faloutsos, Christos and Sun, Yizhou},
title = {PaGE-Link: Path-based Graph Neural Network Explanation for Heterogeneous Link Prediction},
year = {2023},
isbn = {9781450394161},
publisher = {Association for Computing Machinery},
booktitle = {WWW},
pages = {3784â€“3793},
numpages = {10},
series = {WWW '23}
}

@article{zhu2023hagnn,
  title={HAGNN: Hybrid Aggregation for Heterogeneous Graph Neural Networks},
  author={Zhu, Guanghui and Zhu, Zhennan and Chen, Hongyang and Yuan, Chunfeng and Huang, Yihua},
  journal={arXiv preprint arXiv:2307.01636},
  year={2023}
}

@INPROCEEDINGS{zhu23AutoAC,
author={Zhu, Guanghui and Zhu, Zhennan and Wang, Wenjie and Xu, Zhuoer and Yuan, Chunfeng and Huang, Yihua},
booktitle={ICDE}, 
title={AutoAC: Towards Automated Attribute Completion for Heterogeneous Graph Neural Network}, 
year={2023},
volume={},
number={},
pages={2808-2821}
}

