@article{Cadena2016,
  title = {Past,  Present,  and Future of Simultaneous Localization and Mapping: Toward the Robust-Perception Age},
  volume = {32},
  ISSN = {1941-0468},
  number = {6},
  journal = {IEEE Transactions on Robotics},
  publisher = {Institute of Electrical and Electronics Engineers (IEEE)},
  author = {Cadena,  Cesar and Carlone,  Luca and Carrillo,  Henry and Latif,  Yasir and Scaramuzza,  Davide and Neira,  Jose and Reid,  Ian and Leonard,  John J.},
  year = {2016},
  month = dec,
  pages = {1309–1332}
}

@article{Hao2024,
  title = {Exploration in Deep Reinforcement Learning: From Single-Agent to Multiagent Domain},
  volume = {35},
  ISSN = {2162-2388},
  number = {7},
  journal = {IEEE Transactions on Neural Networks and Learning Systems},
  publisher = {Institute of Electrical and Electronics Engineers (IEEE)},
  author = {Hao,  Jianye and Yang,  Tianpei and Tang,  Hongyao and Bai,  Chenjia and Liu,  Jinyi and Meng,  Zhaopeng and Liu,  Peng and Wang,  Zhen},
  year = {2024},
  month = jul,
  pages = {8762–8782}
}

@inproceedings{Huang2023,
  title = {Visual Language Maps for Robot Navigation},
  booktitle = {2023 IEEE International Conference on Robotics and Automation (ICRA)},
  publisher = {IEEE},
  author = {Huang,  Chenguang and Mees,  Oier and Zeng,  Andy and Burgard,  Wolfram},
  year = {2023},
  month = may 
}

@inproceedings{Liang2020,
  series = {IJCAI-PRICAI-2020},
  title = {Crowd-Steer: Realtime Smooth and Collision-Free Robot Navigation in Densely Crowded Scenarios Trained using High-Fidelity Simulation},
  booktitle = {Proceedings of the Twenty-Ninth International Joint Conference on Artificial Intelligence},
  publisher = {International Joint Conferences on Artificial Intelligence Organization},
  author = {Liang,  Jing and Patel,  Utsav and Sathyamoorthy,  Adarsh Jagan and Manocha,  Dinesh},
  year = {2020},
  month = jul,
  pages = {4221–4228},
  collection = {IJCAI-PRICAI-2020}
}

@inproceedings{Liang2024,
  title = {{MTG}: Mapless Trajectory Generator with Traversability Coverage for Outdoor Navigation},
  volume = {28},
  booktitle = {2024 IEEE International Conference on Robotics and Automation (ICRA)},
  publisher = {IEEE},
  author = {Liang,  Jing and Gao,  Peng and Xiao,  Xuesu and Sathyamoorthy,  Adarsh Jagan and Elnoor,  Mohamed and Lin,  Ming C. and Manocha,  Dinesh},
  year = {2024},
  month = may,
  pages = {2396–2402}
}

@article{Skog2009,
  title = {In-Car Positioning and Navigation Technologies—A Survey},
  volume = {10},
  ISSN = {1558-0016},
  number = {1},
  journal = {IEEE Transactions on Intelligent Transportation Systems},
  publisher = {Institute of Electrical and Electronics Engineers (IEEE)},
  author = {Skog,  I. and Handel,  P.},
  year = {2009},
  month = mar,
  pages = {4–21}
}

@article{SnchezIbez2021,
  title = {Path Planning for Autonomous Mobile Robots: A Review},
  volume = {21},
  ISSN = {1424-8220},
  number = {23},
  journal = {Sensors},
  publisher = {MDPI AG},
  author = {Sánchez-Ibáñez,  José Ricardo and Pérez-del-Pulgar,  Carlos J. and García-Cerezo,  Alfonso},
  year = {2021},
  month = nov,
  pages = {7898}
}

@article{Tzafestas2018,
  title = {Mobile Robot Control and Navigation: A Global Overview},
  volume = {91},
  ISSN = {1573-0409},
  number = {1},
  journal = {Journal of Intelligent \&amp; Robotic Systems},
  publisher = {Springer Science and Business Media LLC},
  author = {Tzafestas,  Spyros G.},
  year = {2018},
  month = mar,
  pages = {35–58}
}

@misc{VLA2024,
  author = {Ma,  Yueen and Song,  Zixing and Zhuang,  Yuzheng and Hao,  Jianye and King,  Irwin},
  keywords = {Robotics (cs.RO),  Computation and Language (cs.CL),  Computer Vision and Pattern Recognition (cs.CV),  FOS: Computer and information sciences,  FOS: Computer and information sciences},
  title = {A Survey on Vision-Language-Action Models for Embodied AI},
  publisher = {arXiv},
  year = {2024},
  copyright = {arXiv.org perpetual,  non-exclusive license}
}

@article{Wang2024,
  title = {A survey on large language model based autonomous agents},
  volume = {18},
  ISSN = {2095-2236},
  number = {6},
  journal = {Frontiers of Computer Science},
  publisher = {Springer Science and Business Media LLC},
  author = {Wang,  Lei and Ma,  Chen and Feng,  Xueyang and Zhang,  Zeyu and Yang,  Hao and Zhang,  Jingsen and Chen,  Zhiyuan and Tang,  Jiakai and Chen,  Xu and Lin,  Yankai and Zhao,  Wayne Xin and Wei,  Zhewei and Wen,  Jirong},
  year = {2024},
  month = mar 
}

@inproceedings{Yokoyama2024,
  title = {{VLFM}: Vision-Language Frontier Maps for Zero-Shot Semantic Navigation},
  volume = {35},
  booktitle = {2024 IEEE International Conference on Robotics and Automation (ICRA)},
  publisher = {IEEE},
  author = {Yokoyama,  Naoki and Ha,  Sehoon and Batra,  Dhruv and Wang,  Jiuguang and Bucher,  Bernadette},
  year = {2024},
  month = may,
  pages = {42–48}
}

@inproceedings{cows,
  title={Cows on pasture: Baselines and benchmarks for language-driven zero-shot object navigation},
  author={Gadre, Samir Yitzhak and Wortsman, Mitchell and Ilharco, Gabriel and Schmidt, Ludwig and Song, Shuran},
  booktitle={Proceedings of the IEEE/CVF Conference on Computer Vision and Pattern Recognition},
  pages={23171--23181},
  year={2023}
}

@InProceedings{pmlr-v139-radford21a,
  title = 	 {Learning Transferable Visual Models From Natural Language Supervision},
  author =       {Radford, Alec and Kim, Jong Wook and Hallacy, Chris and Ramesh, Aditya and Goh, Gabriel and Agarwal, Sandhini and Sastry, Girish and Askell, Amanda and Mishkin, Pamela and Clark, Jack and Krueger, Gretchen and Sutskever, Ilya},
  booktitle = 	 {Proceedings of the 38th International Conference on Machine Learning},
  pages = 	 {8748--8763},
  year = 	 {2021},
  editor = 	 {Meila, Marina and Zhang, Tong},
  volume = 	 {139},
  series = 	 {Proceedings of Machine Learning Research},
  month = 	 {18--24 Jul},
  publisher =    {PMLR},
}

@inproceedings{shah2023lm,
  title={Lm-nav: Robotic navigation with large pre-trained models of language, vision, and action},
  author={Shah, Dhruv and Osi{\'n}ski, B{\l}a{\.z}ej and Levine, Sergey and others},
  booktitle={Conference on robot learning},
  pages={492--504},
  year={2023},
  organization={PMLR}
}

@inproceedings{shah2023vint,
  title     = {Vi{NT}: A Foundation Model for Visual Navigation},
  author    = {Dhruv Shah and Ajay Sridhar and Nitish Dashora and Kyle Stachowicz and Kevin Black and Noriaki Hirose and Sergey Levine},
  booktitle = {7th Annual Conference on Robot Learning},
  year      = {2023},
}

@article{sridhar2023nomad,
  author  = {Ajay Sridhar and Dhruv Shah and Catherine Glossop and Sergey Levine},
  title   = {{NoMaD: Goal Masked Diffusion Policies for Navigation and Exploration}},
  journal = {arXiv pre-print},
  year    = {2023},
}

@misc{tgs2024,
  author = {Song,  Daeun and Liang,  Jing and Xiao,  Xuesu and Manocha,  Dinesh},
  keywords = {Robotics (cs.RO),  FOS: Computer and information sciences,  FOS: Computer and information sciences},
  title = {{TGS}: Trajectory Generation and Selection using Vision Language Models in Mapless Outdoor Environments},
  publisher = {arXiv},
  year = {2024},
  copyright = {arXiv.org perpetual,  non-exclusive license}
}

