@ARTICLE{ORB-Slam3,
  author={Campos, Carlos and Elvira, Richard and Rodríguez, Juan J. Gómez and M. Montiel, José M. and D. Tardós, Juan},
  journal={IEEE Transactions on Robotics}, 
  title={ORB-SLAM3: An Accurate Open-Source Library for Visual, Visual–Inertial, and Multimap SLAM}, 
  year={2021},
  volume={37},
  number={6},
  pages={1874-1890},
  keywords={Simultaneous localization and mapping;Computer vision;Feature extraction;Inertial navigation;Robustness;Optimization;Computer vision;inertial navigation;simult- aneous localization and mapping},
  doi={10.1109/TRO.2021.3075644}}

@ARTICLE{PIPO-slam,
  author={Ge, Yangbing and Zhang, Lilian and Wu, Yuanxin and Hu, Dewen},
  journal={IEEE Transactions on Robotics}, 
  title={PIPO-SLAM: Lightweight Visual-Inertial SLAM With Preintegration Merging Theory and Pose-Only Descriptions of Multiple View Geometry}, 
  year={2024},
  volume={40},
  number={},
  pages={2046-2059},
  keywords={Optimization;Three-dimensional displays;Simultaneous localization and mapping;Cameras;Visualization;Merging;Jacobian matrices;Bundle adjustment (BA);preintegration;sensor fusion;visual-inertial simultaneous localization and mapping system (VI- SLAM)},
  doi={10.1109/TRO.2024.3366815}}

@article{vins,
  title={VINS-Mono: A Robust and Versatile Monocular Visual-Inertial State Estimator},
  author={Qin, Tong and Li, Peiliang and Shen, Shaojie},
  journal={IEEE Transactions on Robotics}, 
  year={2018},
  volume={34}, 
  number={4}, 
  pages={1004-1020}
}

@ARTICLE{APF-RRT,
  author={Lee, Chuan-Che and Song, Kai-Tai},
  journal={IEEE Robotics and Automation Letters}, 
  title={Path Re-Planning Design of a Cobot in a Dynamic Environment Based on Current Obstacle Configuration}, 
  year={2023},
  volume={8},
  number={3},
  pages={1183-1190},
  keywords={Manipulator dynamics;Path planning;Manipulators;Dynamics;Point cloud compression;Real-time systems;Collision avoidance;Collision avoidance;motion and path planning;reactive and sensor-based planning},
  doi={10.1109/LRA.2023.3236577}}

@ARTICLE{DP-Astar,
  author={Gan, Xingli and Huo, Zhihui and Li, Wei},
  journal={IEEE Transactions on Intelligent Transportation Systems}, 
  title={DP-A*: For Path Planing of UGV and Contactless Delivery}, 
  year={2024},
  volume={25},
  number={1},
  pages={907-919},
  keywords={Path planning;Robots;Heuristic algorithms;Task analysis;Planning;Classification algorithms;Collision avoidance;Path planning;unmanned logistics;contactless delivery;reinforcement learning;A-Star;Q-learning;robotics},
  doi={10.1109/TITS.2023.3258186}}

@INPROCEEDINGS{Path_planner,
  author={Li, Lin and Shi, Dianxi and Jin, Songchang and Sun, Yixuan and Zhou, Xing and Yang, Shaowu and Liu, Hengzhu},
  booktitle={2023 IEEE International Conference on Robotics and Automation (ICRA)}, 
  title={Collision-free Coverage Path Planning for the Variable-speed Curvature-constrained Robot}, 
  year={2023},
  volume={},
  number={},
  pages={3600-3606},
  keywords={Runtime;Costs;Computational modeling;Traveling salesman problems;Path planning;Safety;Computational efficiency},
  doi={10.1109/ICRA48891.2023.10160621}}

@inproceedings{MPC-DCBF,
  title={Dynamic control barrier function-based model predictive control to safety-critical obstacle-avoidance of mobile robot},
  author={Jian, Zhuozhu and Yan, Zihong and Lei, Xuanang and Lu, Zihong and Lan, Bin and Wang, Xueqian and Liang, Bin},
  booktitle={2023 IEEE International Conference on Robotics and Automation (ICRA)},
  pages={3679--3685},
  year={2023},
  organization={IEEE}
}

@article{EMPC,
  title={Trajectory tracking and obstacle avoidance for wheeled mobile robots based on EMPC with an adaptive prediction horizon},
  author={Li, Peng and Wang, Shizhan and Yang, Hongjiu and Zhao, Hai},
  journal={IEEE Transactions on Cybernetics},
  volume={52},
  number={12},
  pages={13536--13545},
  year={2021},
  publisher={IEEE}
}

@ARTICLE{End2EndNav1,
  author={Feng, Wenhao and Ding, Liang and Zhou, Ruyi and Xu, Chongfu and Yang, Huaiguang and Gao, Haibo and Liu, Guangjun and Deng, Zongquan},
  journal={IEEE Robotics and Automation Letters}, 
  title={Learning-Based End-to-End Navigation for Planetary Rovers Considering Non-Geometric Hazards}, 
  year={2023},
  volume={8},
  number={7},
  pages={4084-4091},
  keywords={Navigation;Hazards;Space vehicles;Wheels;Feature extraction;Color;Cameras;Autonomous vehicle navigation;reinforcement learning;space robotics and automation},
  doi={10.1109/LRA.2023.3281261}}

@ARTICLE{End2EndNav2,
  author={Pfeiffer, Mark and Shukla, Samarth and Turchetta, Matteo and Cadena, Cesar and Krause, Andreas and Siegwart, Roland and Nieto, Juan},
  journal={IEEE Robotics and Automation Letters}, 
  title={Reinforced Imitation: Sample Efficient Deep Reinforcement Learning for Mapless Navigation by Leveraging Prior Demonstrations}, 
  year={2018},
  volume={3},
  number={4},
  pages={4423-4430},
  keywords={Navigation;Training;Robots;Task analysis;Collision avoidance;Neural networks;Planning;Navigation;deep reinforcement learning;end-to-end planning},
  doi={10.1109/LRA.2018.2869644}}

@INPROCEEDINGS{End2EndNav3,
  author={Bhaskara, Rashmi and Chiu, Maurice and Bera, Aniket},
  booktitle={2023 IEEE/RSJ International Conference on Intelligent Robots and Systems (IROS)}, 
  title={SG-LSTM: Social Group LSTM for Robot Navigation Through Dense Crowds}, 
  year={2023},
  volume={},
  number={},
  pages={3835-3840},
  keywords={Pedestrians;Runtime;Navigation;Social groups;Computational modeling;Psychology;Predictive models},
  doi={10.1109/IROS55552.2023.10341954}}


@INPROCEEDINGS{TridentNetV2,
  author={Paz, David and Xiang, Hao and Liang, Andrew and Christensen, Henrik I.},
  booktitle={2022 International Conference on Robotics and Automation (ICRA)}, 
  title={TridentNetV2: Lightweight Graphical Global Plan Representations for Dynamic Trajectory Generation}, 
  year={2022},
  volume={},
  number={},
  pages={9265-9271},
  keywords={Automation;Navigation;Roads;Predictive models;Real-time systems;Trajectory;Complexity theory},
  doi={10.1109/ICRA46639.2022.9811591}}

@inproceedings{PONI,
    author       = {Ramakrishnan, Santhosh K. and Chaplot, Devendra Singh and Al-Halah, Ziad and Malik, Jitendra and Grauman, Kristen},
    booktitle    = {Computer Vision and Pattern Recognition (CVPR), 2022 IEEE Conference on},
    title        = {PONI: Potential Functions for ObjectGoal Navigation with Interaction-free Learning},
    year         = {2022},
    organization = {IEEE},
}

@inproceedings{L3MVN,
  title={L3mvn: Leveraging large language models for visual target navigation},
  author={Yu, Bangguo and Kasaei, Hamidreza and Cao, Ming},
  booktitle={2023 IEEE/RSJ International Conference on Intelligent Robots and Systems (IROS)},
  pages={3554--3560},
  year={2023},
  organization={IEEE}
}


@inproceedings{ZSON,
  title={ZSON: Zero-Shot Object-Goal Navigation using Multimodal Goal Embeddings},
  author={Majumdar, Arjun and Aggarwal, Gunjan and Devnani, Bhavika and Hoffman, Judy and Batra, Dhruv},
  booktitle={Neural Information Processing Systems (NeurIPS)},
  year={2022}
}

@inproceedings{zero,
  title={Zero-shot object goal visual navigation},
  author={Zhao, Qianfan and Zhang, Lu and He, Bin and Qiao, Hong and Liu, Zhiyong},
  booktitle={2023 IEEE International Conference on Robotics and Automation (ICRA)},
  pages={2025--2031},
  year={2023},
  organization={IEEE}
}

@article{end2endSem1,
  title={Double graph attention networks for visual semantic navigation},
  author={Lyu, Yunlian and Talebi, Mohammad Sadegh},
  journal={Neural Processing Letters},
  volume={55},
  number={7},
  pages={9019--9040},
  year={2023},
  publisher={Springer}
}

@inproceedings{end2endSem2,
  title={Object-goal visual navigation via effective exploration of relations among historical navigation states},
  author={Du, Heming and Li, Lincheng and Huang, Zi and Yu, Xin},
  booktitle={Proceedings of the IEEE/CVF Conference on Computer Vision and Pattern Recognition},
  pages={2563--2573},
  year={2023}
}

@inproceedings{end2endSem3,
  title={Layout-based causal inference for object navigation},
  author={Zhang, Sixian and Song, Xinhang and Li, Weijie and Bai, Yubing and Yu, Xinyao and Jiang, Shuqiang},
  booktitle={Proceedings of the IEEE/CVF Conference on Computer Vision and Pattern Recognition},
  pages={10792--10802},
  year={2023}
}

@article{SemNavSurvey,
  title={A survey of object goal navigation},
  author={Sun, Jingwen and Wu, Jing and Ji, Ze and Lai, Yu-Kun},
  journal={IEEE Transactions on Automation Science and Engineering},
  year={2024},
  publisher={IEEE}
}

@inproceedings{cows,
  title={Cows on pasture: Baselines and benchmarks for language-driven zero-shot object navigation},
  author={Gadre, Samir Yitzhak and Wortsman, Mitchell and Ilharco, Gabriel and Schmidt, Ludwig and Song, Shuran},
  booktitle={Proceedings of the IEEE/CVF Conference on Computer Vision and Pattern Recognition},
  pages={23171--23181},
  year={2023}
}

@article{LLM4SemNav,
  title={Bridging zero-shot object navigation and foundation models through pixel-guided navigation skill},
  author={Cai, Wenzhe and Huang, Siyuan and Cheng, Guangran and Long, Yuxing and Gao, Peng and Sun, Changyin and Dong, Hao},
  journal={arXiv preprint arXiv:2309.10309},
  year={2023}
}

@misc{outdoor_semnav,
      title={Reasoning about the Unseen for Efficient Outdoor Object Navigation}, 
      author={Quanting Xie and Tianyi Zhang and Kedi Xu and Matthew Johnson-Roberson and Yonatan Bisk},
      year={2023},
      eprint={2309.10103},
      archivePrefix={arXiv},
      primaryClass={cs.RO}
}

@article{Chung2024,
  title = {Pixel to Elevation: Learning to Predict Elevation Maps at Long Range Using Images for Autonomous Offroad Navigation},
  volume = {9},
  ISSN = {2377-3774},
  number = {7},
  journal = {IEEE Robotics and Automation Letters},
  publisher = {Institute of Electrical and Electronics Engineers (IEEE)},
  author = {Chung,  Chanyoung and Georgakis,  Georgios and Spieler,  Patrick and Padgett,  Curtis and Agha,  Ali and Khattak,  Shehryar},
  year = {2024},
  month = jul,
  pages = {6170–6177}
}

@article{Ganesan2022,
  title = {A Global Path Planning Algorithm for Mobile Robot in Cluttered Environments with an Improved Initial Cost Solution and Convergence Rate},
  volume = {47},
  ISSN = {2191-4281},
  number = {3},
  journal = {Arabian Journal for Science and Engineering},
  publisher = {Springer Science and Business Media LLC},
  author = {Ganesan,  Sivasankar and Natarajan,  Senthil Kumar and Srinivasan,  Jeevaanand},
  year = {2022},
  month = jan,
  pages = {3633–3647}
}

@article{Psotka2023,
  title = {Global Path Planning Method Based on a Modification of the Wavefront Algorithm for Ground Mobile Robots},
  volume = {12},
  ISSN = {2218-6581},
  number = {1},
  journal = {Robotics},
  publisher = {MDPI AG},
  author = {Psotka,  Martin and Duchoň,  František and Roman,  Mykhailyshyn and Michal,  T\"{o}lgyessy and Michal,  Dobiš},
  year = {2023},
  month = feb,
  pages = {25}
}

@inproceedings{shah2022gnm,
  author    = {Dhruv Shah and Ajay Sridhar and Arjun Bhorkar and Noriaki Hirose and Sergey Levine},
  title     = {{GNM: A General Navigation Model to Drive Any Robot}},
  booktitle = {International Conference on Robotics and Automation (ICRA)},
  year      = {2023},
}

@inproceedings{shah2023vint,
  title     = {Vi{NT}: A Foundation Model for Visual Navigation},
  author    = {Dhruv Shah and Ajay Sridhar and Nitish Dashora and Kyle Stachowicz and Kevin Black and Noriaki Hirose and Sergey Levine},
  booktitle = {7th Annual Conference on Robot Learning},
  year      = {2023},
}

@article{sridhar2023nomad,
  author  = {Ajay Sridhar and Dhruv Shah and Catherine Glossop and Sergey Levine},
  title   = {{NoMaD: Goal Masked Diffusion Policies for Navigation and Exploration}},
  journal = {arXiv pre-print},
  year    = {2023},
}

@article{Xu2021,
  title = {FAST-LIO: A Fast,  Robust LiDAR-Inertial Odometry Package by Tightly-Coupled Iterated Kalman Filter},
  volume = {6},
  ISSN = {2377-3774},
  number = {2},
  journal = {IEEE Robotics and Automation Letters},
  publisher = {Institute of Electrical and Electronics Engineers (IEEE)},
  author = {Xu,  Wei and Zhang,  Fu},
  year = {2021},
  month = apr,
  pages = {3317–3324}
}

@inproceedings{Kaess2011,
  title = {{iSAM2}: Incremental smoothing and mapping with fluid relinearization and incremental variable reordering},
  booktitle = {2011 IEEE International Conference on Robotics and Automation},
  publisher = {IEEE},
  author = {Kaess,  Michael and Johannsson,  Hordur and Roberts,  Richard and Ila,  Viorela and Leonard,  John and Dellaert,  Frank},
  year = {2011},
  month = may 
}

@article{Liu2023,
  title = {Artificial Intelligence in Smart Logistics Cyber-Physical Systems: State-of-The-Arts and Potential Applications},
  volume = {1},
  ISSN = {2832-7004},
  journal = {IEEE Transactions on Industrial Cyber-Physical Systems},
  publisher = {Institute of Electrical and Electronics Engineers (IEEE)},
  author = {Liu,  Yang and Tao,  Xin and Li,  Xin and Colombo,  Armando Walter and Hu,  Shiyan},
  year = {2023},
  pages = {1–20}
}

@article{VargasMunoz2021,
  title = {OpenStreetMap: Challenges and Opportunities in Machine Learning and Remote Sensing},
  volume = {9},
  ISSN = {2373-7468},
  number = {1},
  journal = {IEEE Geoscience and Remote Sensing Magazine},
  publisher = {Institute of Electrical and Electronics Engineers (IEEE)},
  author = {Vargas-Munoz,  John E. and Srivastava,  Shivangi and Tuia,  Devis and Falcao,  Alexandre X.},
  year = {2021},
  month = mar,
  pages = {184–199}
}

@InProceedings{Zhu_2021_CVPR,
    author    = {Zhu, Fengda and Liang, Xiwen and Zhu, Yi and Yu, Qizhi and Chang, Xiaojun and Liang, Xiaodan},
    title     = {{SOON}: Scenario Oriented Object Navigation With Graph-Based Exploration},
    booktitle = {Proceedings of the IEEE/CVF Conference on Computer Vision and Pattern Recognition (CVPR)},
    month     = {June},
    year      = {2021},
    pages     = {12689-12699}
}

@InProceedings{Gadre_2023_CVPR,
    author    = {Gadre, Samir Yitzhak and Wortsman, Mitchell and Ilharco, Gabriel and Schmidt, Ludwig and Song, Shuran},
    title     = {CoWs on Pasture: Baselines and Benchmarks for Language-Driven Zero-Shot Object Navigation},
    booktitle = {Proceedings of the IEEE/CVF Conference on Computer Vision and Pattern Recognition (CVPR)},
    month     = {June},
    year      = {2023},
    pages     = {23171-23181}
}

@article{Xia2020,
  title = {Interactive Gibson Benchmark: A Benchmark for Interactive Navigation in Cluttered Environments},
  volume = {5},
  ISSN = {2377-3774},
  number = {2},
  journal = {IEEE Robotics and Automation Letters},
  publisher = {Institute of Electrical and Electronics Engineers (IEEE)},
  author = {Xia,  Fei and Shen,  William B. and Li,  Chengshu and Kasimbeg,  Priya and Tchapmi,  Micael Edmond and Toshev,  Alexander and Martin-Martin,  Roberto and Savarese,  Silvio},
  year = {2020},
  month = apr,
  pages = {713–720}
}

@article{Rsmann2017,
  title = {Integrated online trajectory planning and optimization in distinctive topologies},
  volume = {88},
  ISSN = {0921-8890},
  journal = {Robotics and Autonomous Systems},
  publisher = {Elsevier BV},
  author = {R\"{o}smann,  Christoph and Hoffmann,  Frank and Bertram,  Torsten},
  year = {2017},
  month = feb,
  pages = {142–153}
}

@misc{on2018,
  author = {Anderson,  Peter and Chang,  Angel and Chaplot,  Devendra Singh and Dosovitskiy,  Alexey and Gupta,  Saurabh and Koltun,  Vladlen and Kosecka,  Jana and Malik,  Jitendra and Mottaghi,  Roozbeh and Savva,  Manolis and Zamir,  Amir R.},
  keywords = {Artificial Intelligence (cs.AI),  Computer Vision and Pattern Recognition (cs.CV),  Machine Learning (cs.LG),  Robotics (cs.RO),  FOS: Computer and information sciences,  FOS: Computer and information sciences},
  title = {On Evaluation of Embodied Navigation Agents},
  publisher = {arXiv},
  year = {2018},
  copyright = {Creative Commons Attribution 4.0 International}
}

@misc{2023computer,
  author = {Zhang,  Chaoning and Han,  Dongshen and Qiao,  Yu and Kim,  Jung Uk and Bae,  Sung-Ho and Lee,  Seungkyu and Hong,  Choong Seon},
  keywords = {Computer Vision and Pattern Recognition (cs.CV),  FOS: Computer and information sciences,  FOS: Computer and information sciences},
  title = {Faster Segment Anything: Towards Lightweight SAM for Mobile Applications},
  publisher = {arXiv},
  year = {2023},
  copyright = {Creative Commons Attribution Non Commercial Share Alike 4.0 International}
}


@InProceedings{pmlr-v139-radford21a,
  title = 	 {Learning Transferable Visual Models From Natural Language Supervision},
  author =       {Radford, Alec and Kim, Jong Wook and Hallacy, Chris and Ramesh, Aditya and Goh, Gabriel and Agarwal, Sandhini and Sastry, Girish and Askell, Amanda and Mishkin, Pamela and Clark, Jack and Krueger, Gretchen and Sutskever, Ilya},
  booktitle = 	 {Proceedings of the 38th International Conference on Machine Learning},
  pages = 	 {8748--8763},
  year = 	 {2021},
  editor = 	 {Meila, Marina and Zhang, Tong},
  volume = 	 {139},
  series = 	 {Proceedings of Machine Learning Research},
  month = 	 {18--24 Jul},
  publisher =    {PMLR},
}

@article{Delling2017,
  title = {Customizable Route Planning in Road Networks},
  volume = {51},
  ISSN = {1526-5447},
  number = {2},
  journal = {Transportation Science},
  publisher = {Institute for Operations Research and the Management Sciences (INFORMS)},
  author = {Delling,  Daniel and Goldberg,  Andrew V. and Pajor,  Thomas and Werneck,  Renato F.},
  year = {2017},
  month = may,
  pages = {566–591}
}

@inproceedings{luxen-vetter-2011,
 author = {Luxen, Dennis and Vetter, Christian},
 title = {Real-time routing with OpenStreetMap data},
 booktitle = {Proceedings of the 19th ACM SIGSPATIAL International Conference on Advances in Geographic Information Systems},
 series = {GIS '11},
 year = {2011},
 isbn = {978-1-4503-1031-4},
 location = {Chicago, Illinois},
 pages = {513--516},
 numpages = {4},
 acmid = {2094062},
 publisher = {ACM},
 address = {New York, NY, USA},
}

@article{Skog2009,
  title = {In-Car Positioning and Navigation Technologies—A Survey},
  volume = {10},
  ISSN = {1558-0016},
  number = {1},
  journal = {IEEE Transactions on Intelligent Transportation Systems},
  publisher = {Institute of Electrical and Electronics Engineers (IEEE)},
  author = {Skog,  I. and Handel,  P.},
  year = {2009},
  month = mar,
  pages = {4–21}
}

@article{Cadena2016,
  title = {Past,  Present,  and Future of Simultaneous Localization and Mapping: Toward the Robust-Perception Age},
  volume = {32},
  ISSN = {1941-0468},
  number = {6},
  journal = {IEEE Transactions on Robotics},
  publisher = {Institute of Electrical and Electronics Engineers (IEEE)},
  author = {Cadena,  Cesar and Carlone,  Luca and Carrillo,  Henry and Latif,  Yasir and Scaramuzza,  Davide and Neira,  Jose and Reid,  Ian and Leonard,  John J.},
  year = {2016},
  month = dec,
  pages = {1309–1332}
}

@article{SnchezIbez2021,
  title = {Path Planning for Autonomous Mobile Robots: A Review},
  volume = {21},
  ISSN = {1424-8220},
  number = {23},
  journal = {Sensors},
  publisher = {MDPI AG},
  author = {Sánchez-Ibáñez,  José Ricardo and Pérez-del-Pulgar,  Carlos J. and García-Cerezo,  Alfonso},
  year = {2021},
  month = nov,
  pages = {7898}
}

@article{Tzafestas2018,
  title = {Mobile Robot Control and Navigation: A Global Overview},
  volume = {91},
  ISSN = {1573-0409},
  number = {1},
  journal = {Journal of Intelligent \&amp; Robotic Systems},
  publisher = {Springer Science and Business Media LLC},
  author = {Tzafestas,  Spyros G.},
  year = {2018},
  month = mar,
  pages = {35–58}
}

@article{Hao2024,
  title = {Exploration in Deep Reinforcement Learning: From Single-Agent to Multiagent Domain},
  volume = {35},
  ISSN = {2162-2388},
  number = {7},
  journal = {IEEE Transactions on Neural Networks and Learning Systems},
  publisher = {Institute of Electrical and Electronics Engineers (IEEE)},
  author = {Hao,  Jianye and Yang,  Tianpei and Tang,  Hongyao and Bai,  Chenjia and Liu,  Jinyi and Meng,  Zhaopeng and Liu,  Peng and Wang,  Zhen},
  year = {2024},
  month = jul,
  pages = {8762–8782}
}

@inproceedings{Liang2020,
  series = {IJCAI-PRICAI-2020},
  title = {Crowd-Steer: Realtime Smooth and Collision-Free Robot Navigation in Densely Crowded Scenarios Trained using High-Fidelity Simulation},
  booktitle = {Proceedings of the Twenty-Ninth International Joint Conference on Artificial Intelligence},
  publisher = {International Joint Conferences on Artificial Intelligence Organization},
  author = {Liang,  Jing and Patel,  Utsav and Sathyamoorthy,  Adarsh Jagan and Manocha,  Dinesh},
  year = {2020},
  month = jul,
  pages = {4221–4228},
  collection = {IJCAI-PRICAI-2020}
}

@misc{tgs2024,
  author = {Song,  Daeun and Liang,  Jing and Xiao,  Xuesu and Manocha,  Dinesh},
  keywords = {Robotics (cs.RO),  FOS: Computer and information sciences,  FOS: Computer and information sciences},
  title = {{TGS}: Trajectory Generation and Selection using Vision Language Models in Mapless Outdoor Environments},
  publisher = {arXiv},
  year = {2024},
  copyright = {arXiv.org perpetual,  non-exclusive license}
}

@inproceedings{Liang2024,
  title = {{MTG}: Mapless Trajectory Generator with Traversability Coverage for Outdoor Navigation},
  volume = {28},
  booktitle = {2024 IEEE International Conference on Robotics and Automation (ICRA)},
  publisher = {IEEE},
  author = {Liang,  Jing and Gao,  Peng and Xiao,  Xuesu and Sathyamoorthy,  Adarsh Jagan and Elnoor,  Mohamed and Lin,  Ming C. and Manocha,  Dinesh},
  year = {2024},
  month = may,
  pages = {2396–2402}
}

@inproceedings{Yokoyama2024,
  title = {{VLFM}: Vision-Language Frontier Maps for Zero-Shot Semantic Navigation},
  volume = {35},
  booktitle = {2024 IEEE International Conference on Robotics and Automation (ICRA)},
  publisher = {IEEE},
  author = {Yokoyama,  Naoki and Ha,  Sehoon and Batra,  Dhruv and Wang,  Jiuguang and Bucher,  Bernadette},
  year = {2024},
  month = may,
  pages = {42–48}
}

@inproceedings{Huang2023,
  title = {Visual Language Maps for Robot Navigation},
  booktitle = {2023 IEEE International Conference on Robotics and Automation (ICRA)},
  publisher = {IEEE},
  author = {Huang,  Chenguang and Mees,  Oier and Zeng,  Andy and Burgard,  Wolfram},
  year = {2023},
  month = may 
}


@inproceedings{shah2023lm,
  title={Lm-nav: Robotic navigation with large pre-trained models of language, vision, and action},
  author={Shah, Dhruv and Osi{\'n}ski, B{\l}a{\.z}ej and Levine, Sergey and others},
  booktitle={Conference on robot learning},
  pages={492--504},
  year={2023},
  organization={PMLR}
}

@misc{VLA2024,
  author = {Ma,  Yueen and Song,  Zixing and Zhuang,  Yuzheng and Hao,  Jianye and King,  Irwin},
  keywords = {Robotics (cs.RO),  Computation and Language (cs.CL),  Computer Vision and Pattern Recognition (cs.CV),  FOS: Computer and information sciences,  FOS: Computer and information sciences},
  title = {A Survey on Vision-Language-Action Models for Embodied AI},
  publisher = {arXiv},
  year = {2024},
  copyright = {arXiv.org perpetual,  non-exclusive license}
}

@article{Wang2024,
  title = {A survey on large language model based autonomous agents},
  volume = {18},
  ISSN = {2095-2236},
  number = {6},
  journal = {Frontiers of Computer Science},
  publisher = {Springer Science and Business Media LLC},
  author = {Wang,  Lei and Ma,  Chen and Feng,  Xueyang and Zhang,  Zeyu and Yang,  Hao and Zhang,  Jingsen and Chen,  Zhiyuan and Tang,  Jiakai and Chen,  Xu and Lin,  Yankai and Zhao,  Wayne Xin and Wei,  Zhewei and Wen,  Jirong},
  year = {2024},
  month = mar 
}
