@article{andrew2021differentially,
  title={Differentially private learning with adaptive clipping},
  author={Andrew, Galen and Thakkar, Om and McMahan, Brendan and Ramaswamy, Swaroop},
  journal={Advances in Neural Information Processing Systems},
  volume={34},
  pages={17455--17466},
  year={2021}
}

@article{beimel2014bounds,
  title={Bounds on the sample complexity for private learning and private data release},
  author={Beimel, Amos and Brenner, Hai and Kasiviswanathan, Shiva Prasad and Nissim, Kobbi},
  journal={Machine Learning},
  volume={94},
  pages={401--437},
  year={2014},
  publisher={Springer}
}

@article{boenisch2024have,
  title={Have it your way: Individualized Privacy Assignment for DP-SGD},
  author={Boenisch, Franziska and M{\"u}hl, Christopher and Dziedzic, Adam and Rinberg, Roy and Papernot, Nicolas},
  journal={Advances in Neural Information Processing Systems},
  volume={36},
  year={2024}
}

@article{dwork2014algorithmic,
  title={The algorithmic foundations of differential privacy},
  author={Dwork, Cynthia and Roth, Aaron and others},
  journal={Foundations and Trends{\textregistered} in Theoretical Computer Science},
  volume={9},
  number={3--4},
  pages={211--407},
  year={2014},
  publisher={Now Publishers, Inc.}
}

@article{geyer2017differentially,
  title={Differentially private federated learning: A client level perspective},
  author={Geyer, Robin C and Klein, Tassilo and Nabi, Moin},
  journal={ArXiv preprint:1712.07557},
  year={2017}
}

@article{hu2023federated,
  title={Federated learning with sparsified model perturbation: Improving accuracy under client-level differential privacy},
  author={Hu, Rui and Guo, Yuanxiong and Gong, Yanmin},
  journal={IEEE Transactions on Mobile Computing},
  year={2023},
  publisher={IEEE}
}

@inproceedings{li2022private,
  title={Private adaptive optimization with side information},
  author={Li, Tian and Zaheer, Manzil and Reddi, Sashank and Smith, Virginia},
  booktitle={International Conference on Machine Learning},
  pages={13086--13105},
  year={2022},
  organization={PMLR}
}

@article{malekmohammadi2024noise,
  title={Noise-Aware Algorithm for Heterogeneous Differentially Private Federated Learning},
  author={Malekmohammadi, Saber and Yu, Yaoliang and Cao, Yang},
  journal={ArXiv preprint:2406.03519},
  year={2024}
}

@inproceedings{mcmahan2017communication,
  title={Communication-efficient learning of deep networks from decentralized data},
  author={Mc{M}ahan, Brendan and Moore, Eider and Ramage, Daniel and Hampson, Seth and y Arcas, Blaise Aguera},
  booktitle={Artificial Intelligence and Statistics},
  pages={1273--1282},
  year={2017}
}

@article{mcmahan2017learning,
  title={Learning differentially private recurrent language models},
  author={McMahan, H Brendan and Ramage, Daniel and Talwar, Kunal and Zhang, Li},
  journal={ArXiv preprint:1710.06963},
  year={2017}
}

@inproceedings{mironov2017renyi,
  title={R{\'e}nyi differential privacy},
  author={Mironov, Ilya},
  booktitle={Computer Security Foundations Symp. (CSF)},
  pages={263--275},
  year={2017},
  organization={IEEE}
}

@article{mironov2019r,
  title={R{\'e}nyi differential privacy of the sampled Gaussian mechanism},
  author={Mironov, Ilya and Talwar, Kunal and Zhang, Li},
  journal={ArXiv preprint:1908.10530},
  year={2019}
}

@article{pichapati2019adaclip,
  title={Adaclip: Adaptive clipping for private sgd},
  author={Pichapati, Venkatadheeraj and Suresh, Ananda Theertha and Yu, Felix X and Reddi, Sashank J and Kumar, Sanjiv},
  journal={ArXiv preprint:1908.07643},
  year={2019}
}

@article{ramaswamy2020training,
  title={Training production language models without memorizing user data},
  author={Ramaswamy, Swaroop and Thakkar, Om and Mathews, Rajiv and Andrew, Galen and McMahan, H Brendan and Beaufays, Fran{\c{c}}oise},
  journal={ArXiv preprint:2009.10031},
  year={2020}
}

@article{shen2023pldp,
  title={Pldp-fl: Federated learning with personalized local differential privacy},
  author={Shen, Xiaoying and Jiang, Hang and Chen, Yange and Wang, Baocang and Gao, Le},
  journal={Entropy},
  volume={25},
  number={3},
  pages={485},
  year={2023},
  publisher={MDPI}
}

@inproceedings{truex2019hybrid,
  title={A hybrid approach to privacy-preserving federated learning},
  author={Truex, Stacey and Baracaldo, Nathalie and Anwar, Ali and Steinke, Thomas and Ludwig, Heiko and Zhang, Rui and Zhou, Yi},
  booktitle={Proceedings of the ACM Workshop on Artificial Intelligence and Security},
  pages={1--11},
  year={2019}
}

@inproceedings{truex2020ldp,
  title={LDP-Fed: Federated learning with local differential privacy},
  author={Truex, Stacey and Liu, Ling and Chow, Ka-Ho and Gursoy, Mehmet Emre and Wei, Wenqi},
  booktitle={Proceedings of the ACM International Workshop on Edge Systems, Analytics and Networking},
  pages={61--66},
  year={2020}
}

@inproceedings{yang2021federated,
  title={Federated learning with personalized local differential privacy},
  author={Yang, Ge and Wang, Shaowei and Wang, Haijie},
  booktitle={IEEE International Conference on Computer and Communication Systems (ICCCS)},
  pages={484--489},
  year={2021},
  organization={IEEE}
}

@article{yang2023dynamic,
  title={Dynamic personalized federated learning with adaptive differential privacy},
  author={Yang, Xiyuan and Huang, Wenke and Ye, Mang},
  journal={Advances in Neural Information Processing Systems},
  volume={36},
  pages={72181--72192},
  year={2023}
}

