@inproceedings{mironov2017renyi,
  title={R{\'e}nyi differential privacy},
  author={Mironov, Ilya},
  booktitle={Computer Security Foundations Symp. (CSF)},
  pages={263--275},
  year={2017},
  organization={IEEE}
}


@article{mironov2019r,
  title={R{\'e}nyi differential privacy of the sampled Gaussian mechanism},
  author={Mironov, Ilya and Talwar, Kunal and Zhang, Li},
  journal={ArXiv preprint:1908.10530},
  year={2019}
}

@article{beimel2014bounds,
  title={Bounds on the sample complexity for private learning and private data release},
  author={Beimel, Amos and Brenner, Hai and Kasiviswanathan, Shiva Prasad and Nissim, Kobbi},
  journal={Machine Learning},
  volume={94},
  pages={401--437},
  year={2014},
  publisher={Springer}
}

@inproceedings{dwork2006differential,
  title={Differential privacy},
  author={Dwork, Cynthia},
  booktitle={International Colloquium on Automata, Languages, and Programming},
  pages={1--12},
  year={2006},
  organization={Springer}
}


@article{dwork2014algorithmic,
  title={The algorithmic foundations of differential privacy},
  author={Dwork, Cynthia and Roth, Aaron and others},
  journal={Foundations and Trends{\textregistered} in Theoretical Computer Science},
  volume={9},
  number={3--4},
  pages={211--407},
  year={2014},
  publisher={Now Publishers, Inc.}
}


@inproceedings{shokri2017membership,
  title={Membership inference attacks against machine learning models},
  author={Shokri, Reza and Stronati, Marco and Song, Congzheng and Shmatikov, Vitaly},
  booktitle={IEEE Symposium on Security and Privacy (SP)},
  pages={3--18},
  year={2017},
  organization={IEEE}
}

@inproceedings{fredrikson2015model,
  title={Model inversion attacks that exploit confidence information and basic countermeasures},
  author={Fredrikson, Matt and Jha, Somesh and Ristenpart, Thomas},
  booktitle={ACM SIGSAC Conf. on Computer and Communications Security},
  pages={1322--1333},
  year={2015}
}


@article{wei2020federated,
  title={Federated learning with differential privacy: Algorithms and performance analysis},
  author={Wei, Kang and Li, Jun and Ding, Ming and Ma, Chuan and Yang, Howard H and Farokhi, Farhad and Jin, Shi and Quek, Tony QS and Poor, H Vincent},
  journal={IEEE Transactions on Information Forensics and Security},
  volume={15},
  pages={3454--3469},
  year={2020},
  publisher={IEEE}
}


@article{hu2023federated,
  title={Federated learning with sparsified model perturbation: Improving accuracy under client-level differential privacy},
  author={Hu, Rui and Guo, Yuanxiong and Gong, Yanmin},
  journal={IEEE Transactions on Mobile Computing},
  year={2023},
  publisher={IEEE}
}


@article{mcmahan2017learning,
  title={Learning differentially private recurrent language models},
  author={McMahan, H Brendan and Ramage, Daniel and Talwar, Kunal and Zhang, Li},
  journal={ArXiv preprint:1710.06963},
  year={2017}
}


@article{geyer2017differentially,
  title={Differentially private federated learning: A client level perspective},
  author={Geyer, Robin C and Klein, Tassilo and Nabi, Moin},
  journal={ArXiv preprint:1712.07557},
  year={2017}
}



@inproceedings{mcmahan2017communication,
  title={Communication-efficient learning of deep networks from decentralized data},
  author={Mc{M}ahan, Brendan and Moore, Eider and Ramage, Daniel and Hampson, Seth and y Arcas, Blaise Aguera},
  booktitle={Artificial Intelligence and Statistics},
  pages={1273--1282},
  year={2017}
}


@article{wei2023personalized,
  title={Personalized federated learning with differential privacy and convergence guarantee},
  author={Wei, Kang and Li, Jun and Ma, Chuan and Ding, Ming and Chen, Wen and Wu, Jun and Tao, Meixia and Poor, H Vincent},
  journal={IEEE Transactions on Information Forensics and Security},
  year={2023},
  publisher={IEEE}
}


@article{shen2023pldp,
  title={Pldp-fl: Federated learning with personalized local differential privacy},
  author={Shen, Xiaoying and Jiang, Hang and Chen, Yange and Wang, Baocang and Gao, Le},
  journal={Entropy},
  volume={25},
  number={3},
  pages={485},
  year={2023},
  publisher={MDPI}
}

@inproceedings{yang2021federated,
  title={Federated learning with personalized local differential privacy},
  author={Yang, Ge and Wang, Shaowei and Wang, Haijie},
  booktitle={IEEE International Conference on Computer and Communication Systems (ICCCS)},
  pages={484--489},
  year={2021},
  organization={IEEE}
}

@article{boenisch2024have,
  title={Have it your way: Individualized Privacy Assignment for DP-SGD},
  author={Boenisch, Franziska and M{\"u}hl, Christopher and Dziedzic, Adam and Rinberg, Roy and Papernot, Nicolas},
  journal={Advances in Neural Information Processing Systems},
  volume={36},
  year={2024}
}

@article{deng2012mnist,
  title={The MNIST database of handwritten digit images for machine learning research},
  author={Deng, Li},
  journal={IEEE Signal Processing Magazine},
  volume={29},
  number={6},
  pages={141--142},
  year={2012},
  publisher={IEEE}
}

@article{xiao2017fashion,
  title={Fashion-mnist: a novel image dataset for benchmarking machine learning algorithms},
  author={Xiao, Han and Rasul, Kashif and Vollgraf, Roland},
  journal={ArXiv preprint:1708.07747},
  year={2017}
}

@article{rosenblatt2022spending,
  title={Spending privacy budget fairly and wisely},
  author={Rosenblatt, Lucas and Allen, Joshua and Stoyanovich, Julia},
  journal={ArXiv preprint:2204.12903},
  year={2022}
}

@inproceedings{zhang2023fedala,
  title={Fedala: Adaptive local aggregation for personalized federated learning},
  author={Zhang, Jianqing and Hua, Yang and Wang, Hao and Song, Tao and Xue, Zhengui and Ma, Ruhui and Guan, Haibing},
  booktitle={Proceedings of the AAAI Conference on Artificial Intelligence},
  volume={37},
  pages={11237--11244},
  year={2023}
}

@article{opacus,
  title={Opacus: {U}ser-Friendly Differential Privacy Library in {PyTorch}},
  author={Ashkan Yousefpour and Igor Shilov and Alexandre Sablayrolles and Davide Testuggine and Karthik Prasad and Mani Malek and John Nguyen and Sayan Ghosh and Akash Bharadwaj and Jessica Zhao and Graham Cormode and Ilya Mironov},
  journal={ArXiv preprint:2109.12298},
  year={2021}
}

@article{krizhevsky2009learning,
  title={Learning multiple layers of features from tiny images},
  author={Krizhevsky, Alex and Hinton, Geoffrey and others},
  year={2009},
  publisher={Toronto, ON, Canada}
}


@article{zhang2023pfllib,
  title={PFLlib: Personalized Federated Learning Algorithm Library},
  author={Zhang, Jianqing and Liu, Yang and Hua, Yang and Wang, Hao and Song, Tao and Xue, Zhengui and Ma, Ruhui and Cao, Jian},
  journal={ArXiv preprint:2312.04992},
  year={2023}
}


@inproceedings{das2023beyond,
  title={Beyond uniform Lipschitz condition in differentially private optimization},
  author={Das, Rudrajit and Kale, Satyen and Xu, Zheng and Zhang, Tong and Sanghavi, Sujay},
  booktitle={International Conference on Machine Learning},
  pages={7066--7101},
  year={2023},
  organization={PMLR}
}


@article{zhu2019deep,
  title={Deep leakage from gradients},
  author={Zhu, Ligeng and Liu, Zhijian and Han, Song},
  journal={Advances in Neural Information Processing Systems},
  volume={32},
  year={2019}
}

@article{geiping2020inverting,
  title={Inverting gradients-how easy is it to break privacy in federated learning?},
  author={Geiping, Jonas and Bauermeister, Hartmut and Dr{\"o}ge, Hannah and Moeller, Michael},
  journal={Advances in Neural Information Processing Systems},
  volume={33},
  pages={16937--16947},
  year={2020}
}


@inproceedings{boenisch2023curious,
  title={When the curious abandon honesty: Federated learning is not private},
  author={Boenisch, Franziska and Dziedzic, Adam and Schuster, Roei and Shamsabadi, Ali Shahin and Shumailov, Ilia and Papernot, Nicolas},
  booktitle={IEEE European Symposium on Security and Privacy (EuroS\&P)},
  pages={175--199},
  year={2023},
  organization={IEEE}
}


@article{mansour2020three,
  title={Three approaches for personalization with applications to federated learning},
  author={Mansour, Yishay and Mohri, Mehryar and Ro, Jae and Suresh, Ananda Theertha},
  journal={ArXiv preprint:2002.10619},
  year={2020}
}

@article{smith2017federated,
  title={Federated multi-task learning},
  author={Smith, Virginia and Chiang, Chao-Kai and Sanjabi, Maziar and Talwalkar, Ameet S},
  journal={Advances in Neural Information Processing Systems},
  volume={30},
  year={2017}
}

@article{fallah2020personalized,
  title={Personalized federated learning with theoretical guarantees: A model-agnostic meta-learning approach},
  author={Fallah, Alireza and Mokhtari, Aryan and Ozdaglar, Asuman},
  journal={Advances in Neural Information Processing Systems},
  volume={33},
  pages={3557--3568},
  year={2020}
}

@INPROCEEDINGS{9378043,
  author={Zhang, Daniel Yue and Kou, Ziyi and Wang, Dong},
  booktitle={2020 IEEE International Conference on Big Data (Big Data)}, 
  title={FairFL: A Fair Federated Learning Approach to Reducing Demographic Bias in Privacy-Sensitive Classification Models}, 
  year={2020},
  volume={},
  number={},
  pages={1051-1060},
  doi={10.1109/BigData50022.2020.9378043}}

@misc{adult_2,
  author       = {Becker, Barry and Kohavi, Ronny},
  title        = {{Adult dataset}},
  year         = {1996},
  howpublished = {UCI Machine Learning Repository},
  note         = {{DOI}: https://doi.org/10.24432/C5XW20}
}



@inproceedings{truex2020ldp,
  title={LDP-Fed: Federated learning with local differential privacy},
  author={Truex, Stacey and Liu, Ling and Chow, Ka-Ho and Gursoy, Mehmet Emre and Wei, Wenqi},
  booktitle={Proceedings of the ACM International Workshop on Edge Systems, Analytics and Networking},
  pages={61--66},
  year={2020}
}


@inproceedings{truex2019hybrid,
  title={A hybrid approach to privacy-preserving federated learning},
  author={Truex, Stacey and Baracaldo, Nathalie and Anwar, Ali and Steinke, Thomas and Ludwig, Heiko and Zhang, Rui and Zhou, Yi},
  booktitle={Proceedings of the ACM Workshop on Artificial Intelligence and Security},
  pages={1--11},
  year={2019}
}


@article{ramaswamy2020training,
  title={Training production language models without memorizing user data},
  author={Ramaswamy, Swaroop and Thakkar, Om and Mathews, Rajiv and Andrew, Galen and McMahan, H Brendan and Beaufays, Fran{\c{c}}oise},
  journal={ArXiv preprint:2009.10031},
  year={2020}
}

@inproceedings{li2022private,
  title={Private adaptive optimization with side information},
  author={Li, Tian and Zaheer, Manzil and Reddi, Sashank and Smith, Virginia},
  booktitle={International Conference on Machine Learning},
  pages={13086--13105},
  year={2022},
  organization={PMLR}
}


@article{andrew2021differentially,
  title={Differentially private learning with adaptive clipping},
  author={Andrew, Galen and Thakkar, Om and McMahan, Brendan and Ramaswamy, Swaroop},
  journal={Advances in Neural Information Processing Systems},
  volume={34},
  pages={17455--17466},
  year={2021}
}



@article{pichapati2019adaclip,
  title={Adaclip: Adaptive clipping for private sgd},
  author={Pichapati, Venkatadheeraj and Suresh, Ananda Theertha and Yu, Felix X and Reddi, Sashank J and Kumar, Sanjiv},
  journal={ArXiv preprint:1908.07643},
  year={2019}
}


@article{yang2023dynamic,
  title={Dynamic personalized federated learning with adaptive differential privacy},
  author={Yang, Xiyuan and Huang, Wenke and Ye, Mang},
  journal={Advances in Neural Information Processing Systems},
  volume={36},
  pages={72181--72192},
  year={2023}
}


@inproceedings{dziedzic2019band,
  title={Band-limited training and inference for convolutional neural networks},
  author={Dziedzic, Adam and Paparrizos, John and Krishnan, Sanjay and Elmore, Aaron and Franklin, Michael},
  booktitle={International Conference on Machine Learning},
  pages={1745--1754},
  year={2019},
  organization={PMLR}
}

@article{alaggan2015heterogeneous,
  title={Heterogeneous differential privacy},
  author={Alaggan, Mohammad and Gambs, S{\'e}bastien and Kermarrec, Anne-Marie},
  journal={ArXiv preprint:1504.06998},
  year={2015}
}

@inproceedings{inproceedings,
author = {Loshchilov, Ilya and Hutter, Frank},
year = {2016},
month = {08},
pages = {},
title = {SGDR: Stochastic Gradient Descent with Warm Restarts},
doi = {10.48550/arXiv.1608.03983}
}


@article{bonawitz2016practical,
  title={Practical secure aggregation for federated learning on user-held data},
  author={Bonawitz, Keith and Ivanov, Vladimir and Kreuter, Ben and Marcedone, Antonio and McMahan, H Brendan and Patel, Sarvar and Ramage, Daniel and Segal, Aaron and Seth, Karn},
  journal={ArXiv preprint:1611.04482},
  year={2016}
}

@article{papernot2021hyperparameter,
  title={Hyperparameter tuning with Rényi differential privacy},
  author={Papernot, Nicolas and Steinke, Thomas},
  journal={ArXiv preprint:2110.03620},
  year={2021}
}

@inproceedings{xu2020learning,
  title={Learning in the frequency domain},
  author={Xu, Kai and Qin, Minghai and Sun, Fei and Wang, Yuhao and Chen, Yen-Kuang and Ren, Fengbo},
  booktitle={Proceedings of the IEEE/CVF Conference on Computer Vision and Pattern Recognition},
  pages={1740--1749},
  year={2020}
}

@article{raghu2017svcca,
  title={Svcca: Singular vector canonical correlation analysis for deep learning dynamics and interpretability},
  author={Raghu, Maithra and Gilmer, Justin and Yosinski, Jason and Sohl-Dickstein, Jascha},
  journal={Advances in Neural Information Processing Systems},
  volume={30},
  year={2017}
}

@article{shwartz2017opening,
  title={Opening the black box of deep neural networks via information},
  author={Shwartz-Ziv, Ravid and Tishby, Naftali},
  journal={ArXiv preprint:1703.00810},
  year={2017}
}


@article{malekmohammadi2024noise,
  title={Noise-Aware Algorithm for Heterogeneous Differentially Private Federated Learning},
  author={Malekmohammadi, Saber and Yu, Yaoliang and Cao, Yang},
  journal={ArXiv preprint:2406.03519},
  year={2024}
}

@inproceedings{he2016deep,
  title={Deep residual learning for image recognition},
  author={He, Kaiming and Zhang, Xiangyu and Ren, Shaoqing and Sun, Jian},
  booktitle={Proceedings of the IEEE Conference on Computer Vision and Pattern Recognition},
  pages={770--778},
  year={2016}
}