@article{buehlerokg2024,
author = {Buehler, Markus J.},
title = {Generative Retrieval-Augmented Ontologic Graph and Multiagent Strategies for Interpretive Large Language Model-Based Materials Design},
journal = {ACS Engineering Au},
volume = {4},
number = {2},
pages = {241-277},
year = {2024},
doi = {10.1021/acsengineeringau.3c00058},
}

@article{choudhary2023chemnlp,
  title={ChemNLP: a natural language-processing-based library for materials chemistry text data},
  author={Choudhary, Kamal and Kelley, Mathew L},
  journal={The Journal of Physical Chemistry C},
  volume={127},
  number={35},
  pages={17545--17555},
  year={2023},
  publisher={ACS Publications}
}

@article{clark2023investigating,
  title={Investigating the use of an artificial intelligence chatbot with general chemistry exam questions},
  author={Clark, Ted M},
  journal={Journal of Chemical Education},
  volume={100},
  number={5},
  pages={1905--1916},
  year={2023},
  publisher={ACS Publications}
}

@article{leon2023chatgpt,
  title={ChatGPT needs a chemistry tutor too},
  author={Leon, Alfredo J and Vidhani, Dinesh},
  journal={Journal of Chemical Education},
  volume={100},
  number={10},
  pages={3859--3865},
  year={2023},
  publisher={ACS Publications}
}

@article{watts2023comparing,
  title={Comparing student and generative artificial intelligence chatbot responses to organic chemistry writing-to-learn assignments},
  author={Watts, Field M and Dood, Amber J and Shultz, Ginger V and Rodriguez, Jon-Marc G},
  journal={Journal of Chemical Education},
  volume={100},
  number={10},
  pages={3806--3817},
  year={2023},
  publisher={ACS Publications}
}

@article{yik2024chatgpt,
  title={ChatGPT Convincingly Explains Organic Chemistry Reaction Mechanisms Slightly Inaccurately with High Levels of Explanation Sophistication},
  author={Yik, Brandon J and Dood, Amber J},
  journal={Journal of Chemical Education},
  volume={101},
  number={5},
  pages={1836--1846},
  year={2024},
  publisher={ACS Publications}
}

