% Use this file for citations not found in the ACL Anthology (contained in "anthology.bib").

@article{achiam2023gpt,
  title={Gpt-4 technical report},
  author={Achiam, Josh and Adler, Steven and Agarwal, Sandhini and Ahmad, Lama and Akkaya, Ilge and Aleman, Florencia Leoni and Almeida, Diogo and Altenschmidt, Janko and Altman, Sam and Anadkat, Shyamal and others},
  journal={arXiv preprint arXiv:2303.08774},
  year={2023}
}

@article{touvron2023llama,
  title={Llama 2: Open foundation and fine-tuned chat models},
  author={Touvron, Hugo and Martin, Louis and Stone, Kevin and Albert, Peter and Almahairi, Amjad and Babaei, Yasmine and Bashlykov, Nikolay and Batra, Soumya and Bhargava, Prajjwal and Bhosale, Shruti and others},
  journal={arXiv preprint arXiv:2307.09288},
  year={2023}
}

@article{dubey2024llama,
  title={The llama 3 herd of models},
  author={Dubey, Abhimanyu and Jauhri, Abhinav and Pandey, Abhinav and Kadian, Abhishek and Al-Dahle, Ahmad and Letman, Aiesha and Mathur, Akhil and Schelten, Alan and Yang, Amy and Fan, Angela and others},
  journal={arXiv preprint arXiv:2407.21783},
  year={2024}
}

@article{yang2024qwen2,
  title={Qwen2. 5 Technical Report},
  author={Yang, An and Yang, Baosong and Zhang, Beichen and Hui, Binyuan and Zheng, Bo and Yu, Bowen and Li, Chengyuan and Liu, Dayiheng and Huang, Fei and Wei, Haoran and others},
  journal={arXiv preprint arXiv:2412.15115},
  year={2024}
}

@article{DBLP:journals/corr/abs-2001-08361,
  author       = {Jared Kaplan and
                  Sam McCandlish and
                  Tom Henighan and
                  Tom B. Brown and
                  Benjamin Chess and
                  Rewon Child and
                  Scott Gray and
                  Alec Radford and
                  Jeffrey Wu and
                  Dario Amodei},
  title        = {Scaling Laws for Neural Language Models},
  journal      = {CoRR},
  volume       = {abs/2001.08361},
  year         = {2020},
  url          = {https://arxiv.org/abs/2001.08361},
  eprinttype    = {arXiv},
  eprint       = {2001.08361},
  timestamp    = {Wed, 03 Jun 2020 10:55:13 +0200},
  biburl       = {https://dblp.org/rec/journals/corr/abs-2001-08361.bib},
  bibsource    = {dblp computer science bibliography, https://dblp.org}
}

@article{DBLP:journals/corr/abs-2203-15556,
  author       = {Jordan Hoffmann and
                  Sebastian Borgeaud and
                  Arthur Mensch and
                  Elena Buchatskaya and
                  Trevor Cai and
                  Eliza Rutherford and
                  Diego de Las Casas and
                  Lisa Anne Hendricks and
                  Johannes Welbl and
                  Aidan Clark and
                  Tom Hennigan and
                  Eric Noland and
                  Katie Millican and
                  George van den Driessche and
                  Bogdan Damoc and
                  Aurelia Guy and
                  Simon Osindero and
                  Karen Simonyan and
                  Erich Elsen and
                  Jack W. Rae and
                  Oriol Vinyals and
                  Laurent Sifre},
  title        = {Training Compute-Optimal Large Language Models},
  journal      = {CoRR},
  volume       = {abs/2203.15556},
  year         = {2022},
  url          = {https://doi.org/10.48550/arXiv.2203.15556},
  doi          = {10.48550/ARXIV.2203.15556},
  eprinttype    = {arXiv},
  eprint       = {2203.15556},
  timestamp    = {Sun, 19 Jan 2025 13:42:19 +0100},
  biburl       = {https://dblp.org/rec/journals/corr/abs-2203-15556.bib},
  bibsource    = {dblp computer science bibliography, https://dblp.org}
}

@inproceedings{DBLP:conf/iclr/LepikhinLXCFHKS21,
  author       = {Dmitry Lepikhin and
                  HyoukJoong Lee and
                  Yuanzhong Xu and
                  Dehao Chen and
                  Orhan Firat and
                  Yanping Huang and
                  Maxim Krikun and
                  Noam Shazeer and
                  Zhifeng Chen},
  title        = {GShard: Scaling Giant Models with Conditional Computation and Automatic
                  Sharding},
  booktitle    = {9th International Conference on Learning Representations, {ICLR} 2021,
                  Virtual Event, Austria, May 3-7, 2021},
  publisher    = {OpenReview.net},
  year         = {2021},
  url          = {https://openreview.net/forum?id=qrwe7XHTmYb},
  timestamp    = {Wed, 23 Jun 2021 17:36:40 +0200},
  biburl       = {https://dblp.org/rec/conf/iclr/LepikhinLXCFHKS21.bib},
  bibsource    = {dblp computer science bibliography, https://dblp.org}
}

@article{fedus2022switch,
  title={Switch transformers: Scaling to trillion parameter models with simple and efficient sparsity},
  author={Fedus, William and Zoph, Barret and Shazeer, Noam},
  journal={Journal of Machine Learning Research},
  volume={23},
  number={120},
  pages={1--39},
  year={2022}
}

@article{jiang2024mixtral,
  title={Mixtral of experts},
  author={Jiang, Albert Q and Sablayrolles, Alexandre and Roux, Antoine and Mensch, Arthur and Savary, Blanche and Bamford, Chris and Chaplot, Devendra Singh and Casas, Diego de las and Hanna, Emma Bou and Bressand, Florian and others},
  journal={arXiv preprint arXiv:2401.04088},
  year={2024}
}

@inproceedings{DBLP:conf/acl/DaiDZXGCLZYWXLH24,
  author       = {Damai Dai and
                  Chengqi Deng and
                  Chenggang Zhao and
                  R. X. Xu and
                  Huazuo Gao and
                  Deli Chen and
                  Jiashi Li and
                  Wangding Zeng and
                  Xingkai Yu and
                  Y. Wu and
                  Zhenda Xie and
                  Y. K. Li and
                  Panpan Huang and
                  Fuli Luo and
                  Chong Ruan and
                  Zhifang Sui and
                  Wenfeng Liang},
  editor       = {Lun{-}Wei Ku and
                  Andre Martins and
                  Vivek Srikumar},
  title        = {DeepSeekMoE: Towards Ultimate Expert Specialization in Mixture-of-Experts
                  Language Models},
  booktitle    = {Proceedings of the 62nd Annual Meeting of the Association for Computational
                  Linguistics (Volume 1: Long Papers), {ACL} 2024, Bangkok, Thailand,
                  August 11-16, 2024},
  pages        = {1280--1297},
  publisher    = {Association for Computational Linguistics},
  year         = {2024},
  url          = {https://doi.org/10.18653/v1/2024.acl-long.70},
  doi          = {10.18653/V1/2024.ACL-LONG.70},
  timestamp    = {Sun, 19 Jan 2025 13:20:29 +0100},
  biburl       = {https://dblp.org/rec/conf/acl/DaiDZXGCLZYWXLH24.bib},
  bibsource    = {dblp computer science bibliography, https://dblp.org}
}

@article{li2025minimax,
  title={MiniMax-01: Scaling Foundation Models with Lightning Attention},
  author={Li, Aonian and Gong, Bangwei and Yang, Bo and Shan, Boji and Liu, Chang and Zhu, Cheng and Zhang, Chunhao and Guo, Congchao and Chen, Da and Li, Dong and others},
  journal={arXiv preprint arXiv:2501.08313},
  year={2025}
}

@article{liu2024deepseek,
  title={Deepseek-v3 technical report},
  author={Liu, Aixin and Feng, Bei and Xue, Bing and Wang, Bingxuan and Wu, Bochao and Lu, Chengda and Zhao, Chenggang and Deng, Chengqi and Zhang, Chenyu and Ruan, Chong and others},
  journal={arXiv preprint arXiv:2412.19437},
  year={2024}
}

@inproceedings{lilazy,
  title={The Lazy Neuron Phenomenon: On Emergence of Activation Sparsity in Transformers},
  author={Li, Zonglin and You, Chong and Bhojanapalli, Srinadh and Li, Daliang and Rawat, Ankit Singh and Reddi, Sashank J and Ye, Ke and Chern, Felix and Yu, Felix and Guo, Ruiqi and others},
  booktitle={The Eleventh International Conference on Learning Representations}
}

@article{luo2024sparsing,
  title={Sparsing Law: Towards Large Language Models with Greater Activation Sparsity},
  author={Luo, Yuqi and Song, Chenyang and Han, Xu and Chen, Yingfa and Xiao, Chaojun and Liu, Zhiyuan and Sun, Maosong},
  journal={arXiv preprint arXiv:2411.02335},
  year={2024}
}

@inproceedings{yang2024xmoe,
  title={XMoE: Sparse Models with Fine-grained and Adaptive Expert Selection},
  author={Yang, Yuanhang and Qi, Shiyi and Gu, Wenchao and Wang, Chaozheng and Gao, Cuiyun and Xu, Zenglin},
  booktitle={Findings of the Association for Computational Linguistics ACL 2024},
  pages={11664--11674},
  year={2024}
}

@article{mishra2021accelerating,
  title={Accelerating sparse deep neural networks},
  author={Mishra, Asit and Latorre, Jorge Albericio and Pool, Jeff and Stosic, Darko and Stosic, Dusan and Venkatesh, Ganesh and Yu, Chong and Micikevicius, Paulius},
  journal={arXiv preprint arXiv:2104.08378},
  year={2021}
}

@article{liu2024training,
  title={Training-free activation sparsity in large language models},
  author={Liu, James and Ponnusamy, Pragaash and Cai, Tianle and Guo, Han and Kim, Yoon and Athiwaratkun, Ben},
  journal={arXiv preprint arXiv:2408.14690},
  year={2024}
}

@inproceedings{zhang2022moefication,
  title={MoEfication: Transformer Feed-forward Layers are Mixtures of Experts},
  author={Zhang, Zhengyan and Lin, Yankai and Liu, Zhiyuan and Li, Peng and Sun, Maosong and Zhou, Jie},
  booktitle={Findings of the Association for Computational Linguistics: ACL 2022},
  pages={877--890},
  year={2022}
}

@article{su2024cartesianmoe,
  title={CartesianMoE: Boosting Knowledge Sharing among Experts via Cartesian Product Routing in Mixture-of-Experts},
  author={Su, Zhenpeng and Wu, Xing and Lin, Zijia and Xiong, Yizhe and Lv, Minxuan and Ma, Guangyuan and Chen, Hui and Hu, Songlin and Ding, Guiguang},
  journal={arXiv preprint arXiv:2410.16077},
  year={2024}
}

@inproceedings{DBLP:conf/nips/BrownMRSKDNSSAA20,
  author       = {Tom B. Brown and
                  Benjamin Mann and
                  Nick Ryder and
                  Melanie Subbiah and
                  Jared Kaplan and
                  Prafulla Dhariwal and
                  Arvind Neelakantan and
                  Pranav Shyam and
                  Girish Sastry and
                  Amanda Askell and
                  Sandhini Agarwal and
                  Ariel Herbert{-}Voss and
                  Gretchen Krueger and
                  Tom Henighan and
                  Rewon Child and
                  Aditya Ramesh and
                  Daniel M. Ziegler and
                  Jeffrey Wu and
                  Clemens Winter and
                  Christopher Hesse and
                  Mark Chen and
                  Eric Sigler and
                  Mateusz Litwin and
                  Scott Gray and
                  Benjamin Chess and
                  Jack Clark and
                  Christopher Berner and
                  Sam McCandlish and
                  Alec Radford and
                  Ilya Sutskever and
                  Dario Amodei},
  editor       = {Hugo Larochelle and
                  Marc'Aurelio Ranzato and
                  Raia Hadsell and
                  Maria{-}Florina Balcan and
                  Hsuan{-}Tien Lin},
  title        = {Language Models are Few-Shot Learners},
  booktitle    = {Advances in Neural Information Processing Systems 33: Annual Conference
                  on Neural Information Processing Systems 2020, NeurIPS 2020, December
                  6-12, 2020, virtual},
  year         = {2020},
  url          = {https://proceedings.neurips.cc/paper/2020/hash/1457c0d6bfcb4967418bfb8ac142f64a-Abstract.html},
  timestamp    = {Thu, 25 May 2023 10:38:31 +0200},
  biburl       = {https://dblp.org/rec/conf/nips/BrownMRSKDNSSAA20.bib},
  bibsource    = {dblp computer science bibliography, https://dblp.org}
}

@article{DBLP:journals/corr/abs-2302-13971,
  author       = {Hugo Touvron and
                  Thibaut Lavril and
                  Gautier Izacard and
                  Xavier Martinet and
                  Marie{-}Anne Lachaux and
                  Timoth{\'{e}}e Lacroix and
                  Baptiste Rozi{\`{e}}re and
                  Naman Goyal and
                  Eric Hambro and
                  Faisal Azhar and
                  Aur{\'{e}}lien Rodriguez and
                  Armand Joulin and
                  Edouard Grave and
                  Guillaume Lample},
  title        = {LLaMA: Open and Efficient Foundation Language Models},
  journal      = {CoRR},
  volume       = {abs/2302.13971},
  year         = {2023},
  url          = {https://doi.org/10.48550/arXiv.2302.13971},
  doi          = {10.48550/ARXIV.2302.13971},
  eprinttype    = {arXiv},
  eprint       = {2302.13971},
  timestamp    = {Mon, 28 Aug 2023 21:26:20 +0200},
  biburl       = {https://dblp.org/rec/journals/corr/abs-2302-13971.bib},
  bibsource    = {dblp computer science bibliography, https://dblp.org}
}

@inproceedings{geva2021transformer,
  title={Transformer Feed-Forward Layers Are Key-Value Memories},
  author={Geva, Mor and Schuster, Roei and Berant, Jonathan and Levy, Omer},
  booktitle={Proceedings of the 2021 Conference on Empirical Methods in Natural Language Processing},
  pages={5484--5495},
  year={2021}
}

@inproceedings{dai2022knowledge,
  title={Knowledge Neurons in Pretrained Transformers},
  author={Dai, Damai and Dong, Li and Hao, Yaru and Sui, Zhifang and Chang, Baobao and Wei, Furu},
  booktitle={Proceedings of the 60th Annual Meeting of the Association for Computational Linguistics (Volume 1: Long Papers)},
  pages={8493--8502},
  year={2022}
}

@inproceedings{DBLP:conf/acl/HuangAZTZJXCHF24,
  author       = {Quzhe Huang and
                  Zhenwei An and
                  Nan Zhuang and
                  Mingxu Tao and
                  Chen Zhang and
                  Yang Jin and
                  Kun Xu and
                  Liwei Chen and
                  Songfang Huang and
                  Yansong Feng},
  editor       = {Lun{-}Wei Ku and
                  Andre Martins and
                  Vivek Srikumar},
  title        = {Harder Task Needs More Experts: Dynamic Routing in MoE Models},
  booktitle    = {Proceedings of the 62nd Annual Meeting of the Association for Computational
                  Linguistics (Volume 1: Long Papers), {ACL} 2024, Bangkok, Thailand,
                  August 11-16, 2024},
  pages        = {12883--12895},
  publisher    = {Association for Computational Linguistics},
  year         = {2024},
  url          = {https://doi.org/10.18653/v1/2024.acl-long.696},
  doi          = {10.18653/V1/2024.ACL-LONG.696},
  timestamp    = {Mon, 30 Sep 2024 07:53:49 +0200},
  biburl       = {https://dblp.org/rec/conf/acl/HuangAZTZJXCHF24.bib},
  bibsource    = {dblp computer science bibliography, https://dblp.org}
}

@article{abdin2024phi,
  title={Phi-4 technical report},
  author={Abdin, Marah and Aneja, Jyoti and Behl, Harkirat and Bubeck, S{\'e}bastien and Eldan, Ronen and Gunasekar, Suriya and Harrison, Michael and Hewett, Russell J and Javaheripi, Mojan and Kauffmann, Piero and others},
  journal={arXiv preprint arXiv:2412.08905},
  year={2024}
}

@article{penedo2024fineweb,
  title={The fineweb datasets: Decanting the web for the finest text data at scale},
  author={Penedo, Guilherme and Kydl{\'\i}{\v{c}}ek, Hynek and Lozhkov, Anton and Mitchell, Margaret and Raffel, Colin and Von Werra, Leandro and Wolf, Thomas and others},
  journal={arXiv preprint arXiv:2406.17557},
  year={2024}
}

@article{muennighoff2024olmoe,
  title={OLMoE: Open Mixture-of-Experts Language Models},
  author={Muennighoff, Niklas and Soldaini, Luca and Groeneveld, Dirk and Lo, Kyle and Morrison, Jacob and Min, Sewon and Shi, Weijia and Walsh, Pete and Tafjord, Oyvind and Lambert, Nathan and others},
  journal={CoRR},
  year={2024}
}

@inproceedings{DBLP:conf/iclr/PasterSAB24,
  author       = {Keiran Paster and
                  Marco Dos Santos and
                  Zhangir Azerbayev and
                  Jimmy Ba},
  title        = {OpenWebMath: An Open Dataset of High-Quality Mathematical Web Text},
  booktitle    = {The Twelfth International Conference on Learning Representations,
                  {ICLR} 2024, Vienna, Austria, May 7-11, 2024},
  publisher    = {OpenReview.net},
  year         = {2024},
  url          = {https://openreview.net/forum?id=jKHmjlpViu},
  timestamp    = {Wed, 07 Aug 2024 17:11:53 +0200},
  biburl       = {https://dblp.org/rec/conf/iclr/PasterSAB24.bib},
  bibsource    = {dblp computer science bibliography, https://dblp.org}
}

@article{DBLP:journals/tmlr/LiAZMKMMALCLZZW23,
  author       = {Raymond Li and
                  Loubna Ben Allal and
                  Yangtian Zi and
                  Niklas Muennighoff and
                  Denis Kocetkov and
                  Chenghao Mou and
                  Marc Marone and
                  Christopher Akiki and
                  Jia Li and
                  Jenny Chim and
                  Qian Liu and
                  Evgenii Zheltonozhskii and
                  Terry Yue Zhuo and
                  Thomas Wang and
                  Olivier Dehaene and
                  Mishig Davaadorj and
                  Joel Lamy{-}Poirier and
                  Jo{\~{a}}o Monteiro and
                  Oleh Shliazhko and
                  Nicolas Gontier and
                  Nicholas Meade and
                  Armel Zebaze and
                  Ming{-}Ho Yee and
                  Logesh Kumar Umapathi and
                  Jian Zhu and
                  Benjamin Lipkin and
                  Muhtasham Oblokulov and
                  Zhiruo Wang and
                  Rudra Murthy V and
                  Jason T. Stillerman and
                  Siva Sankalp Patel and
                  Dmitry Abulkhanov and
                  Marco Zocca and
                  Manan Dey and
                  Zhihan Zhang and
                  Nour Fahmy and
                  Urvashi Bhattacharyya and
                  Wenhao Yu and
                  Swayam Singh and
                  Sasha Luccioni and
                  Paulo Villegas and
                  Maxim Kunakov and
                  Fedor Zhdanov and
                  Manuel Romero and
                  Tony Lee and
                  Nadav Timor and
                  Jennifer Ding and
                  Claire Schlesinger and
                  Hailey Schoelkopf and
                  Jan Ebert and
                  Tri Dao and
                  Mayank Mishra and
                  Alex Gu and
                  Jennifer Robinson and
                  Carolyn Jane Anderson and
                  Brendan Dolan{-}Gavitt and
                  Danish Contractor and
                  Siva Reddy and
                  Daniel Fried and
                  Dzmitry Bahdanau and
                  Yacine Jernite and
                  Carlos Mu{\~{n}}oz Ferrandis and
                  Sean Hughes and
                  Thomas Wolf and
                  Arjun Guha and
                  Leandro von Werra and
                  Harm de Vries},
  title        = {StarCoder: may the source be with you!},
  journal      = {Trans. Mach. Learn. Res.},
  volume       = {2023},
  year         = {2023},
  url          = {https://openreview.net/forum?id=KoFOg41haE},
  timestamp    = {Wed, 07 Aug 2024 07:51:02 +0200},
  biburl       = {https://dblp.org/rec/journals/tmlr/LiAZMKMMALCLZZW23.bib},
  bibsource    = {dblp computer science bibliography, https://dblp.org}
}

@software{benallal2024cosmopedia,
  author = {Ben Allal, Loubna and Lozhkov, Anton and Penedo, Guilherme and Wolf, Thomas and von Werra, Leandro},
  title = {Cosmopedia},
  month = February,
  year = 2024,
  url = {https://huggingface.co/datasets/HuggingFaceTB/cosmopedia}
}

@inproceedings{DBLP:conf/nips/Xie0DDLLLL0Y23,
  author       = {Sang Michael Xie and
                  Hieu Pham and
                  Xuanyi Dong and
                  Nan Du and
                  Hanxiao Liu and
                  Yifeng Lu and
                  Percy Liang and
                  Quoc V. Le and
                  Tengyu Ma and
                  Adams Wei Yu},
  editor       = {Alice Oh and
                  Tristan Naumann and
                  Amir Globerson and
                  Kate Saenko and
                  Moritz Hardt and
                  Sergey Levine},
  title        = {DoReMi: Optimizing Data Mixtures Speeds Up Language Model Pretraining},
  booktitle    = {Advances in Neural Information Processing Systems 36: Annual Conference
                  on Neural Information Processing Systems 2023, NeurIPS 2023, New Orleans,
                  LA, USA, December 10 - 16, 2023},
  year         = {2023},
  url          = {http://papers.nips.cc/paper\_files/paper/2023/hash/dcba6be91359358c2355cd920da3fcbd-Abstract-Conference.html},
  timestamp    = {Tue, 23 Jul 2024 08:24:23 +0200},
  biburl       = {https://dblp.org/rec/conf/nips/Xie0DDLLLL0Y23.bib},
  bibsource    = {dblp computer science bibliography, https://dblp.org}
}

@inproceedings{DBLP:conf/icml/BidermanSABOHKP23,
  author       = {Stella Biderman and
                  Hailey Schoelkopf and
                  Quentin Gregory Anthony and
                  Herbie Bradley and
                  Kyle O'Brien and
                  Eric Hallahan and
                  Mohammad Aflah Khan and
                  Shivanshu Purohit and
                  USVSN Sai Prashanth and
                  Edward Raff and
                  Aviya Skowron and
                  Lintang Sutawika and
                  Oskar van der Wal},
  editor       = {Andreas Krause and
                  Emma Brunskill and
                  Kyunghyun Cho and
                  Barbara Engelhardt and
                  Sivan Sabato and
                  Jonathan Scarlett},
  title        = {Pythia: {A} Suite for Analyzing Large Language Models Across Training
                  and Scaling},
  booktitle    = {International Conference on Machine Learning, {ICML} 2023, 23-29 July
                  2023, Honolulu, Hawaii, {USA}},
  series       = {Proceedings of Machine Learning Research},
  volume       = {202},
  pages        = {2397--2430},
  publisher    = {{PMLR}},
  year         = {2023},
  url          = {https://proceedings.mlr.press/v202/biderman23a.html},
  timestamp    = {Mon, 28 Aug 2023 17:23:08 +0200},
  biburl       = {https://dblp.org/rec/conf/icml/BidermanSABOHKP23.bib},
  bibsource    = {dblp computer science bibliography, https://dblp.org}
}

@inproceedings{su2024mile,
  title={MiLe Loss: a New Loss for Mitigating the Bias of Learning Difficulties in Generative Language Models},
  author={Su, Zhenpeng and Lin, Zijia and Baixue, Baixue and Chen, Hui and Hu, Songlin and Zhou, Wei and Ding, Guiguang and Xing, W},
  booktitle={Findings of the Association for Computational Linguistics: NAACL 2024},
  pages={250--262},
  year={2024}
}

@inproceedings{rajpurkar2018know,
  title={Know What You Don’t Know: Unanswerable Questions for SQuAD},
  author={Rajpurkar, Pranav and Jia, Robin and Liang, Percy},
  booktitle={Proceedings of the 56th Annual Meeting of the Association for Computational Linguistics (Volume 2: Short Papers)},
  pages={784--789},
  year={2018}
}

@inproceedings{paperno2016lambada,
  title={The LAMBADA dataset: Word prediction requiring a broad discourse context},
  author={Paperno, Denis and Kruszewski, Germ{\'a}n and Lazaridou, Angeliki and Pham, Ngoc-Quan and Bernardi, Raffaella and Pezzelle, Sandro and Baroni, Marco and Boleda, Gemma and Fern{\'a}ndez, Raquel},
  booktitle={Proceedings of the 54th Annual Meeting of the Association for Computational Linguistics (Volume 1: Long Papers)},
  pages={1525--1534},
  year={2016}
}

@article{DBLP:journals/corr/abs-1803-05457,
  author       = {Peter Clark and
                  Isaac Cowhey and
                  Oren Etzioni and
                  Tushar Khot and
                  Ashish Sabharwal and
                  Carissa Schoenick and
                  Oyvind Tafjord},
  title        = {Think you have Solved Question Answering? Try ARC, the {AI2} Reasoning
                  Challenge},
  journal      = {CoRR},
  volume       = {abs/1803.05457},
  year         = {2018},
  url          = {http://arxiv.org/abs/1803.05457},
  eprinttype    = {arXiv},
  eprint       = {1803.05457},
  timestamp    = {Mon, 13 Aug 2018 16:48:43 +0200},
  biburl       = {https://dblp.org/rec/journals/corr/abs-1803-05457.bib},
  bibsource    = {dblp computer science bibliography, https://dblp.org}
}

@inproceedings{zellers2019hellaswag,
  title={HellaSwag: Can a Machine Really Finish Your Sentence?},
  author={Zellers, Rowan and Holtzman, Ari and Bisk, Yonatan and Farhadi, Ali and Choi, Yejin},
  booktitle={Proceedings of the 57th Annual Meeting of the Association for Computational Linguistics},
  pages={4791--4800},
  year={2019}
}

@inproceedings{bisk2020piqa,
  title={PIQA: Reasoning about Physical Commonsense in Natural Language},
  author={Bisk, Yonatan and Zellers, Rowan and Gao, Jianfeng and Choi, Yejin and others},
  booktitle={Proceedings of the AAAI Conference on Artificial Intelligence},
  volume={34},
  number={05},
  pages={7432--7439},
  year={2020}
}

@inproceedings{sap2019social,
  title={Social IQa: Commonsense Reasoning about Social Interactions},
  author={Sap, Maarten and Rashkin, Hannah and Chen, Derek and Le Bras, Ronan and Choi, Yejin},
  booktitle={Proceedings of the 2019 Conference on Empirical Methods in Natural Language Processing and the 9th International Joint Conference on Natural Language Processing (EMNLP-IJCNLP)},
  pages={4463--4473},
  year={2019}
}

@inproceedings{sakaguchi2020winogrande,
  title={WinoGrande: An Adversarial Winograd Schema Challenge at Scale},
  author={Sakaguchi, Keisuke and Le Bras, Ronan and Bhagavatula, Chandra and Choi, Yejin},
  booktitle={Proceedings of the AAAI Conference on Artificial Intelligence},
  volume={34},
  number={05},
  pages={8732--8740},
  year={2020}
}

@article{kwiatkowski2019natural,
  title={Natural Questions: A Benchmark for Question Answering Research},
  author={Kwiatkowski, Tom and Palomaki, Jennimaria and Redfield, Olivia and Collins, Michael and Parikh, Ankur and Alberti, Chris and Epstein, Danielle and Polosukhin, Illia and Devlin, Jacob and Lee, Kenton and others},
  journal={Transactions of the Association for Computational Linguistics},
  volume={7},
  pages={452--466},
  year={2019}
}

@inproceedings{joshi2017triviaqa,
  title={TriviaQA: A Large Scale Distantly Supervised Challenge Dataset for Reading Comprehension},
  author={Joshi, Mandar and Choi, Eunsol and Weld, Daniel S and Zettlemoyer, Luke},
  booktitle={Proceedings of the 55th Annual Meeting of the Association for Computational Linguistics (Volume 1: Long Papers)},
  pages={1601--1611},
  year={2017}
}

@article{zhang2024tinyllama,
  title={Tinyllama: An open-source small language model},
  author={Zhang, Peiyuan and Zeng, Guangtao and Wang, Tianduo and Lu, Wei},
  journal={arXiv preprint arXiv:2401.02385},
  year={2024}
}

@misc{eval-harness,
  author       = {Gao, Leo and Tow, Jonathan and Abbasi, Baber and Biderman, Stella and Black, Sid and DiPofi, Anthony and Foster, Charles and Golding, Laurence and Hsu, Jeffrey and Le Noac'h, Alain and Li, Haonan and McDonell, Kyle and Muennighoff, Niklas and Ociepa, Chris and Phang, Jason and Reynolds, Laria and Schoelkopf, Hailey and Skowron, Aviya and Sutawika, Lintang and Tang, Eric and Thite, Anish and Wang, Ben and Wang, Kevin and Zou, Andy},
  title        = {A framework for few-shot language model evaluation},
  month        = 07,
  year         = 2024,
  publisher    = {Zenodo},
  version      = {v0.4.3},
  doi          = {10.5281/zenodo.12608602},
  url          = {https://zenodo.org/records/12608602}
}