@inproceedings{Agarwal2014,
  series = {KDD ’14},
  title = {Budget pacing for targeted online advertisements at LinkedIn},
  url = {http://dx.doi.org/10.1145/2623330.2623366},
  DOI = {10.1145/2623330.2623366},
  booktitle = {Proceedings of the 20th ACM SIGKDD international conference on Knowledge discovery and data mining},
  publisher = {ACM},
  author = {Agarwal,  Deepak and Ghosh,  Souvik and Wei,  Kai and You,  Siyu},
  year = {2014},
  month = aug,
  collection = {KDD ’14}
}

@article{Atkinson1970,
  title = {On the measurement of inequality},
  volume = {2},
  ISSN = {0022-0531},
  url = {http://dx.doi.org/10.1016/0022-0531(70)90039-6},
  DOI = {10.1016/0022-0531(70)90039-6},
  number = {3},
  journal = {Journal of Economic Theory},
  publisher = {Elsevier BV},
  author = {Atkinson,  Anthony B},
  year = {1970},
  month = sep,
  pages = {244–263}
}

@inproceedings{Balseiro2021,
  title={Regularized online allocation problems: Fairness and beyond},
  author={Balseiro, Santiago and Lu, Haihao and Mirrokni, Vahab},
  booktitle={International Conference on Machine Learning},
  pages={630--639},
  year={2021},
  organization={PMLR}
}

@article{Bateni2022,
  title={Fair resource allocation in a volatile marketplace},
  author={Bateni, MohammadHossein and Chen, Yiwei and Ciocan, Dragos Florin and Mirrokni, Vahab},
  journal={Operations Research},
  volume={70},
  number={1},
  pages={288--308},
  year={2022},
  publisher={INFORMS}
}

@article{Bertsimas2012,
  title = {On the Efficiency-Fairness Trade-off},
  volume = {58},
  ISSN = {1526-5501},
  url = {http://dx.doi.org/10.1287/mnsc.1120.1549},
  DOI = {10.1287/mnsc.1120.1549},
  number = {12},
  journal = {Management Science},
  publisher = {Institute for Operations Research and the Management Sciences (INFORMS)},
  author = {Bertsimas,  Dimitris and Farias,  Vivek F. and Trichakis,  Nikolaos},
  year = {2012},
  month = dec,
  pages = {2234–2250}
}

@inproceedings{Chen2024,
  series = {WWW ’24},
  title = {Optimization-Based Budget Pacing in eBay Sponsored Search},
  url = {http://dx.doi.org/10.1145/3589335.3648331},
  DOI = {10.1145/3589335.3648331},
  booktitle = {Companion Proceedings of the ACM on Web Conference 2024},
  publisher = {ACM},
  author = {Chen,  Qinyi and Nguyen,  Phuong Ha and Gligorijevic,  Djordje},
  year = {2024},
  month = may,
  pages = {328–337},
  collection = {WWW ’24}
}

@inproceedings{Karande2013,
  series = {WSDM 2013},
  title = {Optimizing budget constrained spend in search advertising},
  url = {http://dx.doi.org/10.1145/2433396.2433483},
  DOI = {10.1145/2433396.2433483},
  booktitle = {Proceedings of the sixth ACM international conference on Web search and data mining},
  publisher = {ACM},
  author = {Karande,  Chinmay and Mehta,  Aranyak and Srikant,  Ramakrishnan},
  year = {2013},
  month = feb,
  collection = {WSDM 2013}
}

@article{Lejeune2019,
  title={Planning online advertising using Gini indices},
  author={Lejeune, Miguel A and Turner, John},
  journal={Operations Research},
  volume={67},
  number={5},
  pages={1222--1245},
  year={2019},
  publisher={INFORMS}
}

@article{Li2024,
  title={Online advertisement allocation under customer choices and algorithmic fairness},
  author={Li, Xiaolong and Rong, Ying and Zhang, Renyu and Zheng, Huan},
  journal={Management Science},
  year={2024},
  publisher={INFORMS}
}

@article{Lucier2023AutobiddersWB,
  title={Autobidders with Budget and ROI Constraints: Efficiency, Regret, and Pacing Dynamics},
  author={Brendan Lucier and Sarath Pattathil and Aleksandrs Slivkins and Mengxiao Zhang},
  journal={ArXiv},
  year={2023},
  volume={abs/2301.13306},
  url={https://api.semanticscholar.org/CorpusID:256416216}
}

@inproceedings{Nguyen2023PracticalBP,
  title={Practical Budget Pacing Algorithms and Simulation Test Bed for eBay Marketplace Sponsored Search},
  author={Phuong Ha Nguyen and Djordje Gligorijevic and Arnab Borah and Gajanan Adalinge and Abraham Bagherjeiran}

@inproceedings{Stram2024,
  series = {WWW ’24},
  title = {Mystique: A Budget Pacing System for Performance Optimization in Online Advertising},
  volume = {3},
  url = {http://dx.doi.org/10.1145/3589335.3648342},
  DOI = {10.1145/3589335.3648342},
  booktitle = {Companion Proceedings of the ACM on Web Conference 2024},
  publisher = {ACM},
  author = {Stram,  Rotem and Abboud,  Rani and Shtoff,  Alex and Somekh,  Oren and Raviv,  Ariel and Koren,  Yair},
  year = {2024},
  month = may,
  pages = {433–442},
  collection = {WWW ’24}
}

@article{XinyingChen2023,
  title = {A guide to formulating fairness in an optimization model},
  volume = {326},
  ISSN = {1572-9338},
  url = {http://dx.doi.org/10.1007/s10479-023-05264-y},
  DOI = {10.1007/s10479-023-05264-y},
  number = {1},
  journal = {Annals of Operations Research},
  publisher = {Springer Science and Business Media LLC},
  author = {Xinying Chen,  Violet and Hooker,  J. N.},
  year = {2023},
  month = apr,
  pages = {581–619}
}

@article{Yang2010InventoryAF,
  title={Inventory Allocation for Online Graphical Display Advertising},
  author={Jian Yang and Erik Vee and Sergei Vassilvitskii and John A. Tomlin and Jayavel Shanmugasundaram and Tasos Anastasakos and Oliver Kennedy},
  journal={ArXiv},
  year={2010},
  volume={abs/1008.3551},
  url={https://api.semanticscholar.org/CorpusID:612212}
}

@inbook{Yitzhaki2012,
  title = {More Than a Dozen Alternative Ways of Spelling Gini},
  ISBN = {9781461447207},
  ISSN = {0172-7397},
  url = {http://dx.doi.org/10.1007/978-1-4614-4720-7_2},
  DOI = {10.1007/978-1-4614-4720-7_2},
  booktitle = {The Gini Methodology},
  publisher = {Springer New York},
  author = {Yitzhaki,  Shlomo and Schechtman,  Edna},
  year = {2012},
  month = aug,
  pages = {11–31}
}

@inproceedings{balseiro2020,
  title={Dual mirror descent for online allocation problems},
  author={Balseiro, Santiago and Lu, Haihao and Mirrokni, Vahab},
  booktitle={International Conference on Machine Learning},
  pages={613--628},
  year={2020},
  organization={PMLR}
}

@inproceedings{dai2024,
  title={Percentile Risk-Constrained Budget Pacing for Guaranteed Display Advertising in Online Optimization},
  author={Dai, Liang and Lyu, Kejie and Zhang, Chengcheng and Zhao, Guangming and Zu, Zhonglin and Wang, Liang and Zheng, Bo},
  booktitle={Proceedings of the AAAI Conference on Artificial Intelligence},
  volume={38},
  pages={7987--7994},
  year={2024}
}

@article{do2021two,
  title={Two-sided fairness in rankings via Lorenz dominance},
  author={Do, Virginie and Corbett-Davies, Sam and Atif, Jamal and Usunier, Nicolas},
  journal={Advances in Neural Information Processing Systems},
  volume={34},
  pages={8596--8608},
  year={2021}
}

@inproceedings{do2022optimizing,
  title={Optimizing generalized Gini indices for fairness in rankings},
  author={Do, Virginie and Usunier, Nicolas},
  booktitle={Proceedings of the 45th International ACM SIGIR Conference on Research and Development in Information Retrieval},
  pages={737--747},
  year={2022}
}

@book{gini1912,
  title={Variabilit{\`a} e mutabilit{\`a}: contributo allo studio delle distribuzioni e delle relazioni statistiche. [Fasc. I.]},
  author={Gini, C.},
  series={Studi economico-giuridici pubblicati per cura della facolt{\`a} di Giurisprudenza della R. Universit{\`a} di Cagliari},
  url={https://books.google.ru/books?id=fqjaBPMxB9kC},
  year={1912},
  publisher={Tipogr. di P. Cuppini}
}

