@inproceedings{CoAlign,
  title={Robust collaborative 3d object detection in presence of pose errors},
  author={Lu, Yifan and Li, Quanhao and Liu, Baoan and Dianati, Mehrdad and Feng, Chen and Chen, Siheng and Wang, Yanfeng},
  booktitle={2023 IEEE International Conference on Robotics and Automation (ICRA)},
  pages={4812--4818},
  year={2023},
  organization={IEEE}
}

@article{CoBEVFlow,
  title={Asynchrony-Robust Collaborative Perception via Bird's Eye View Flow},
  author={Wei, Sizhe and Wei, Yuxi and Hu, Yue and Lu, Yifan and Zhong, Yiqi and Chen, Siheng and Zhang, Ya},
  journal={arXiv e-prints},
  pages={arXiv--2309},
  year={2023}
}

@article{D1,
  title={Denoising diffusion probabilistic models},
  author={Ho, Jonathan and Jain, Ajay and Abbeel, Pieter},
  journal={Advances in neural information processing systems},
  volume={33},
  pages={6840--6851},
  year={2020}
}

@inproceedings{D2,
  title={Deep unsupervised learning using nonequilibrium thermodynamics},
  author={Sohl-Dickstein, Jascha and Weiss, Eric and Maheswaranathan, Niru and Ganguli, Surya},
  booktitle={International conference on machine learning},
  pages={2256--2265},
  year={2015},
  organization={PMLR}
}

@article{D3,
  title={Generative modeling by estimating gradients of the data distribution},
  author={Song, Yang and Ermon, Stefano},
  journal={Advances in neural information processing systems},
  volume={32},
  year={2019}
}

@article{D4,
  title={Score-based generative modeling through stochastic differential equations},
  author={Song, Yang and Sohl-Dickstein, Jascha and Kingma, Diederik P and Kumar, Abhishek and Ermon, Stefano and Poole, Ben},
  journal={arXiv preprint arXiv:2011.13456},
  year={2020}
}

@article{DDPMSegmentation,
  title={Label-efficient semantic segmentation with diffusion models},
  author={Baranchuk, Dmitry and Rubachev, Ivan and Voynov, Andrey and Khrulkov, Valentin and Babenko, Artem},
  journal={arXiv preprint arXiv:2112.03126},
  year={2021}
}

@article{Diffusion-SS3D,
  title={Diffusion-ss3d: Diffusion model for semi-supervised 3d object detection},
  author={Ho, Cheng-Ju and Tai, Chen-Hsuan and Lin, Yen-Yu and Yang, Ming-Hsuan and Tsai, Yi-Hsuan},
  journal={Advances in Neural Information Processing Systems},
  volume={36},
  year={2024}
}

@inproceedings{DiffusionDet,
  title={Diffusiondet: Diffusion model for object detection},
  author={Chen, Shoufa and Sun, Peize and Song, Yibing and Luo, Ping},
  booktitle={Proceedings of the IEEE/CVF international conference on computer vision},
  pages={19830--19843},
  year={2023}
}

@article{HEAL,
  title={An Extensible Framework for Open Heterogeneous Collaborative Perception},
  author={Lu, Yifan and Hu, Yue and Zhong, Yiqi and Wang, Dequan and Chen, Siheng and Wang, Yanfeng},
  journal={arXiv preprint arXiv:2401.13964},
  year={2024}
}

@article{cobevt,
  title={CoBEVT: Cooperative bird's eye view semantic segmentation with sparse transformers},
  author={Xu, Runsheng and Tu, Zhengzhong and Xiang, Hao and Shao, Wei and Zhou, Bolei and Ma, Jiaqi},
  journal={arXiv preprint arXiv:2207.02202},
  year={2022}
}

@article{diff3detr,
  title={Diff3DETR: Agent-based Diffusion Model for Semi-supervised 3D Object Detection},
  author={Deng, Jiacheng and Lu, Jiahao and Zhang, Tianzhu},
  journal={arXiv preprint arXiv:2408.00286},
  year={2024}
}

@inproceedings{diffbev,
  title={Diffbev: Conditional diffusion model for birdâ€™s eye view perception},
  author={Zou, Jiayu and Tian, Kun and Zhu, Zheng and Ye, Yun and Wang, Xingang},
  booktitle={Proceedings of the AAAI Conference on Artificial Intelligence},
  volume={38},
  number={7},
  pages={7846--7854},
  year={2024}
}

@inproceedings{opv2v,
  title={Opv2v: An open benchmark dataset and fusion pipeline for perception with vehicle-to-vehicle communication},
  author={Xu, Runsheng and Xiang, Hao and Xia, Xin and Han, Xu and Li, Jinlong and Ma, Jiaqi},
  booktitle={2022 International Conference on Robotics and Automation (ICRA)},
  pages={2583--2589},
  year={2022},
  organization={IEEE}
}

@inproceedings{roco,
  title={RoCo: Robust Cooperative Perception By Iterative Object Matching and Pose Adjustment},
  author={Huang, Zhe and Wang, Shuo and Wang, Yongcai and Li, Wanting and Li, Deying and Wang, Lei},
  booktitle={Proceedings of the 32nd ACM International Conference on Multimedia},
  pages={7833--7842},
  year={2024}
}

@article{syncnet,
  title={SyncNet: Using Causal Convolutions and Correlating Objective for Time Delay Estimation in Audio Signals},
  author={Raina, Akshay and Arora, Vipul},
  journal={arXiv preprint arXiv:2203.14639},
  year={2022}
}

@inproceedings{v2x-vit,
  title={V2x-vit: Vehicle-to-everything cooperative perception with vision transformer},
  author={Xu, Runsheng and Xiang, Hao and Tu, Zhengzhong and Xia, Xin and Yang, Ming-Hsuan and Ma, Jiaqi},
  booktitle={European conference on computer vision},
  pages={107--124},
  year={2022},
  organization={Springer}
}

@article{where2comm,
  title={Where2comm: Communication-efficient collaborative perception via spatial confidence maps},
  author={Hu, Yue and Fang, Shaoheng and Lei, Zixing and Zhong, Yiqi and Chen, Siheng},
  journal={Advances in neural information processing systems},
  volume={35},
  pages={4874--4886},
  year={2022}
}

