@article{D1,
  title={Denoising diffusion probabilistic models},
  author={Ho, Jonathan and Jain, Ajay and Abbeel, Pieter},
  journal={Advances in neural information processing systems},
  volume={33},
  pages={6840--6851},
  year={2020}
}
@inproceedings{D2,
  title={Deep unsupervised learning using nonequilibrium thermodynamics},
  author={Sohl-Dickstein, Jascha and Weiss, Eric and Maheswaranathan, Niru and Ganguli, Surya},
  booktitle={International conference on machine learning},
  pages={2256--2265},
  year={2015},
  organization={PMLR}
}

@article{D3,
  title={Generative modeling by estimating gradients of the data distribution},
  author={Song, Yang and Ermon, Stefano},
  journal={Advances in neural information processing systems},
  volume={32},
  year={2019}
}

@article{D4,
  title={Score-based generative modeling through stochastic differential equations},
  author={Song, Yang and Sohl-Dickstein, Jascha and Kingma, Diederik P and Kumar, Abhishek and Ermon, Stefano and Poole, Ben},
  journal={arXiv preprint arXiv:2011.13456},
  year={2020}
}
@article{diff3detr,
  title={Diff3DETR: Agent-based Diffusion Model for Semi-supervised 3D Object Detection},
  author={Deng, Jiacheng and Lu, Jiahao and Zhang, Tianzhu},
  journal={arXiv preprint arXiv:2408.00286},
  year={2024}
}

@inproceedings{DiffusionDet,
  title={Diffusiondet: Diffusion model for object detection},
  author={Chen, Shoufa and Sun, Peize and Song, Yibing and Luo, Ping},
  booktitle={Proceedings of the IEEE/CVF international conference on computer vision},
  pages={19830--19843},
  year={2023}
}

@article{DDPMSegmentation,
  title={Label-efficient semantic segmentation with diffusion models},
  author={Baranchuk, Dmitry and Rubachev, Ivan and Voynov, Andrey and Khrulkov, Valentin and Babenko, Artem},
  journal={arXiv preprint arXiv:2112.03126},
  year={2021}
}

@article{Diffusion-SS3D,
  title={Diffusion-ss3d: Diffusion model for semi-supervised 3d object detection},
  author={Ho, Cheng-Ju and Tai, Chen-Hsuan and Lin, Yen-Yu and Yang, Ming-Hsuan and Tsai, Yi-Hsuan},
  journal={Advances in Neural Information Processing Systems},
  volume={36},
  year={2024}
}

@inproceedings{diffbev,
  title={Diffbev: Conditional diffusion model for birdâ€™s eye view perception},
  author={Zou, Jiayu and Tian, Kun and Zhu, Zheng and Ye, Yun and Wang, Xingang},
  booktitle={Proceedings of the AAAI Conference on Artificial Intelligence},
  volume={38},
  number={7},
  pages={7846--7854},
  year={2024}
}

@article{cobevt,
  title={CoBEVT: Cooperative bird's eye view semantic segmentation with sparse transformers},
  author={Xu, Runsheng and Tu, Zhengzhong and Xiang, Hao and Shao, Wei and Zhou, Bolei and Ma, Jiaqi},
  journal={arXiv preprint arXiv:2207.02202},
  year={2022}
}
@article{HEAL,
  title={An Extensible Framework for Open Heterogeneous Collaborative Perception},
  author={Lu, Yifan and Hu, Yue and Zhong, Yiqi and Wang, Dequan and Chen, Siheng and Wang, Yanfeng},
  journal={arXiv preprint arXiv:2401.13964},
  year={2024}
}
@article{where2comm,
  title={Where2comm: Communication-efficient collaborative perception via spatial confidence maps},
  author={Hu, Yue and Fang, Shaoheng and Lei, Zixing and Zhong, Yiqi and Chen, Siheng},
  journal={Advances in neural information processing systems},
  volume={35},
  pages={4874--4886},
  year={2022}
}

@inproceedings{v2x-vit,
  title={V2x-vit: Vehicle-to-everything cooperative perception with vision transformer},
  author={Xu, Runsheng and Xiang, Hao and Tu, Zhengzhong and Xia, Xin and Yang, Ming-Hsuan and Ma, Jiaqi},
  booktitle={European conference on computer vision},
  pages={107--124},
  year={2022},
  organization={Springer}
}
@article{syncnet,
  title={SyncNet: Using Causal Convolutions and Correlating Objective for Time Delay Estimation in Audio Signals},
  author={Raina, Akshay and Arora, Vipul},
  journal={arXiv preprint arXiv:2203.14639},
  year={2022}
}

@article{CoBEVFlow,
  title={Asynchrony-Robust Collaborative Perception via Bird's Eye View Flow},
  author={Wei, Sizhe and Wei, Yuxi and Hu, Yue and Lu, Yifan and Zhong, Yiqi and Chen, Siheng and Zhang, Ya},
  journal={arXiv e-prints},
  pages={arXiv--2309},
  year={2023}
}

@inproceedings{CoAlign,
  title={Robust collaborative 3d object detection in presence of pose errors},
  author={Lu, Yifan and Li, Quanhao and Liu, Baoan and Dianati, Mehrdad and Feng, Chen and Chen, Siheng and Wang, Yanfeng},
  booktitle={2023 IEEE International Conference on Robotics and Automation (ICRA)},
  pages={4812--4818},
  year={2023},
  organization={IEEE}
}

@inproceedings{roco,
  title={RoCo: Robust Cooperative Perception By Iterative Object Matching and Pose Adjustment},
  author={Huang, Zhe and Wang, Shuo and Wang, Yongcai and Li, Wanting and Li, Deying and Wang, Lei},
  booktitle={Proceedings of the 32nd ACM International Conference on Multimedia},
  pages={7833--7842},
  year={2024}
}
@inproceedings{opv2v,
  title={Opv2v: An open benchmark dataset and fusion pipeline for perception with vehicle-to-vehicle communication},
  author={Xu, Runsheng and Xiang, Hao and Xia, Xin and Han, Xu and Li, Jinlong and Ma, Jiaqi},
  booktitle={2022 International Conference on Robotics and Automation (ICRA)},
  pages={2583--2589},
  year={2022},
  organization={IEEE}
}
@inproceedings{latent_diffusion,
  title={High-resolution image synthesis with latent diffusion models},
  author={Rombach, Robin and Blattmann, Andreas and Lorenz, Dominik and Esser, Patrick and Ommer, Bj{\"o}rn},
  booktitle={Proceedings of the IEEE/CVF conference on computer vision and pattern recognition},
  pages={10684--10695},
  year={2022}
}
@inproceedings{condition1,
  title={Zero-shot text-to-image generation},
  author={Ramesh, Aditya and Pavlov, Mikhail and Goh, Gabriel and Gray, Scott and Voss, Chelsea and Radford, Alec and Chen, Mark and Sutskever, Ilya},
  booktitle={International conference on machine learning},
  pages={8821--8831},
  year={2021},
  organization={Pmlr}
}

@inproceedings{dair,
  title={Dair-v2x: A large-scale dataset for vehicle-infrastructure cooperative 3d object detection},
  author={Yu, Haibao and Luo, Yizhen and Shu, Mao and Huo, Yiyi and Yang, Zebang and Shi, Yifeng and Guo, Zhenglong and Li, Hanyu and Hu, Xing and Yuan, Jirui and others},
  booktitle={Proceedings of the IEEE/CVF Conference on Computer Vision and Pattern Recognition},
  pages={21361--21370},
  year={2022}
}
@article{Adam,
  title={Adam: A method for stochastic optimization},
  author={Kingma, Diederik P and Ba, Jimmy},
  journal={arXiv preprint arXiv:1412.6980},
  year={2014}
}
@inproceedings{f-cooper,
  title={F-cooper: Feature based cooperative perception for autonomous vehicle edge computing system using 3D point clouds},
  author={Chen, Qi and Ma, Xu and Tang, Sihai and Guo, Jingda and Yang, Qing and Fu, Song},
  booktitle={Proceedings of the 4th ACM/IEEE Symposium on Edge Computing},
  pages={88--100},
  year={2019}
}
@article{aerial,
  title={Aerial monocular 3d object detection},
  author={Hu, Yue and Fang, Shaoheng and Xie, Weidi and Chen, Siheng},
  journal={IEEE Robotics and Automation Letters},
  volume={8},
  number={4},
  pages={1959--1966},
  year={2023},
  publisher={IEEE}
}
@inproceedings{votenet,
  title={Votenet: A deep learning label fusion method for multi-atlas segmentation},
  author={Ding, Zhipeng and Han, Xu and Niethammer, Marc},
  booktitle={Medical Image Computing and Computer Assisted Intervention--MICCAI 2019: 22nd International Conference, Shenzhen, China, October 13--17, 2019, Proceedings, Part III 22},
  pages={202--210},
  year={2019},
  organization={Springer}
}
@inproceedings{votenet++,
  title={Votenet++: Registration refinement for multi-atlas segmentation},
  author={Ding, Zhipeng and Niethammer, Marc},
  booktitle={2021 IEEE 18th International Symposium on Biomedical Imaging (ISBI)},
  pages={275--279},
  year={2021},
  organization={IEEE}
}
@inproceedings{adversarial,
  title={Adversarial attacks on multi-agent communication},
  author={Tu, James and Wang, Tsunhsuan and Wang, Jingkang and Manivasagam, Sivabalan and Ren, Mengye and Urtasun, Raquel},
  booktitle={Proceedings of the IEEE/CVF International Conference on Computer Vision},
  pages={7768--7777},
  year={2021}
}

@article{3d,
  title={3d point cloud processing and learning for autonomous driving: Impacting map creation, localization, and perception},
  author={Chen, Siheng and Liu, Baoan and Feng, Chen and Vallespi-Gonzalez, Carlos and Wellington, Carl},
  journal={IEEE Signal Processing Magazine},
  volume={38},
  number={1},
  pages={68--86},
  year={2020},
  publisher={IEEE}
}
@article{pointnet++,
  title={Pointnet++: Deep hierarchical feature learning on point sets in a metric space},
  author={Qi, Charles Ruizhongtai and Yi, Li and Su, Hao and Guibas, Leonidas J},
  journal={Advances in neural information processing systems},
  volume={30},
  year={2017}
}

@inproceedings{SycNet,
  title={Latency-aware collaborative perception},
  author={Lei, Zixing and Ren, Shunli and Hu, Yue and Zhang, Wenjun and Chen, Siheng},
  booktitle={European Conference on Computer Vision},
  pages={316--332},
  year={2022},
  organization={Springer}
}
@inproceedings{pointpillars,
  title={Pointpillars: Fast encoders for object detection from point clouds},
  author={Lang, Alex H and Vora, Sourabh and Caesar, Holger and Zhou, Lubing and Yang, Jiong and Beijbom, Oscar},
  booktitle={Proceedings of the IEEE/CVF conference on computer vision and pattern recognition},
  pages={12697--12705},
  year={2019}
}

@inproceedings{v2vnet,
  title={V2vnet: Vehicle-to-vehicle communication for joint perception and prediction},
  author={Wang, Tsun-Hsuan and Manivasagam, Sivabalan and Liang, Ming and Yang, Bin and Zeng, Wenyuan and Urtasun, Raquel},
  booktitle={Computer Vision--ECCV 2020: 16th European Conference, Glasgow, UK, August 23--28, 2020, Proceedings, Part II 16},
  pages={605--621},
  year={2020},
  organization={Springer}
}


@article{opencda,
  title={A component agent based open CAD system for collaborative design},
  author={Rosenman, Mike and Wang, Fujun},
  journal={Automation in Construction},
  volume={10},
  number={4},
  pages={383--397},
  year={2001},
  publisher={Elsevier}
}
@inproceedings{carla,
  title={CARLA: An open urban driving simulator},
  author={Dosovitskiy, Alexey and Ros, German and Codevilla, Felipe and Lopez, Antonio and Koltun, Vladlen},
  booktitle={Conference on robot learning},
  pages={1--16},
  year={2017},
  organization={PMLR}
}


@article{condition2,
  title={Generating diverse high-fidelity images with vq-vae-2},
  author={Razavi, Ali and Van den Oord, Aaron and Vinyals, Oriol},
  journal={Advances in neural information processing systems},
  volume={32},
  year={2019}
}
@inproceedings{unet,
  title={U-net: Convolutional networks for biomedical image segmentation},
  author={Ronneberger, Olaf and Fischer, Philipp and Brox, Thomas},
  booktitle={Medical image computing and computer-assisted intervention--MICCAI 2015: 18th international conference, Munich, Germany, October 5-9, 2015, proceedings, part III 18},
  pages={234--241},
  year={2015},
  organization={Springer}
}

@book{markov,
  title={Markov chains},
  author={Norris, James R},
  number={2},
  year={1998},
  publisher={Cambridge university press}
}

@book{non,
  title={Non-equilibrium thermodynamics},
  author={De Groot, Sybren Ruurds and Mazur, Peter},
  year={2013},
  publisher={Courier Corporation}
}
@article{I1,
  title={Aerial monocular 3d object detection},
  author={Hu, Yue and Fang, Shaoheng and Xie, Weidi and Chen, Siheng},
  journal={IEEE Robotics and Automation Letters},
  volume={8},
  number={4},
  pages={1959--1966},
  year={2023},
  publisher={IEEE}
}
@article{I2,
  title={3d point cloud processing and learning for autonomous driving: Impacting map creation, localization, and perception},
  author={Chen, Siheng and Liu, Baoan and Feng, Chen and Vallespi-Gonzalez, Carlos and Wellington, Carl},
  journal={IEEE Signal Processing Magazine},
  volume={38},
  number={1},
  pages={68--86},
  year={2020},
  publisher={IEEE}
}

@article{DDIM,
  title={Denoising diffusion implicit models},
  author={Song, Jiaming and Meng, Chenlin and Ermon, Stefano},
  journal={arXiv preprint arXiv:2010.02502},
  year={2020}
}
@article{DDPM,
  title={Denoising diffusion probabilistic models},
  author={Ho, Jonathan and Jain, Ajay and Abbeel, Pieter},
  journal={Advances in neural information processing systems},
  volume={33},
  pages={6840--6851},
  year={2020}
}

@article{KL,
  title={Reverse kl-divergence training of prior networks: Improved uncertainty and adversarial robustness},
  author={Malinin, Andrey and Gales, Mark},
  journal={Advances in neural information processing systems},
  volume={32},
  year={2019}
}


@article{huang,
  title={An object detection algorithm combining semantic and geometric information of the 3D point cloud},
  author={Huang, Zhe and Wang, Yongcai and Wen, Jie and Wang, Peng and Cai, Xudong},
  journal={Advanced Engineering Informatics},
  volume={56},
  pages={101971},
  year={2023},
  publisher={Elsevier}
}
@inproceedings{huang2,
  title={Boundary-aware set abstraction for 3D object detection},
  author={Huang, Zhe and Wang, Yongcai and Tang, Xingui and Sun, Hongyu},
  booktitle={2023 International Joint Conference on Neural Networks (IJCNN)},
  pages={01--07},
  year={2023},
  organization={IEEE}
}
@inproceedings{qi2017pointnet,
  title={Pointnet: Deep learning on point sets for 3d classification and segmentation},
  author={Qi, Charles R and Su, Hao and Mo, Kaichun and Guibas, Leonidas J},
  booktitle={Proceedings of the IEEE conference on computer vision and pattern recognition},
  pages={652--660},
  year={2017}
}