@ARTICLE{zhang2022motiondiffuse,
  author={Zhang, Mingyuan and Cai, Zhongang and Pan, Liang and Hong, Fangzhou and Guo, Xinying and Yang, Lei and Liu, Ziwei},
  journal={IEEE Transactions on Pattern Analysis and Machine Intelligence}, 
  title={MotionDiffuse: Text-Driven Human Motion Generation With Diffusion Model}, 
  year={2024},
  volume={},
  number={},
  pages={1-15},
  keywords={Pipelines;Task analysis;Noise reduction;Transformers;Training;Probabilistic logic;Decoding;Conditional motion generation;diffusion model;motion synthesis;text-driven generation},
  doi={10.1109/TPAMI.2024.3355414}
}
@InProceedings{Shen_2021_WACV,
    author    = {Shen, Zhuoran and Zhang, Mingyuan and Zhao, Haiyu and Yi, Shuai and Li, Hongsheng},
    title     = {Efficient Attention: Attention With Linear Complexities},
    booktitle = {Proceedings of the IEEE/CVF Winter Conference on Applications of Computer Vision (WACV)},
    month     = {January},
    year      = {2021},
    pages     = {3531-3539}
}
@inproceedings{
tevet2023human,
title={Human Motion Diffusion Model},
author={Guy Tevet and Sigal Raab and Brian Gordon and Yoni Shafir and Daniel Cohen-or and Amit Haim Bermano},
booktitle={The Eleventh International Conference on Learning Representations },
year={2023},
url={https://openreview.net/forum?id=SJ1kSyO2jwu}
}
@inproceedings{kao2020temporally,
  title={Temporally guided music-to-body-movement generation},
  author={Kao, Hsuan-Kai and Su, Li},
  booktitle={Proceedings of the 28th ACM International Conference on Multimedia},
  pages={147--155},
  year={2020}
}
@inproceedings{li2021ai,
  title={Ai choreographer: Music conditioned 3d dance generation with aist++},
  author={Li, Ruilong and Yang, Shan and Ross, David A and Kanazawa, Angjoo},
  booktitle={Proceedings of the IEEE/CVF International Conference on Computer Vision},
  pages={13401--13412},
  year={2021}
}
@inproceedings{ren2020self,
  title={Self-supervised dance video synthesis conditioned on music},
  author={Ren, Xuanchi and Li, Haoran and Huang, Zijian and Chen, Qifeng},
  booktitle={Proceedings of the 28th ACM International Conference on Multimedia},
  pages={46--54},
  year={2020}
}
@article{starke2022deepphase,
  title={Deepphase: Periodic autoencoders for learning motion phase manifolds},
  author={Starke, Sebastian and Mason, Ian and Komura, Taku},
  journal={ACM Transactions on Graphics (TOG)},
  volume={41},
  number={4},
  pages={1--13},
  year={2022},
  publisher={ACM New York, NY, USA}
}
@inproceedings{tseng2023edge,
  title={Edge: Editable dance generation from music},
  author={Tseng, Jonathan and Castellon, Rodrigo and Liu, Karen},
  booktitle={Proceedings of the IEEE/CVF Conference on Computer Vision and Pattern Recognition},
  pages={448--458},
  year={2023}
}
@inproceedings{cervantes2022implicit,
  title={Implicit neural representations for variable length human motion generation},
  author={Cervantes, Pablo and Sekikawa, Yusuke and Sato, Ikuro and Shinoda, Koichi},
  booktitle={European Conference on Computer Vision},
  pages={356--372},
  year={2022},
  organization={Springer}
}
@inproceedings{guo2020action2motion,
  title={Action2motion: Conditioned generation of 3d human motions},
  author={Guo, Chuan and Zuo, Xinxin and Wang, Sen and Zou, Shihao and Sun, Qingyao and Deng, Annan and Gong, Minglun and Cheng, Li},
  booktitle={Proceedings of the 28th ACM International Conference on Multimedia},
  pages={2021--2029},
  year={2020}
}

@inproceedings{petrovich2021action,
  title={Action-conditioned 3D human motion synthesis with transformer VAE},
  author={Petrovich, Mathis and Black, Michael J and Varol, G{\"u}l},
  booktitle={Proceedings of the IEEE/CVF International Conference on Computer Vision},
  pages={10985--10995},
  year={2021}
}

@inproceedings{karunratanakul2023guided,
  title={Guided motion diffusion for controllable human motion synthesis},
  author={Karunratanakul, Korrawe and Preechakul, Konpat and Suwajanakorn, Supasorn and Tang, Siyu},
  booktitle={Proceedings of the IEEE/CVF International Conference on Computer Vision},
  pages={2151--2162},
  year={2023}
}

@article{wan2023tlcontrol,
  title={Tlcontrol: Trajectory and language control for human motion synthesis},
  author={Wan, Weilin and Dou, Zhiyang and Komura, Taku and Wang, Wenping and Jayaraman, Dinesh and Liu, Lingjie},
  journal={arXiv preprint arXiv:2311.17135},
  year={2023}
}
@article{shafir2023human,
  title={Human motion diffusion as a generative prior},
  author={Shafir, Yonatan and Tevet, Guy and Kapon, Roy and Bermano, Amit H},
  journal={arXiv preprint arXiv:2303.01418},
  year={2023}
}
@inproceedings{guo2022generating,
  title={Generating diverse and natural 3d human motions from text},
  author={Guo, Chuan and Zou, Shihao and Zuo, Xinxin and Wang, Sen and Ji, Wei and Li, Xingyu and Cheng, Li},
  booktitle={Proceedings of the IEEE/CVF Conference on Computer Vision and Pattern Recognition},
  pages={5152--5161},
  year={2022}
}
@inproceedings{petrovich2022temos,
  title={TEMOS: Generating diverse human motions from textual descriptions},
  author={Petrovich, Mathis and Black, Michael J and Varol, G{\"u}l},
  booktitle={European Conference on Computer Vision},
  pages={480--497},
  year={2022},
  organization={Springer}
}

@inproceedings{chen2023executing,
  title={Executing your Commands via Motion Diffusion in Latent Space},
  author={Chen, Xin and Jiang, Biao and Liu, Wen and Huang, Zilong and Fu, Bin and Chen, Tao and Yu, Gang},
  booktitle={Proceedings of the IEEE/CVF Conference on Computer Vision and Pattern Recognition},
  pages={18000--18010},
  year={2023}
}
@inproceedings{ahuja2019language2pose,
  title={Language2pose: Natural language grounded pose forecasting},
  author={Ahuja, Chaitanya and Morency, Louis-Philippe},
  booktitle={2019 International Conference on 3D Vision (3DV)},
  pages={719--728},
  year={2019},
  organization={IEEE}
}
@inproceedings{bhattacharya2021text2gestures,
  title={Text2gestures: A transformer-based network for generating emotive body gestures for virtual agents},
  author={Bhattacharya, Uttaran and Rewkowski, Nicholas and Banerjee, Abhishek and Guhan, Pooja and Bera, Aniket and Manocha, Dinesh},
  booktitle={2021 IEEE virtual reality and 3D user interfaces (VR)},
  pages={1--10},
  year={2021},
  organization={IEEE}
}

@inproceedings{guo2022tm2t,
  title={Tm2t: Stochastic and tokenized modeling for the reciprocal generation of 3d human motions and texts},
  author={Guo, Chuan and Zuo, Xinxin and Wang, Sen and Cheng, Li},
  booktitle={European Conference on Computer Vision},
  pages={580--597},
  year={2022},
  organization={Springer}
}

@article{jiang2024motiongpt,
  title={Motiongpt: Human motion as a foreign language},
  author={Jiang, Biao and Chen, Xin and Liu, Wen and Yu, Jingyi and Yu, Gang and Chen, Tao},
  journal={Advances in Neural Information Processing Systems},
  volume={36},
  year={2024}
}
@article{guo2023momask,
  title={MoMask: Generative Masked Modeling of 3D Human Motions},
  author={Guo, Chuan and Mu, Yuxuan and Javed, Muhammad Gohar and Wang, Sen and Cheng, Li},
  journal={arXiv preprint arXiv:2312.00063},
  year={2023}
}
@inproceedings{zhang2023generating,
  title={Generating Human Motion From Textual Descriptions With Discrete Representations},
  author={Zhang, Jianrong and Zhang, Yangsong and Cun, Xiaodong and Zhang, Yong and Zhao, Hongwei and Lu, Hongtao and Shen, Xi and Shan, Ying},
  booktitle={Proceedings of the IEEE/CVF Conference on Computer Vision and Pattern Recognition},
  pages={14730--14740},
  year={2023}
}

@inproceedings{gong2023tm2d,
  title={Tm2d: Bimodality driven 3d dance generation via music-text integration},
  author={Gong, Kehong and Lian, Dongze and Chang, Heng and Guo, Chuan and Jiang, Zihang and Zuo, Xinxin and Mi, Michael Bi and Wang, Xinchao},
  booktitle={Proceedings of the IEEE/CVF International Conference on Computer Vision},
  pages={9942--9952},
  year={2023}
}
@article{zhang2023remodiffuse,
  title={ReMoDiffuse: Retrieval-Augmented Motion Diffusion Model},
  author={Zhang, Mingyuan and Guo, Xinying and Pan, Liang and Cai, Zhongang and Hong, Fangzhou and Li, Huirong and Yang, Lei and Liu, Ziwei},
  journal={arXiv preprint arXiv:2304.01116},
  year={2023}
}

@article{zhang2024finemogen,
  title={FineMoGen: Fine-Grained Spatio-Temporal Motion Generation and Editing},
  author={Zhang, Mingyuan and Li, Huirong and Cai, Zhongang and Ren, Jiawei and Yang, Lei and Liu, Ziwei},
  journal={Advances in Neural Information Processing Systems},
  volume={36},
  year={2024}
}
@article{jin2024act,
  title={Act as you wish: Fine-grained control of motion diffusion model with hierarchical semantic graphs},
  author={Jin, Peng and Wu, Yang and Fan, Yanbo and Sun, Zhongqian and Yang, Wei and Yuan, Li},
  journal={Advances in Neural Information Processing Systems},
  volume={36},
  year={2024}
}

@inproceedings{wang2023fg,
  title={Fg-t2m: Fine-grained text-driven human motion generation via diffusion model},
  author={Wang, Yin and Leng, Zhiying and Li, Frederick WB and Wu, Shun-Cheng and Liang, Xiaohui},
  booktitle={Proceedings of the IEEE/CVF International Conference on Computer Vision},
  pages={22035--22044},
  year={2023}
}
@inproceedings{zhong2023attt2m,
  title={Attt2m: Text-driven human motion generation with multi-perspective attention mechanism},
  author={Zhong, Chongyang and Hu, Lei and Zhang, Zihao and Xia, Shihong},
  booktitle={Proceedings of the IEEE/CVF International Conference on Computer Vision},
  pages={509--519},
  year={2023}
}
@article{plappert2016kit,
  title={The KIT motion-language dataset},
  author={Plappert, Matthias and Mandery, Christian and Asfour, Tamim},
  journal={Big data},
  volume={4},
  number={4},
  pages={236--252},
  year={2016},
  publisher={Mary Ann Liebert, Inc. 140 Huguenot Street, 3rd Floor New Rochelle, NY 10801 USA}
}
@inproceedings{ghosh2021synthesis,
  title={Synthesis of compositional animations from textual descriptions},
  author={Ghosh, Anindita and Cheema, Noshaba and Oguz, Cennet and Theobalt, Christian and Slusallek, Philipp},
  booktitle={Proceedings of the IEEE/CVF international conference on computer vision},
  pages={1396--1406},
  year={2021}
}
@inproceedings{tevet2022motionclip,
  title={Motionclip: Exposing human motion generation to clip space},
  author={Tevet, Guy and Gordon, Brian and Hertz, Amir and Bermano, Amit H and Cohen-Or, Daniel},
  booktitle={European Conference on Computer Vision},
  pages={358--374},
  year={2022},
  organization={Springer}
}
@inproceedings{radford2021learning,
  title={Learning transferable visual models from natural language supervision},
  author={Radford, Alec and Kim, Jong Wook and Hallacy, Chris and Ramesh, Aditya and Goh, Gabriel and Agarwal, Sandhini and Sastry, Girish and Askell, Amanda and Mishkin, Pamela and Clark, Jack and others},
  booktitle={International conference on machine learning},
  pages={8748--8763},
  year={2021},
  organization={PMLR}
}

@inproceedings{kim2023flame,
  title={Flame: Free-form language-based motion synthesis \& editing},
  author={Kim, Jihoon and Kim, Jiseob and Choi, Sungjoon},
  booktitle={Proceedings of the AAAI Conference on Artificial Intelligence},
  volume={37},
  number={7},
  pages={8255--8263},
  year={2023}
}

@inproceedings{rombach2022high,
  title={High-resolution image synthesis with latent diffusion models},
  author={Rombach, Robin and Blattmann, Andreas and Lorenz, Dominik and Esser, Patrick and Ommer, Bj{\"o}rn},
  booktitle={Proceedings of the IEEE/CVF conference on computer vision and pattern recognition},
  pages={10684--10695},
  year={2022}
}

@article{devlin2018bert,
  title={Bert: Pre-training of deep bidirectional transformers for language understanding},
  author={Devlin, Jacob and Chang, Ming-Wei and Lee, Kenton and Toutanova, Kristina},
  journal={arXiv preprint arXiv:1810.04805},
  year={2018}
}
@article{achiam2023gpt,
  title={Gpt-4 technical report},
  author={Achiam, Josh and Adler, Steven and Agarwal, Sandhini and Ahmad, Lama and Akkaya, Ilge and Aleman, Florencia Leoni and Almeida, Diogo and Altenschmidt, Janko and Altman, Sam and Anadkat, Shyamal and others},
  journal={arXiv preprint arXiv:2303.08774},
  year={2023}
}
@article{raffel2020exploring,
  title={Exploring the limits of transfer learning with a unified text-to-text transformer},
  author={Raffel, Colin and Shazeer, Noam and Roberts, Adam and Lee, Katherine and Narang, Sharan and Matena, Michael and Zhou, Yanqi and Li, Wei and Liu, Peter J},
  journal={The Journal of Machine Learning Research},
  volume={21},
  number={1},
  pages={5485--5551},
  year={2020},
  publisher={JMLRORG}
}

@article{gilardi2023chatgpt,
  title={Chatgpt outperforms crowd-workers for text-annotation tasks},
  author={Gilardi, Fabrizio and Alizadeh, Meysam and Kubli, Ma{\"e}l},
  journal={arXiv preprint arXiv:2303.15056},
  year={2023}
}
@inproceedings{kalakonda2023action,
  title={Action-gpt: Leveraging large-scale language models for improved and generalized action generation},
  author={Kalakonda, Sai Shashank and Maheshwari, Shubh and Sarvadevabhatla, Ravi Kiran},
  booktitle={2023 IEEE International Conference on Multimedia and Expo (ICME)},
  pages={31--36},
  year={2023},
  organization={IEEE}
}
@article{athanasiou2023sinc,
  title={SINC: Spatial Composition of 3D Human Motions for Simultaneous Action Generation},
  author={Athanasiou, Nikos and Petrovich, Mathis and Black, Michael J and Varol, G{\"u}l},
  journal={arXiv preprint arXiv:2304.10417},
  year={2023}
}
@article{ho2020denoising,
  title={Denoising diffusion probabilistic models},
  author={Ho, Jonathan and Jain, Ajay and Abbeel, Pieter},
  journal={Advances in neural information processing systems},
  volume={33},
  pages={6840--6851},
  year={2020}
}
@article{nickel2017poincare,
  title={Poincar{\'e} embeddings for learning hierarchical representations},
  author={Nickel, Maximillian and Kiela, Douwe},
  journal={Advances in neural information processing systems},
  volume={30},
  year={2017}
}
@article{yang2022hyperbolic,
  title={Hyperbolic graph neural networks: a review of methods and applications},
  author={Yang, Menglin and Zhou, Min and Li, Zhihao and Liu, Jiahong and Pan, Lujia and Xiong, Hui and King, Irwin},
  journal={arXiv preprint arXiv:2202.13852},
  year={2022}
}

@article{liu2019hyperbolic,
  title={Hyperbolic graph neural networks},
  author={Liu, Qi and Nickel, Maximilian and Kiela, Douwe},
  journal={Advances in neural information processing systems},
  volume={32},
  year={2019}
}
@article{kochurov2020geoopt,
  title={Geoopt: Riemannian optimization in pytorch},
  author={Kochurov, Max and Karimov, Rasul and Kozlukov, Serge},
  journal={arXiv preprint arXiv:2005.02819},
  year={2020}
}
@incollection{loper2023smpl,
  title={SMPL: A skinned multi-person linear model},
  author={Loper, Matthew and Mahmood, Naureen and Romero, Javier and Pons-Moll, Gerard and Black, Michael J},
  booktitle={Seminal Graphics Papers: Pushing the Boundaries, Volume 2},
  pages={851--866},
  year={2023}
}
@inproceedings{terlemez2014master,
  title={Master Motor Map (MMM)—Framework and toolkit for capturing, representing, and reproducing human motion on humanoid robots},
  author={Terlemez, {\"O}mer and Ulbrich, Stefan and Mandery, Christian and Do, Martin and Vahrenkamp, Nikolaus and Asfour, Tamim},
  booktitle={2014 IEEE-RAS International Conference on Humanoid Robots},
  pages={894--901},
  year={2014},
  organization={IEEE}
}
@article{vaswani2017attention,
  title={Attention is all you need},
  author={Vaswani, Ashish and Shazeer, Noam and Parmar, Niki and Uszkoreit, Jakob and Jones, Llion and Gomez, Aidan N and Kaiser, {\L}ukasz and Polosukhin, Illia},
  journal={Advances in neural information processing systems},
  volume={30},
  year={2017}
}
@article{honnibal2017spacy,
  title={spaCy 2: Natural language understanding with Bloom embeddings, convolutional neural networks and incremental parsing},
  author={Honnibal, Matthew and Montani, Ines},
  journal={To appear},
  volume={7},
  number={1},
  pages={411--420},
  year={2017}
}

@article{nivre2008algorithms,
  title={Algorithms for deterministic incremental dependency parsing},
  author={Nivre, Joakim},
  journal={Computational Linguistics},
  volume={34},
  number={4},
  pages={513--553},
  year={2008},
  publisher={MIT Press One Rogers Street, Cambridge, MA 02142-1209, USA journals-info~…}
}

@inproceedings{punnakkal2021babel,
  title={BABEL: Bodies, action and behavior with english labels},
  author={Punnakkal, Abhinanda R and Chandrasekaran, Arjun and Athanasiou, Nikos and Quiros-Ramirez, Alejandra and Black, Michael J},
  booktitle={Proceedings of the IEEE/CVF Conference on Computer Vision and Pattern Recognition},
  pages={722--731},
  year={2021}
}

@inproceedings{mahmood2019amass,
  title={AMASS: Archive of motion capture as surface shapes},
  author={Mahmood, Naureen and Ghorbani, Nima and Troje, Nikolaus F and Pons-Moll, Gerard and Black, Michael J},
  booktitle={Proceedings of the IEEE/CVF international conference on computer vision},
  pages={5442--5451},
  year={2019}
}
@article{ho2022classifier,
  title={Classifier-free diffusion guidance},
  author={Ho, Jonathan and Salimans, Tim},
  journal={arXiv preprint arXiv:2207.12598},
  year={2022}
}

@article{saharia2022photorealistic,
  title={Photorealistic text-to-image diffusion models with deep language understanding},
  author={Saharia, Chitwan and Chan, William and Saxena, Saurabh and Li, Lala and Whang, Jay and Denton, Emily L and Ghasemipour, Kamyar and Gontijo Lopes, Raphael and Karagol Ayan, Burcu and Salimans, Tim and others},
  journal={Advances in Neural Information Processing Systems},
  volume={35},
  pages={36479--36494},
  year={2022}
}
@inproceedings{leng2023dynamic,
  title={Dynamic hyperbolic attention network for fine hand-object reconstruction},
  author={Leng, Zhiying and Wu, Shun-Cheng and Saleh, Mahdi and Montanaro, Antonio and Yu, Hao and Wang, Yin and Navab, Nassir and Liang, Xiaohui and Tombari, Federico},
  booktitle={Proceedings of the IEEE/CVF International Conference on Computer Vision},
  pages={14894--14904},
  year={2023}
}
@article{cai2023digital,
  title={Digital life project: Autonomous 3d characters with social intelligence},
  author={Cai, Zhongang and Jiang, Jianping and Qing, Zhongfei and Guo, Xinying and Zhang, Mingyuan and Lin, Zhengyu and Mei, Haiyi and Wei, Chen and Wang, Ruisi and Yin, Wanqi and others},
  journal={arXiv preprint arXiv:2312.04547},
  year={2023}
}
@article{guo2022action2video,
  title={Action2video: Generating videos of human 3d actions},
  author={Guo, Chuan and Zuo, Xinxin and Wang, Sen and Liu, Xinshuang and Zou, Shihao and Gong, Minglun and Cheng, Li},
  journal={International Journal of Computer Vision},
  volume={130},
  number={2},
  pages={285--315},
  year={2022},
  publisher={Springer}
}
@inproceedings{desai2023hyperbolic,
  title={Hyperbolic image-text representations},
  author={Desai, Karan and Nickel, Maximilian and Rajpurohit, Tanmay and Johnson, Justin and Vedantam, Shanmukha Ramakrishna},
  booktitle={International Conference on Machine Learning},
  pages={7694--7731},
  year={2023},
  organization={PMLR}
}