@ARTICLE{10225274,
  author={Wang, Zixing and Qureshi, Ahmed H.},
  journal={IEEE Robotics and Automation Letters}, 
  title={DeRi-Bot: Learning to Collaboratively Manipulate Rigid Objects via Deformable Objects}, 
  year={2023},
  volume={8},
  number={10},
  pages={6355-6362},
  keywords={Robots;Task analysis;Predictive models;Deformable models;Visualization;Collaboration;Physics;Soft-rigid body;manipulation;deep learning},
  doi={10.1109/LRA.2023.3307003}}

@INPROCEEDINGS{1570351,
  author={Yong Yu and Arima, T. and Tsujio, S.},
  booktitle={Proceedings of the 2005 IEEE International Conference on Robotics and Automation}, 
  title={Estimation of Object Inertia Parameters on Robot Pushing Operation}, 
  year={2005},
  volume={},
  number={},
  pages={1657-1662},
  keywords={Robots;Gravity;Parameter estimation;Acceleration;Fingers;Orbital robotics;Angular velocity;Force measurement;Velocity measurement;Mechanical engineering;Estimation of mass;C.M.;moment of inertia;C.M. line;Pushing operation},
  doi={10.1109/ROBOT.2005.1570351}}

@INPROCEEDINGS{9811651,
  author={Lim, Vincent and Huang, Huang and Chen, Lawrence Yunliang and Wang, Jonathan and Ichnowski, Jeffrey and Seita, Daniel and Laskey, Michael and Goldberg, Ken},
  booktitle={2022 International Conference on Robotics and Automation (ICRA)}, 
  title={Real2Sim2Real: Self-Supervised Learning of Physical Single-Step Dynamic Actions for Planar Robot Casting}, 
  year={2022},
  volume={},
  number={},
  pages={8282-8289},
  keywords={Casting;Friction;Self-supervised learning;Gaussian processes;Manipulators;Production facilities;Distance measurement},
  doi={10.1109/ICRA46639.2022.9811651}}

@article{Li2018PushNetDP,
  title={Push-Net: Deep Planar Pushing for Objects with Unknown Physical Properties},
  author={Jueya Li and Wee Sun Lee and David Hsu},
  journal={Robotics: Science and Systems XIV},
  year={2018},
  url={https://api.semanticscholar.org/CorpusID:46976205}
}

@inproceedings{NIPS2015_d09bf415,
 author = {Wu, Jiajun and Yildirim, Ilker and Lim, Joseph J and Freeman, Bill and Tenenbaum, Josh},
 booktitle = {Advances in Neural Information Processing Systems},
 editor = {C. Cortes and N. Lawrence and D. Lee and M. Sugiyama and R. Garnett},
 pages = {},
 publisher = {Curran Associates, Inc.},
 title = {Galileo: Perceiving Physical Object Properties by Integrating a Physics Engine with Deep Learning},
 url = {https://proceedings.neurips.cc/paper_files/paper/2015/file/d09bf41544a3365a46c9077ebb5e35c3-Paper.pdf},
 volume = {28},
 year = {2015}
}

@inproceedings{NIPS2017_4c56ff4c,
 author = {Wu, Jiajun and Lu, Erika and Kohli, Pushmeet and Freeman, Bill and Tenenbaum, Josh},
 booktitle = {Advances in Neural Information Processing Systems},
 editor = {I. Guyon and U. Von Luxburg and S. Bengio and H. Wallach and R. Fergus and S. Vishwanathan and R. Garnett},
 pages = {},
 publisher = {Curran Associates, Inc.},
 title = {Learning to See Physics via Visual De-animation},
 url = {https://proceedings.neurips.cc/paper_files/paper/2017/file/4c56ff4ce4aaf9573aa5dff913df997a-Paper.pdf},
 volume = {30},
 year = {2017}
}

@article{atkeson1986estimation,
  title={Estimation of inertial parameters of manipulator loads and links},
  author={Atkeson, Christopher G and An, Chae H and Hollerbach, John M},
  journal={The International Journal of Robotics Research},
  volume={5},
  number={3},
  pages={101--119},
  year={1986},
  publisher={Sage Publications Sage CA: Thousand Oaks, CA}
}

@inproceedings{chi2022irp,
  title={Iterative Residual Policy for Goal-Conditioned Dynamic Manipulation of Deformable Objects},
  author={Chi, Cheng and Burchfiel, Benjamin and Cousineau, Eric and Feng, Siyuan and Song, Shuran},
  booktitle={Proceedings of Robotics: Science and Systems (RSS)},
  year={2022}
}

@inproceedings{corke2000experiments,
  title={Experiments in constrained prehensile manipulation: Distributed manipulation with ropes},
  author={Corke, Peter and Trevelyan, James and Donald, Bruce and Gariepy, Larry and Rus, Daniela},
  booktitle={Experimental Robotics VI},
  pages={25--36},
  year={2000},
  organization={Springer}
}

@INPROCEEDINGS{donald2000distributed,
  author={Donald, B. and Gariepy, L. and Rus, D.},
  booktitle={Proceedings 2000 ICRA. Millennium Conference. IEEE International Conference on Robotics and Automation. Symposia Proceedings (Cat. No.00CH37065)}, 
  title={Distributed manipulation of multiple objects using ropes}, 
  year={2000},
  volume={1},
  number={},
  pages={450-457 vol.1},
  doi={10.1109/ROBOT.2000.844096}}

@misc{fragkiadaki2016learning,
      title={Learning Visual Predictive Models of Physics for Playing Billiards}, 
      author={Katerina Fragkiadaki and Pulkit Agrawal and Sergey Levine and Jitendra Malik},
      year={2016},
      eprint={1511.07404},
      archivePrefix={arXiv},
      primaryClass={cs.CV}
}

@inproceedings{maneewarn2005mechanics,
  title={Mechanics of cooperative nonprehensile pulling by multiple robots},
  author={Maneewarn, Thavida and Detudom, Prasertsak},
  booktitle={2005 IEEE/RSJ International Conference on Intelligent Robots and Systems},
  pages={2004--2009},
  year={2005},
  organization={IEEE}
}

@inproceedings{wang2020swingbot,
  title={Swingbot: Learning physical features from in-hand tactile exploration for dynamic swing-up manipulation},
  author={Wang, Chen and Wang, Shaoxiong and Romero, Branden and Veiga, Filipe and Adelson, Edward},
  booktitle={2020 IEEE/RSJ International Conference on Intelligent Robots and Systems (IROS)},
  pages={5633--5640},
  year={2020},
  organization={IEEE}
}

@misc{wang2023deriigp,
      title={DeRi-IGP: Manipulating Rigid Objects Using Deformable Objects via Iterative Grasp-Pull}, 
      author={Zixing Wang and Ahmed H. Qureshi},
      year={2023},
      eprint={2309.04843},
      archivePrefix={arXiv},
      primaryClass={cs.RO}
}

@misc{xu2019densephysnet,
      title={DensePhysNet: Learning Dense Physical Object Representations via Multi-step Dynamic Interactions}, 
      author={Zhenjia Xu and Jiajun Wu and Andy Zeng and Joshua B. Tenenbaum and Shuran Song},
      year={2019},
      eprint={1906.03853},
      archivePrefix={arXiv},
      primaryClass={cs.RO}
}

@article{yuan2017gelsight,
  title={Gelsight: High-resolution robot tactile sensors for estimating geometry and force},
  author={Yuan, Wenzhen and Dong, Siyuan and Adelson, Edward H},
  journal={Sensors},
  volume={17},
  number={12},
  pages={2762},
  year={2017},
  publisher={MDPI}
}

@article{zeng2020tossingbot,
  title={Tossingbot: Learning to throw arbitrary objects with residual physics},
  author={Zeng, Andy and Song, Shuran and Lee, Johnny and Rodriguez, Alberto and Funkhouser, Thomas},
  journal={IEEE Transactions on Robotics},
  volume={36},
  number={4},
  pages={1307--1319},
  year={2020},
  publisher={IEEE}
}

@inproceedings{zhang2021robots,
  title={Robots of the lost arc: Self-supervised learning to dynamically manipulate fixed-endpoint cables},
  author={Zhang, Harry and Ichnowski, Jeffrey and Seita, Daniel and Wang, Jonathan and Huang, Huang and Goldberg, Ken},
  booktitle={2021 IEEE International Conference on Robotics and Automation (ICRA)},
  pages={4560--4567},
  year={2021},
  organization={IEEE}
}

