@misc{liu2023learning,
      title={Learning to Design and Use Tools for Robotic Manipulation}, 
      author={Ziang Liu and Stephen Tian and Michelle Guo and C. Karen Liu and Jiajun Wu},
      year={2023},
      eprint={2311.00754},
      archivePrefix={arXiv},
      primaryClass={cs.RO}
}

@article{toussaint2018differentiable,
  title={Differentiable physics and stable modes for tool-use and manipulation planning},
  author={Toussaint, Marc A and Allen, Kelsey Rebecca and Smith, Kevin A and Tenenbaum, Joshua B},
  year={2018},
  publisher={Robotics: Science and Systems Foundation}
}

@inproceedings{he2016deep,
  title={Deep residual learning for image recognition},
  author={He, Kaiming and Zhang, Xiangyu and Ren, Shaoqing and Sun, Jian},
  booktitle={Proceedings of the IEEE conference on computer vision and pattern recognition},
  pages={770--778},
  year={2016}
}

@article{fukushima1980neocognitron,
  title={Neocognitron: A self-organizing neural network model for a mechanism of pattern recognition unaffected by shift in position},
  author={Fukushima, Kunihiko},
  journal={Biological cybernetics},
  volume={36},
  number={4},
  pages={193--202},
  year={1980},
  publisher={Springer}
}

@article{Allen_2020,
   title={Rapid trial-and-error learning with simulation supports flexible tool use and physical reasoning},
   volume={117},
   ISSN={1091-6490},
   url={http://dx.doi.org/10.1073/pnas.1912341117},
   DOI={10.1073/pnas.1912341117},
   number={47},
   journal={Proceedings of the National Academy of Sciences},
   publisher={Proceedings of the National Academy of Sciences},
   author={Allen, Kelsey R. and Smith, Kevin A. and Tenenbaum, Joshua B.},
   year={2020},
   month=nov, pages={29302–29310}
}

@misc{xie2019improvisation,
      title={Improvisation through Physical Understanding: Using Novel Objects as Tools with Visual Foresight}, 
      author={Annie Xie and Frederik Ebert and Sergey Levine and Chelsea Finn},
      year={2019},
      eprint={1904.05538},
      archivePrefix={arXiv},
      primaryClass={cs.RO}
}

@misc{rajeswaran2018learning,
      title={Learning Complex Dexterous Manipulation with Deep Reinforcement Learning and Demonstrations}, 
      author={Aravind Rajeswaran and Vikash Kumar and Abhishek Gupta and Giulia Vezzani and John Schulman and Emanuel Todorov and Sergey Levine},
      year={2018},
      eprint={1709.10087},
      archivePrefix={arXiv},
      primaryClass={cs.LG}
}

@misc{qin2019keto,
      title={KETO: Learning Keypoint Representations for Tool Manipulation}, 
      author={Zengyi Qin and Kuan Fang and Yuke Zhu and Li Fei-Fei and Silvio Savarese},
      year={2019},
      eprint={1910.11977},
      archivePrefix={arXiv},
      primaryClass={cs.RO}
}

@misc{fang2018learning,
      title={Learning Task-Oriented Grasping for Tool Manipulation from Simulated Self-Supervision}, 
      author={Kuan Fang and Yuke Zhu and Animesh Garg and Andrey Kurenkov and Viraj Mehta and Li Fei-Fei and Silvio Savarese},
      year={2018},
      eprint={1806.09266},
      archivePrefix={arXiv},
      primaryClass={cs.RO}
}

@ARTICLE{10225274,
  author={Wang, Zixing and Qureshi, Ahmed H.},
  journal={IEEE Robotics and Automation Letters}, 
  title={DeRi-Bot: Learning to Collaboratively Manipulate Rigid Objects via Deformable Objects}, 
  year={2023},
  volume={8},
  number={10},
  pages={6355-6362},
  keywords={Robots;Task analysis;Predictive models;Deformable models;Visualization;Collaboration;Physics;Soft-rigid body;manipulation;deep learning},
  doi={10.1109/LRA.2023.3307003}}

@misc{wang2023deriigp,
      title={DeRi-IGP: Manipulating Rigid Objects Using Deformable Objects via Iterative Grasp-Pull}, 
      author={Zixing Wang and Ahmed H. Qureshi},
      year={2023},
      eprint={2309.04843},
      archivePrefix={arXiv},
      primaryClass={cs.RO}
}

@inproceedings{Loshchilov2017DecoupledWD,
  title={Decoupled Weight Decay Regularization},
  author={Ilya Loshchilov and Frank Hutter},
  booktitle={International Conference on Learning Representations},
  year={2017}
}

@article{falcon2019pytorch,
  title={PyTorch Lightning},
  author={William {Falcon et al.}},
  journal={GitHub. Note: https://github.com/PyTorchLightning/pytorch-lightning},
  volume={3},
  year={2019}
}

@inproceedings{chi2022irp,
  title={Iterative Residual Policy for Goal-Conditioned Dynamic Manipulation of Deformable Objects},
  author={Chi, Cheng and Burchfiel, Benjamin and Cousineau, Eric and Feng, Siyuan and Song, Shuran},
  booktitle={Proceedings of Robotics: Science and Systems (RSS)},
  year={2022}
}

@ARTICLE{8344486,
  author={Colomé, Adrià and Torras, Carme},
  journal={IEEE Transactions on Robotics}, 
  title={Dimensionality Reduction for Dynamic Movement Primitives and Application to Bimanual Manipulation of Clothes}, 
  year={2018},
  volume={34},
  number={3},
  pages={602-615},
  keywords={Trajectory;Robot kinematics;Task analysis;Covariance matrices;Dimensionality reduction;Indexes;Dimensionality reduction;machine learning algorithms;robot learning;robot motion},
  doi={10.1109/TRO.2018.2808924}}

@INPROCEEDINGS{7139990,
  author={Colomé, Adrià and Planells, Antoni and Torras, Carme},
  booktitle={2015 IEEE International Conference on Robotics and Automation (ICRA)}, 
  title={A friction-model-based framework for Reinforcement Learning of robotic tasks in non-rigid environments}, 
  year={2015},
  volume={},
  number={},
  pages={5649-5654},
  keywords={Robots;Friction;Joints;Trajectory;Torque;Acceleration;Dynamics},
  doi={10.1109/ICRA.2015.7139990}}

@ARTICLE{8280543,
  author={Ruggiero, Fabio and Lippiello, Vincenzo and Siciliano, Bruno},
  journal={IEEE Robotics and Automation Letters}, 
  title={Nonprehensile Dynamic Manipulation: A Survey}, 
  year={2018},
  volume={3},
  number={3},
  pages={1711-1718},
  keywords={Manipulator dynamics;Task analysis;Dynamics;Robot sensing systems;Kinematics;Nonprehensile manipulation;dexterous manipulation},
  doi={10.1109/LRA.2018.2801939}}


@INPROCEEDINGS{583093,
  author={Mason, M.T. and Lynch, K.M.},
  booktitle={Proceedings of 1993 IEEE/RSJ International Conference on Intelligent Robots and Systems (IROS '93)}, 
  title={Dynamic manipulation}, 
  year={1993},
  volume={1},
  number={},
  pages={152-159 vol.1},
  keywords={Manipulator dynamics;Kinematics;Robots;Acceleration;Motion planning;Taxonomy;Computer science;Grippers;Stability;Programming profession},
  doi={10.1109/IROS.1993.583093}}

@misc{xu2019densephysnet,
      title={DensePhysNet: Learning Dense Physical Object Representations via Multi-step Dynamic Interactions}, 
      author={Zhenjia Xu and Jiajun Wu and Andy Zeng and Joshua B. Tenenbaum and Shuran Song},
      year={2019},
      eprint={1906.03853},
      archivePrefix={arXiv},
      primaryClass={cs.RO}
}

@article{atkeson1986estimation,
  title={Estimation of inertial parameters of manipulator loads and links},
  author={Atkeson, Christopher G and An, Chae H and Hollerbach, John M},
  journal={The International Journal of Robotics Research},
  volume={5},
  number={3},
  pages={101--119},
  year={1986},
  publisher={Sage Publications Sage CA: Thousand Oaks, CA}
}

@inproceedings{yu2005estimation,
  title={Estimation of object inertia parameters on robot pushing operation},
  author={Yu, Yong and Arima, Tetsu and Tsujio, Showzow},
  booktitle={Proceedings of the 2005 IEEE International Conference on Robotics and Automation},
  pages={1657--1662},
  year={2005},
  organization={IEEE}
}

@inproceedings{allevato2020tunenet,
  title={Tunenet: One-shot residual tuning for system identification and sim-to-real robot task transfer},
  author={Allevato, Adam and Short, Elaine Schaertl and Pryor, Mitch and Thomaz, Andrea},
  booktitle={Conference on Robot Learning},
  pages={445--455},
  year={2020},
  organization={PMLR}
}

@misc{shi2023robocook,
      title={RoboCook: Long-Horizon Elasto-Plastic Object Manipulation with Diverse Tools}, 
      author={Haochen Shi and Huazhe Xu and Samuel Clarke and Yunzhu Li and Jiajun Wu},
      year={2023},
      eprint={2306.14447},
      archivePrefix={arXiv},
      primaryClass={cs.RO}
}

@inproceedings{lin2022planning,
  title={Planning with Spatial-Temporal Abstraction from Point Clouds for Deformable Object Manipulation},
  author={Lin, Xingyu and Qi, Carl and Zhang, Yunchu and Huang, Zhiao and Fragkiadaki, Katerina and Li, Yunzhu and Gan, Chuang and Held, David},
  booktitle={6th Annual Conference on Robot Learning},
  year={2022}
}

@article{lin2022diffskill,
  title={Diffskill: Skill abstraction from differentiable physics for deformable object manipulations with tools},
  author={Lin, Xingyu and Huang, Zhiao and Li, Yunzhu and Tenenbaum, Joshua B and Held, David and Gan, Chuang},
  journal={arXiv preprint arXiv:2203.17275},
  year={2022}
}

@misc{ehrhardt2021taking,
      title={Taking Visual Motion Prediction To New Heightfields}, 
      author={Sebastien Ehrhardt and Aron Monszpart and Niloy Mitra and Andrea Vedaldi},
      year={2021},
      eprint={1712.09448},
      archivePrefix={arXiv},
      primaryClass={cs.CV}
}

@article{watters2017visual,
  title={Visual interaction networks: Learning a physics simulator from video},
  author={Watters, Nicholas and Zoran, Daniel and Weber, Theophane and Battaglia, Peter and Pascanu, Razvan and Tacchetti, Andrea},
  journal={Advances in neural information processing systems},
  volume={30},
  year={2017}
}

@article{zeng2020tossingbot,
  title={Tossingbot: Learning to throw arbitrary objects with residual physics},
  author={Zeng, Andy and Song, Shuran and Lee, Johnny and Rodriguez, Alberto and Funkhouser, Thomas},
  journal={IEEE Transactions on Robotics},
  volume={36},
  number={4},
  pages={1307--1319},
  year={2020},
  publisher={IEEE}
}

@inproceedings{NIPS2015_d09bf415,
 author = {Wu, Jiajun and Yildirim, Ilker and Lim, Joseph J and Freeman, Bill and Tenenbaum, Josh},
 booktitle = {Advances in Neural Information Processing Systems},
 editor = {C. Cortes and N. Lawrence and D. Lee and M. Sugiyama and R. Garnett},
 pages = {},
 publisher = {Curran Associates, Inc.},
 title = {Galileo: Perceiving Physical Object Properties by Integrating a Physics Engine with Deep Learning},
 url = {https://proceedings.neurips.cc/paper_files/paper/2015/file/d09bf41544a3365a46c9077ebb5e35c3-Paper.pdf},
 volume = {28},
 year = {2015}
}

@article{DBLP:journals/corr/abs-2106-01352,
  author    = {Ahmed Hussain Qureshi and
               Arsalan Mousavian and
               Chris Paxton and
               Michael C. Yip and
               Dieter Fox},
  title     = {NeRP: Neural Rearrangement Planning for Unknown Objects},
  journal   = {CoRR},
  volume    = {abs/2106.01352},
  year      = {2021},
  url       = {https://arxiv.org/abs/2106.01352},
  eprinttype = {arXiv},
  eprint    = {2106.01352},
  timestamp = {Thu, 10 Jun 2021 16:34:18 +0200},
  biburl    = {https://dblp.org/rec/journals/corr/abs-2106-01352.bib},
  bibsource = {dblp computer science bibliography, https://dblp.org}
}

@inproceedings{maneewarn2005mechanics,
  title={Mechanics of cooperative nonprehensile pulling by multiple robots},
  author={Maneewarn, Thavida and Detudom, Prasertsak},
  booktitle={2005 IEEE/RSJ International Conference on Intelligent Robots and Systems},
  pages={2004--2009},
  year={2005},
  organization={IEEE}
}

@article{yan2020self,
  title={Self-supervised learning of state estimation for manipulating deformable linear objects},
  author={Yan, Mengyuan and Zhu, Yilin and Jin, Ning and Bohg, Jeannette},
  journal={IEEE robotics and automation letters},
  volume={5},
  number={2},
  pages={2372--2379},
  year={2020},
  publisher={IEEE}
}

@ARTICLE{5067337,
  author={Albahkali, Thamer and Mukherjee, Ranjan and Das, Tuhin},
  journal={IEEE Transactions on Robotics}, 
  title={Swing-Up Control of the Pendubot: An Impulse–Momentum Approach}, 
  year={2009},
  volume={25},
  number={4},
  pages={975-982},
  keywords={Control systems;Potential energy;Intelligent robots;Angular velocity;Asymptotic stability;Acceleration;Gravity;Kinematics;Societies;Mechanical engineering;Impulse;momentum;pendubot;underactuated},
  doi={10.1109/TRO.2009.2022427}}

@article{yuan2017gelsight,
  title={Gelsight: High-resolution robot tactile sensors for estimating geometry and force},
  author={Yuan, Wenzhen and Dong, Siyuan and Adelson, Edward H},
  journal={Sensors},
  volume={17},
  number={12},
  pages={2762},
  year={2017},
  publisher={MDPI}
}

@inproceedings{wang2020swingbot,
  title={Swingbot: Learning physical features from in-hand tactile exploration for dynamic swing-up manipulation},
  author={Wang, Chen and Wang, Shaoxiong and Romero, Branden and Veiga, Filipe and Adelson, Edward},
  booktitle={2020 IEEE/RSJ International Conference on Intelligent Robots and Systems (IROS)},
  pages={5633--5640},
  year={2020},
  organization={IEEE}
}

@article{hoque2020visuospatial,
  title={Visuospatial foresight for multi-step, multi-task fabric manipulation},
  author={Hoque, Ryan and Seita, Daniel and Balakrishna, Ashwin and Ganapathi, Aditya and Tanwani, Ajay Kumar and Jamali, Nawid and Yamane, Katsu and Iba, Soshi and Goldberg, Ken},
  journal={arXiv preprint arXiv:2003.09044},
  year={2020}
}

@inproceedings{wang2019learning,
  title={Learning Robotic Manipulation through Visual Planning and Acting},
  author={Wang, Angelina and Kurutach, Thanard and Liu, Kara and Abbeel, Pieter and Tamar, Aviv},
  booktitle={Robotics: science and systems},
  year={2019}
}

@inproceedings{schulman2016learning,
  title={Learning from demonstrations through the use of non-rigid registration},
  author={Schulman, John and Ho, Jonathan and Lee, Cameron and Abbeel, Pieter},
  booktitle={Robotics Research: The 16th International Symposium ISRR},
  pages={339--354},
  year={2016},
  organization={Springer}
}

@inproceedings{sundaresan2020learning,
  title={Learning rope manipulation policies using dense object descriptors trained on synthetic depth data},
  author={Sundaresan, Priya and Grannen, Jennifer and Thananjeyan, Brijen and Balakrishna, Ashwin and Laskey, Michael and Stone, Kevin and Gonzalez, Joseph E and Goldberg, Ken},
  booktitle={2020 IEEE International Conference on Robotics and Automation (ICRA)},
  pages={9411--9418},
  year={2020},
  organization={IEEE}
}

@article{sanchez2018robotic,
  title={Robotic manipulation and sensing of deformable objects in domestic and industrial applications: a survey},
  author={Sanchez, Jose and Corrales, Juan-Antonio and Bouzgarrou, Belhassen-Chedli and Mezouar, Youcef},
  journal={The International Journal of Robotics Research},
  volume={37},
  number={7},
  pages={688--716},
  year={2018},
  publisher={SAGE Publications Sage UK: London, England}
}

@article{rosenblatt1958perceptron,
  title={The perceptron: a probabilistic model for information storage and organization in the brain.},
  author={Rosenblatt, Frank},
  journal={Psychological review},
  volume={65},
  number={6},
  pages={386},
  year={1958},
  publisher={American Psychological Association}
}

@article{wu2019learning,
  title={Learning to manipulate deformable objects without demonstrations},
  author={Wu, Yilin and Yan, Wilson and Kurutach, Thanard and Pinto, Lerrel and Abbeel, Pieter},
  journal={arXiv preprint arXiv:1910.13439},
  year={2019}
}

@article{chen2023efficient,
  title={Efficient Q-Learning over Visit Frequency Maps for Multi-agent Exploration of Unknown Environments},
  author={Chen, Xuyang and Iyer, Ashvin N and Wang, Zixing and Qureshi, Ahmed H},
  journal={arXiv preprint arXiv:2307.16318},
  year={2023}
}

@inproceedings{corke2000experiments,
  title={Experiments in constrained prehensile manipulation: Distributed manipulation with ropes},
  author={Corke, Peter and Trevelyan, James and Donald, Bruce and Gariepy, Larry and Rus, Daniela},
  booktitle={Experimental Robotics VI},
  pages={25--36},
  year={2000},
  organization={Springer}
}

@article{keshari2022cograsp,
  title={CoGrasp: 6-DoF Grasp Generation for Human-Robot Collaboration},
  author={Keshari, Abhinav K and Ren, Hanwen and Qureshi, Ahmed H},
  journal={arXiv preprint arXiv:2210.03173},
  year={2022}
}


@inproceedings{wang2021spatial,
  title={Spatial Action Maps Augmented with Visit Frequency Maps for Exploration Tasks},
  author={Wang, Zixing and Papanikolopoulos, Nikolaos},
  booktitle={2021 IEEE/RSJ International Conference on Intelligent Robots and Systems (IROS)},
  pages={3175--3181},
  year={2021},
  organization={IEEE}
}

@inproceedings{wu2020spatial,
  title = {Spatial Action Maps for Mobile Manipulation},
  author = {Wu, Jimmy and Sun, Xingyuan and Zeng, Andy and Song, Shuran and Lee, Johnny and Rusinkiewicz, Szymon and Funkhouser, Thomas},
  booktitle = {Proceedings of Robotics: Science and Systems (RSS)},
  year = {2020}
}

@inproceedings{chen2018encoder,
  title={Encoder-decoder with atrous separable convolution for semantic image segmentation},
  author={Chen, Liang-Chieh and Zhu, Yukun and Papandreou, George and Schroff, Florian and Adam, Hartwig},
  booktitle={Proceedings of the European conference on computer vision (ECCV)},
  pages={801--818},
  year={2018}
}

@article{she2021cable,
  title={Cable manipulation with a tactile-reactive gripper},
  author={She, Yu and Wang, Shaoxiong and Dong, Siyuan and Sunil, Neha and Rodriguez, Alberto and Adelson, Edward},
  journal={The International Journal of Robotics Research},
  volume={40},
  number={12-14},
  pages={1385--1401},
  year={2021},
  publisher={SAGE Publications Sage UK: London, England}
}

@inproceedings{7139532,
  author={Weifu Wang and Berenson, Dmitry and Balkcom, Devin},
  booktitle={2015 IEEE International Conference on Robotics and Automation (ICRA)}, 
  title={An online method for tight-tolerance insertion tasks for string and rope}, 
  year={2015},
  volume={},
  number={},
  pages={2488-2495},
  doi={10.1109/ICRA.2015.7139532}}

@inproceedings{619320,
  author={Nakagaki, H. and Kitagaki, K. and Ogasawara, T. and Tsukune, H.},
  booktitle={Proceedings of International Conference on Robotics and Automation}, 
  title={Study of deformation and insertion tasks of a flexible wire}, 
  year={1997},
  volume={3},
  number={},
  pages={2397-2402 vol.3},
  doi={10.1109/ROBOT.1997.619320}}

@article{lecun2015deep,
  title={Deep learning},
  author={LeCun, Yann and Bengio, Yoshua and Hinton, Geoffrey},
  journal={nature},
  volume={521},
  number={7553},
  pages={436--444},
  year={2015},
  publisher={Nature Publishing Group UK London}
}

@inproceedings{zhang2021robots,
  title={Robots of the lost arc: Self-supervised learning to dynamically manipulate fixed-endpoint cables},
  author={Zhang, Harry and Ichnowski, Jeffrey and Seita, Daniel and Wang, Jonathan and Huang, Huang and Goldberg, Ken},
  booktitle={2021 IEEE International Conference on Robotics and Automation (ICRA)},
  pages={4560--4567},
  year={2021},
  organization={IEEE}
}

@article{billard2019trends,
  title={Trends and challenges in robot manipulation},
  author={Billard, Aude and Kragic, Danica},
  journal={Science},
  volume={364},
  number={6446},
  pages={eaat8414},
  year={2019},
  publisher={American Association for the Advancement of Science}
}

@inproceedings{ciregan2012multi,
  title={Multi-column deep neural networks for image classification},
  author={Ciregan, Dan and Meier, Ueli and Schmidhuber, J{\"u}rgen},
  booktitle={2012 IEEE conference on computer vision and pattern recognition},
  pages={3642--3649},
  year={2012},
  organization={IEEE}
}

@article{agrawal2016learning,
  title={Learning to poke by poking: Experiential learning of intuitive physics},
  author={Agrawal, Pulkit and Nair, Ashvin V and Abbeel, Pieter and Malik, Jitendra and Levine, Sergey},
  journal={Advances in neural information processing systems},
  volume={29},
  year={2016}
}

@INPROCEEDINGS{9811611,
  author={Exarchos, Ioannis and Wang, Karen and Do, Brian H. and Stroppa, Fabio and Coad, Margaret M. and Okamura, Allison M. and Liu, C. Karen},
  booktitle={2022 International Conference on Robotics and Automation (ICRA)}, 
  title={Task-Specific Design Optimization and Fabrication for Inflated-Beam Soft Robots with Growable Discrete Joints}, 
  year={2022},
  volume={},
  number={},
  pages={7145-7151},
  keywords={Fabrication;Costs;Soft robotics;Manipulators;Hardware;Safety;Design tools},
  doi={10.1109/ICRA46639.2022.9811611}}

@INPROCEEDINGS{9636280,
  author={Li, Yunfei and Kong, Tao and Li, Lei and Li, Yifeng and Wu, Yi},
  booktitle={2021 IEEE/RSJ International Conference on Intelligent Robots and Systems (IROS)}, 
  title={Learning to Design and Construct Bridge without Blueprint}, 
  year={2021},
  volume={},
  number={},
  pages={2398-2405},
  keywords={Bridges;Shape;Neural networks;Reinforcement learning;Reliability engineering;Manipulators;Task analysis},
  doi={10.1109/IROS51168.2021.9636280}}

@inproceedings{10.1145/192161.192167,
author = {Sims, Karl},
title = {Evolving virtual creatures},
year = {1994},
isbn = {0897916670},
publisher = {Association for Computing Machinery},
address = {New York, NY, USA},
url = {https://doi.org/10.1145/192161.192167},
doi = {10.1145/192161.192167},
abstract = {This paper describes a novel system for creating virtual creatures that move and behave in simulated three-dimensional physical worlds. The morphologies of creatures and the neural systems for controlling their muscle forces are both generated automatically using genetic algorithms. Different fitness evaluation functions are used to direct simulated evolutions towards specific behaviors such as swimming, walking, jumping, and following.A genetic language is presented that uses nodes and connections as its primitive elements to represent directed graphs, which are used to describe both the morphology and the neural circuitry of these creatures. This genetic language defines a hyperspace containing an indefinite number of possible creatures with behaviors, and when it is searched using optimization techniques, a variety of successful and interesting locomotion strategies emerge, some of which would be difficult to invent or built by design.},
booktitle = {Proceedings of the 21st Annual Conference on Computer Graphics and Interactive Techniques},
pages = {15–22},
numpages = {8},
series = {SIGGRAPH '94}
}

@misc{hejna2021taskagnostic,
      title={Task-Agnostic Morphology Evolution}, 
      author={Donald J. Hejna III au2 and Pieter Abbeel and Lerrel Pinto},
      year={2021},
      eprint={2102.13100},
      archivePrefix={arXiv},
      primaryClass={cs.LG}
}


@INPROCEEDINGS{9196971,
  author={Qin, Zengyi and Fang, Kuan and Zhu, Yuke and Fei-Fei, Li and Savarese, Silvio},
  booktitle={2020 IEEE International Conference on Robotics and Automation (ICRA)}, 
  title={KETO: Learning Keypoint Representations for Tool Manipulation}, 
  year={2020},
  volume={},
  number={},
  pages={7278-7285},
  doi={10.1109/ICRA40945.2020.9196971}}

@misc{ha2020fit2form,
      title={Fit2Form: 3D Generative Model for Robot Gripper Form Design}, 
      author={Huy Ha and Shubham Agrawal and Shuran Song},
      year={2020},
      eprint={2011.06498},
      archivePrefix={arXiv},
      primaryClass={cs.RO}
}

@article{wu2019imagine,
  title={Imagine that! Leveraging emergent affordances for 3D tool synthesis},
  author={Wu, Yizhe and Kasewa, Sudhanshu and Groth, Oliver and Salter, Sasha and Sun, Li and Jones, Oiwi Parker and Posner, Ingmar},
  journal={arXiv preprint arXiv:1909.13561},
  year={2019}
}


@article{Stoytchev2005BehaviorGroundedRO,
  title={Behavior-Grounded Representation of Tool Affordances},
  author={Alexander Stoytchev},
  journal={Proceedings of the 2005 IEEE International Conference on Robotics and Automation},
  year={2005},
  pages={3060-3065}
}

@misc{fragkiadaki2016learning,
      title={Learning Visual Predictive Models of Physics for Playing Billiards}, 
      author={Katerina Fragkiadaki and Pulkit Agrawal and Sergey Levine and Jitendra Malik},
      year={2016},
      eprint={1511.07404},
      archivePrefix={arXiv},
      primaryClass={cs.CV}
}

@inproceedings{NIPS2017_4c56ff4c,
 author = {Wu, Jiajun and Lu, Erika and Kohli, Pushmeet and Freeman, Bill and Tenenbaum, Josh},
 booktitle = {Advances in Neural Information Processing Systems},
 editor = {I. Guyon and U. Von Luxburg and S. Bengio and H. Wallach and R. Fergus and S. Vishwanathan and R. Garnett},
 pages = {},
 publisher = {Curran Associates, Inc.},
 title = {Learning to See Physics via Visual De-animation},
 url = {https://proceedings.neurips.cc/paper_files/paper/2017/file/4c56ff4ce4aaf9573aa5dff913df997a-Paper.pdf},
 volume = {30},
 year = {2017}
}

@INPROCEEDINGS{1570351,
  author={Yong Yu and Arima, T. and Tsujio, S.},
  booktitle={Proceedings of the 2005 IEEE International Conference on Robotics and Automation}, 
  title={Estimation of Object Inertia Parameters on Robot Pushing Operation}, 
  year={2005},
  volume={},
  number={},
  pages={1657-1662},
  keywords={Robots;Gravity;Parameter estimation;Acceleration;Fingers;Orbital robotics;Angular velocity;Force measurement;Velocity measurement;Mechanical engineering;Estimation of mass;C.M.;moment of inertia;C.M. line;Pushing operation},
  doi={10.1109/ROBOT.2005.1570351}}

@article{Li2018PushNetDP,
  title={Push-Net: Deep Planar Pushing for Objects with Unknown Physical Properties},
  author={Jueya Li and Wee Sun Lee and David Hsu},
  journal={Robotics: Science and Systems XIV},
  year={2018},
  url={https://api.semanticscholar.org/CorpusID:46976205}
}


@INPROCEEDINGS{6386109,
  author={Todorov, Emanuel and Erez, Tom and Tassa, Yuval},
  booktitle={2012 IEEE/RSJ International Conference on Intelligent Robots and Systems}, 
  title={MuJoCo: A physics engine for model-based control}, 
  year={2012},
  volume={},
  number={},
  pages={5026-5033},
  keywords={Engines;Optimization;Computational modeling;Heuristic algorithms;Dynamics;Mathematical model},
  doi={10.1109/IROS.2012.6386109}}


@INPROCEEDINGS{9811651,
  author={Lim, Vincent and Huang, Huang and Chen, Lawrence Yunliang and Wang, Jonathan and Ichnowski, Jeffrey and Seita, Daniel and Laskey, Michael and Goldberg, Ken},
  booktitle={2022 International Conference on Robotics and Automation (ICRA)}, 
  title={Real2Sim2Real: Self-Supervised Learning of Physical Single-Step Dynamic Actions for Planar Robot Casting}, 
  year={2022},
  volume={},
  number={},
  pages={8282-8289},
  keywords={Casting;Friction;Self-supervised learning;Gaussian processes;Manipulators;Production facilities;Distance measurement},
  doi={10.1109/ICRA46639.2022.9811651}}


@misc{allen2022physical,
      title={Physical Design using Differentiable Learned Simulators}, 
      author={Kelsey R. Allen and Tatiana Lopez-Guevara and Kimberly Stachenfeld and Alvaro Sanchez-Gonzalez and Peter Battaglia and Jessica Hamrick and Tobias Pfaff},
      year={2022},
      eprint={2202.00728},
      archivePrefix={arXiv},
      primaryClass={cs.LG}
}


@inproceedings{10.1109/ICRA48506.2021.9561256,
    author = {Toussaint, Marc and Ha, Jung-Su and Oguz, Ozgur S.},
    title = {Co-Optimizing Robot, Environment, and Tool Design via Joint Manipulation Planning},
    year = {2021},
    publisher = {IEEE Press},
    url = {https://doi.org/10.1109/ICRA48506.2021.9561256},
    doi = {10.1109/ICRA48506.2021.9561256},
    abstract = {Existing work on sequential manipulation planning and trajectory optimization typically assumes the robot, environment and tools to be given. However, in particular in industrial applications, it is highly interesting to ask, what would be an optimal robot design, tool shape, or robot station geometry for a particular ensemble of manipulation tasks. To tackle this problem we propose a formulation to jointly optimize over static design parameters and the sequential manipulation trajectory. We can include optimization objectives such as penalizing velocities (path length) and joint torques. Our evaluations show that design optimization can significantly improve on such metrics. For instance, in a wrench tool demonstration scenario we show that the shape of the wrench tool as well as design of the robot can be optimized to allow for exerting a necessary external torque with minimal effort.},
    booktitle = {2021 IEEE International Conference on Robotics and Automation (ICRA)},
    pages = {6600–6606},
    numpages = {7},
    location = {Xi'an, China}
}

@INPROCEEDINGS{donald2000distributed,
  author={Donald, B. and Gariepy, L. and Rus, D.},
  booktitle={Proceedings 2000 ICRA. Millennium Conference. IEEE International Conference on Robotics and Automation. Symposia Proceedings (Cat. No.00CH37065)}, 
  title={Distributed manipulation of multiple objects using ropes}, 
  year={2000},
  volume={1},
  number={},
  pages={450-457 vol.1},
  doi={10.1109/ROBOT.2000.844096}}


@inproceedings{kawaharazuka2020tool,
  title={Tool shape optimization through backpropagation of neural network},
  author={Kawaharazuka, Kento and Ogawa, Toru and Nabeshima, Cota},
  booktitle={2020 IEEE/RSJ International Conference on Intelligent Robots and Systems (IROS)},
  pages={8387--8393},
  year={2020},
  organization={IEEE}
}

@inproceedings{kawaharazuka2019dynamic,
  title={Dynamic manipulation of flexible objects with torque sequence using a deep neural network},
  author={Kawaharazuka, Kento and Ogawa, Toru and Tamura, Juntaro and Nabeshima, Cota},
  booktitle={2019 International Conference on Robotics and Automation (ICRA)},
  pages={2139--2145},
  year={2019},
  organization={IEEE}
}

@ARTICLE{9832465,
  author={Zhang, Zeyu and Jiao, Ziyuan and Wang, Weiqi and Zhu, Yixin and Zhu, Song-Chun and Liu, Hangxin},
  journal={IEEE Robotics and Automation Letters}, 
  title={Understanding Physical Effects for Effective Tool-Use}, 
  year={2022},
  volume={7},
  number={4},
  pages={9469-9476},
  doi={10.1109/LRA.2022.3191793}}

@article{Nakagaki1997EstimationOA,
  author={Nakagaki, H. and Kitagaki, K. and Ogasawara, T. and Tsukune, H.},
  title={Estimation of a Force Acting on a Flexible Wire by Using Visual Tracking and Its Application to Insertion Task},
  journal={Journal of the Robotics Society of Japan},
  year={1997},
  volume={15},
  pages={422-430}
}

@inproceedings{todorov2012mujoco,
  title={MuJoCo: A physics engine for model-based control},
  author={Todorov, Emanuel and Erez, Tom and Tassa, Yuval},
  booktitle={2012 IEEE/RSJ International Conference on Intelligent Robots and Systems},
  pages={5026--5033},
  year={2012},
  organization={IEEE},
  doi={10.1109/IROS.2012.6386109}
}

@inproceedings{wu2020,
author = {Wu, Yilin and Yan, Wilson and Kurutach, Thanard and Pinto, Lerrel and Abbeel, Pieter},
year = {2020},
month = {07},
pages = {},
title = {Learning to Manipulate Deformable Objects without Demonstrations},
doi = {10.15607/RSS.2020.XVI.065}
}

@inproceedings{corl2020softgym,
 title={SoftGym: Benchmarking Deep Reinforcement Learning for Deformable Object Manipulation},
 author={Lin, Xingyu and Wang, Yufei and Olkin, Jake and Held, David},
 booktitle={Conference on Robot Learning},
 year={2020}
}

@inproceedings{nair2017combining,
  title={Combining self-supervised learning and imitation for vision-based rope manipulation},
  author={Nair, Ashvin and Chen, Dian and Agrawal, Pulkit and Isola, Phillip and Abbeel, Pieter and Malik, Jitendra and Levine, Sergey},
  booktitle={2017 IEEE international conference on robotics and automation (ICRA)},
  pages={2146--2153},
  year={2017},
  organization={IEEE}
}

@inproceedings{Schulman2013LearningFD,
  title={Learning from Demonstrations Through the Use of Non-rigid Registration},
  author={John Schulman and Jonathan Ho and Cameron Lee and P. Abbeel},
  booktitle={International Symposium of Robotics Research},
  year={2013}
}

	
@inproceedings{pathakICLR18zeroshot,
    Author = {Pathak, Deepak and
    Mahmoudieh, Parsa and Luo, Guanghao and
    Agrawal, Pulkit and Chen, Dian and
    Shentu, Yide and Shelhamer, Evan and
    Malik, Jitendra and Efros, Alexei A. and
    Darrell, Trevor},
    Title = {Zero-Shot Visual Imitation},
    Booktitle = {ICLR},
    Year = {2018}
}

@article{Lee2014UnifyingSR,
  title={Unifying scene registration and trajectory optimization for learning from demonstrations with application to manipulation of deformable objects},
  author={Alex X. Lee and Sandy H. Huang and Dylan Hadfield-Menell and Eric Tzeng and P. Abbeel},
  journal={2014 IEEE/RSJ International Conference on Intelligent Robots and Systems},
  year={2014},
  pages={4402-4407}
}

@inproceedings{yan2021learning,
  title={Learning predictive representations for deformable objects using contrastive estimation},
  author={Yan, Wilson and Vangipuram, Ashwin and Abbeel, Pieter and Pinto, Lerrel},
  booktitle={Conference on Robot Learning},
  pages={564--574},
  year={2021},
  organization={PMLR}
}

@article{sanchez2018,
author = {Sanchez, Jose and Corrales Ramon, Juan Antonio and BOUZGARROU, B. Chedli and Mezouar, Y.},
year = {2018},
month = {06},
pages = {688 - 716},
title = {Robotic Manipulation and Sensing of Deformable Objects in Domestic and Industrial Applications: A Survey},
volume = {37},
journal = {The International Journal of Robotics Research},
doi = {10.1177/0278364918779698}
}

@article{Hopcroft1991ACS,
  title={A Case Study of Flexible Object Manipulation},
  author={John E. Hopcroft and Joseph K. Kearney and Dean B. Krafft},
  journal={The International Journal of Robotics Research},
  year={1991},
  volume={10},
  pages={41 - 50}
}

@inproceedings{xu2021deep,
  title={Deep affordance foresight: Planning through what can be done in the future},
  author={Xu, Danfei and Mandlekar, Ajay and Mart{\'\i}n-Mart{\'\i}n, Roberto and Zhu, Yuke and Savarese, Silvio and Fei-Fei, Li},
  booktitle={2021 IEEE International Conference on Robotics and Automation (ICRA)},
  pages={6206--6213},
  year={2021},
  organization={IEEE}
}

@article{qureshi2021constrained,
  title={Constrained motion planning networks x},
  author={Qureshi, Ahmed Hussain and Dong, Jiangeng and Baig, Asfiya and Yip, Michael C},
  journal={IEEE Transactions on Robotics},
  volume={38},
  number={2},
  pages={868--886},
  year={2021},
  publisher={IEEE}
}

@inproceedings{huang2019neural,
  title={Neural task graphs: Generalizing to unseen tasks from a single video demonstration},
  author={Huang, De-An and Nair, Suraj and Xu, Danfei and Zhu, Yuke and Garg, Animesh and Fei-Fei, Li and Savarese, Silvio and Niebles, Juan Carlos},
  booktitle={Proceedings of the IEEE/CVF conference on computer vision and pattern recognition},
  pages={8565--8574},
  year={2019}
}

@article{qureshi2020motion,
  title={Motion planning networks: Bridging the gap between learning-based and classical motion planners},
  author={Qureshi, Ahmed Hussain and Miao, Yinglong and Simeonov, Anthony and Yip, Michael C},
  journal={IEEE Transactions on Robotics},
  volume={37},
  number={1},
  pages={48--66},
  year={2020},
  publisher={IEEE}
}

@article{qureshi2020neural,
  title={Neural manipulation planning on constraint manifolds},
  author={Qureshi, Ahmed H and Dong, Jiangeng and Choe, Austin and Yip, Michael C},
  journal={IEEE Robotics and Automation Letters},
  volume={5},
  number={4},
  pages={6089--6096},
  year={2020},
  publisher={IEEE}
}

@inproceedings{king2017unobservable,
  title={Unobservable monte carlo planning for nonprehensile rearrangement tasks},
  author={King, Jennifer E and Ranganeni, Vinitha and Srinivasa, Siddhartha S},
  booktitle={2017 IEEE International Conference on Robotics and Automation (ICRA)},
  pages={4681--4688},
  year={2017},
  organization={IEEE}
}

@article{labbe2020monte,
  title={Monte-carlo tree search for efficient visually guided rearrangement planning},
  author={Labb{\'e}, Yann and Zagoruyko, Sergey and Kalevatykh, Igor and Laptev, Ivan and Carpentier, Justin and Aubry, Mathieu and Sivic, Josef},
  journal={IEEE Robotics and Automation Letters},
  volume={5},
  number={2},
  pages={3715--3722},
  year={2020},
  publisher={IEEE}}

@inproceedings{ha2021flingbot,
	title={FlingBot: The Unreasonable Effectiveness of Dynamic Manipulation for Cloth Unfolding},
	author={Ha, Huy and Song, Shuran},
	booktitle={Conference on Robotic Learning (CoRL)},
	year={2021}}

@inproceedings{xu2022dextairity,
	title={DextAIRity: Deformable Manipulation Can be a Breeze},
	author={Xu, Zhenjia and Chi, Cheng and Burchfiel, Benjamin and Cousineau, Eric and Feng, Siyuan and Song, Shuran},
	booktitle={Proceedings of Robotics: Science and Systems (RSS)},
	year={2022}}

@inproceedings{vanden2010,
    author = {van den Berg, Jur and Miller, Stephen and Duckworth, Daniel and Hu, Humphrey and Wan, Andrew and Fu, Xiao-Yu and Goldberg, Kenneth and Abbeel, Pieter},
    year = {2010},
    month = {05},
    pages = {2074-2081},
    title = {Superhuman Performance of Surgical Tasks by Robots using Iterative Learning from Human-Guided Demonstrations},
    journal = {Proceedings - IEEE International Conference on Robotics and Automation},
    doi = {10.1109/ROBOT.2010.5509621}}

@inproceedings{Morita2003,
    author = {Morita, T. and Takamatsu, Jun and Ogawara, K. and Kimura, H. and Ikeuchi, Katsushi},
    year = {2003},
    month = {10},
    pages = {3887 - 3892 vol.3},
    title = {Knot planning from observation},
    volume = {3},
    doi = {10.1109/ROBOT.2003.1242193}}

@inproceedings{Grannen2020UntanglingDK,
  title={Untangling Dense Knots by Learning Task-Relevant Keypoints},
  author={Jennifer Grannen and Priya Sundaresan and Brijen Thananjeyan and Jeffrey Ichnowski and Ashwin Balakrishna and Minho Hwang and Vainavi Viswanath and Michael Laskey and Joseph Gonzalez and Ken Goldberg},
  booktitle={Conference on Robot Learning},
  year={2020}}

@INPROCEEDINGS{7487548,
  author={Weifu Wang and Balkcom, Devin},
  booktitle={2016 IEEE International Conference on Robotics and Automation (ICRA)}, 
  title={Tying knot precisely}, 
  year={2016},
  volume={},
  number={},
  pages={3639-3646},
  doi={10.1109/ICRA.2016.7487548}}


@INPROCEEDINGS{6696448,
  author={Lui, Wen Hao and Saxena, Ashutosh},
  booktitle={2013 IEEE/RSJ International Conference on Intelligent Robots and Systems}, 
  title={Tangled: Learning to untangle ropes with RGB-D perception}, 
  year={2013},
  volume={},
  number={},
  pages={837-844},
  doi={10.1109/IROS.2013.6696448}}


@INPROCEEDINGS{7487611,
  author={Sen, Siddarth and Garg, Animesh and Gealy, David V. and McKinley, Stephen and Jen, Yiming and Goldberg, Ken},
  booktitle={2016 IEEE International Conference on Robotics and Automation (ICRA)}, 
  title={Automating multi-throw multilateral surgical suturing with a mechanical needle guide and sequential convex optimization}, 
  year={2016},
  volume={},
  number={},
  pages={4178-4185},
  doi={10.1109/ICRA.2016.7487611}}


@INPROCEEDINGS{4059310,
  author={Mayer, Hermann and Gomez, Faustino and Wierstra, Daan and Nagy, Istvan and Knoll, Alois and Schmidhuber, Jurgen},
  booktitle={2006 IEEE/RSJ International Conference on Intelligent Robots and Systems}, 
  title={A System for Robotic Heart Surgery that Learns to Tie Knots Using Recurrent Neural Networks}, 
  year={2006},
  volume={},
  number={},
  pages={543-548},
  doi={10.1109/IROS.2006.282190}}
