@article{bai2022training,
  title={Training a helpful and harmless assistant with reinforcement learning from human feedback},
  author={Bai, Yuntao and Jones, Andy and Ndousse, Kamal and Askell, Amanda and Chen, Anna and DasSarma, Nova and Drain, Dawn and Fort, Stanislav and Ganguli, Deep and Henighan, Tom and others},
  journal={arXiv preprint arXiv:2204.05862},
  year={2022}
}

@article{chen2024virtualmodel,
  title={VirtualModel: Generating Object-ID-retentive Human-object Interaction Image by Diffusion Model for E-commerce Marketing},
  author={Chen, Binghui and Zhong, Chongyang and Xiang, Wangmeng and Geng, Yifeng and Xie, Xuansong},
  journal={arXiv preprint arXiv:2405.09985},
  year={2024}
}

@article{chen2103automated,
  title={Automated Creative Optimization for E-Commerce Advertising. arXiv 2021},
  author={Chen, J and Xu, J and Jiang, G and Ge, T and Zhang, Z and Lian, D and Zheng, K},
  journal={arXiv preprint arXiv:2103.00436}
}

@article{goodfellow2020generative,
  title={Generative adversarial networks},
  author={Goodfellow, Ian and Pouget-Abadie, Jean and Mirza, Mehdi and Xu, Bing and Warde-Farley, David and Ozair, Sherjil and Courville, Aaron and Bengio, Yoshua},
  journal={Communications of the ACM},
  volume={63},
  number={11},
  pages={139--144},
  year={2020},
  publisher={ACM New York, NY, USA}
}

@inproceedings{jie2017ctr,
  title={A CTR prediction method based on feature engineering and online learning},
  author={Jie-Hao, Chen and Xue-Yi, Li and Zi-Qian, Zhao and Ji-Yun, Shi and Qiu-Hong, Zhang},
  booktitle={2017 17th International Symposium on Communications and Information Technologies (ISCIT)},
  pages={1--6},
  year={2017},
  organization={IEEE}
}

@inproceedings{juan2016field,
  title={Field-aware factorization machines for CTR prediction},
  author={Juan, Yuchin and Zhuang, Yong and Chin, Wei-Sheng and Lin, Chih-Jen},
  booktitle={Proceedings of the 10th ACM conference on recommender systems},
  pages={43--50},
  year={2016}
}

@article{ku2023staging,
  title={Staging e-commerce products for online advertising using retrieval assisted image generation},
  author={Ku, Yueh-Ning and Kuznetsov, Mikhail and Mishra, Shaunak and de Juan, Paloma},
  journal={arXiv preprint arXiv:2307.15326},
  year={2023}
}

@inproceedings{kumar2015predicting,
  title={Predicting clicks: CTR estimation of advertisements using logistic regression classifier},
  author={Kumar, Rohit and Naik, Sneha Manjunath and Naik, Vani D and Shiralli, Smita and Sunil, VG and Husain, Moula},
  booktitle={2015 IEEE international advance computing conference (IACC)},
  pages={1134--1138},
  year={2015},
  organization={IEEE}
}

@article{lee2023aligning,
  title={Aligning text-to-image models using human feedback},
  author={Lee, Kimin and Liu, Hao and Ryu, Moonkyung and Watkins, Olivia and Du, Yuqing and Boutilier, Craig and Abbeel, Pieter and Ghavamzadeh, Mohammad and Gu, Shixiang Shane},
  journal={arXiv preprint arXiv:2302.12192},
  year={2023}
}

@article{lee2024parrot,
  title={Parrot: Pareto-optimal multi-reward reinforcement learning framework for text-to-image generation},
  author={Lee, Seung Hyun and Li, Yinxiao and Ke, Junjie and Yoo, Innfarn and Zhang, Han and Yu, Jiahui and Wang, Qifei and Deng, Fei and Entis, Glenn and He, Junfeng and others},
  journal={arXiv preprint arXiv:2401.05675},
  year={2024}
}

@article{li2023planning,
  title={Planning and Rendering: Towards End-to-End Product Poster Generation},
  author={Li, Zhaochen and Li, Fengheng and Feng, Wei and Zhu, Honghe and Liu, An and Li, Yaoyu and Zhang, Zheng and Lv, Jingjing and Zhu, Xin and Shen, Junjie and others},
  journal={arXiv preprint arXiv:2312.08822},
  year={2023}
}

@inproceedings{mishra2020learning,
  title={Learning to create better ads: Generation and ranking approaches for ad creative refinement},
  author={Mishra, Shaunak and Verma, Manisha and Zhou, Yichao and Thadani, Kapil and Wang, Wei},
  booktitle={Proceedings of the 29th ACM international conference on information \& knowledge management},
  pages={2653--2660},
  year={2020}
}

@article{mueller2024insertdiffusion,
  title={InsertDiffusion: Identity Preserving Visualization of Objects through a Training-Free Diffusion Architecture},
  author={Mueller, Phillip and Wiese, Jannik and Craciun, Ioan and Mikelsons, Lars},
  journal={arXiv preprint arXiv:2407.10592},
  year={2024}
}

@article{ouyang2022training,
  title={Training language models to follow instructions with human feedback},
  author={Ouyang, Long and Wu, Jeffrey and Jiang, Xu and Almeida, Diogo and Wainwright, Carroll and Mishkin, Pamela and Zhang, Chong and Agarwal, Sandhini and Slama, Katarina and Ray, Alex and others},
  journal={Advances in neural information processing systems},
  volume={35},
  pages={27730--27744},
  year={2022}
}

@article{rafailov2024direct,
  title={Direct preference optimization: Your language model is secretly a reward model},
  author={Rafailov, Rafael and Sharma, Archit and Mitchell, Eric and Manning, Christopher D and Ermon, Stefano and Finn, Chelsea},
  journal={Advances in Neural Information Processing Systems},
  volume={36},
  year={2024}
}

@article{schulman2017proximal,
  title={Proximal policy optimization algorithms},
  author={Schulman, John and Wolski, Filip and Dhariwal, Prafulla and Radford, Alec and Klimov, Oleg},
  journal={arXiv preprint arXiv:1707.06347},
  year={2017}
}

@inproceedings{wang2021hybrid,
  title={A hybrid bandit model with visual priors for creative ranking in display advertising},
  author={Wang, Shiyao and Liu, Qi and Ge, Tiezheng and Lian, Defu and Zhang, Zhiqiang},
  booktitle={Proceedings of the web conference 2021},
  pages={2324--2334},
  year={2021}
}

@inproceedings{wei2022towards,
  title={Towards personalized bundle creative generation with contrastive non-autoregressive decoding},
  author={Wei, Penghui and Liu, Shaoguo and Yang, Xuanhua and Wang, Liang and Zheng, Bo},
  booktitle={Proceedings of the 45th International ACM SIGIR Conference on Research and Development in Information Retrieval},
  pages={2634--2638},
  year={2022}
}

@article{wu2023better,
  title={Better aligning text-to-image models with human preference},
  author={Wu, Xiaoshi and Sun, Keqiang and Zhu, Feng and Zhao, Rui and Li, Hongsheng},
  journal={arXiv preprint arXiv:2303.14420},
  volume={1},
  number={3},
  year={2023}
}

@inproceedings{yang2024new,
  title={A New Creative Generation Pipeline for Click-Through Rate with Stable Diffusion Model},
  author={Yang, Hao and Yuan, Jianxin and Yang, Shuai and Xu, Linhe and Yuan, Shuo and Zeng, Yifan},
  booktitle={Companion Proceedings of the ACM on Web Conference 2024},
  pages={180--189},
  year={2024}
}

@article{ziegler2019fine,
  title={Fine-tuning language models from human preferences},
  author={Ziegler, Daniel M and Stiennon, Nisan and Wu, Jeffrey and Brown, Tom B and Radford, Alec and Amodei, Dario and Christiano, Paul and Irving, Geoffrey},
  journal={arXiv preprint arXiv:1909.08593},
  year={2019}
}

