@inproceedings{Lin2020,
title={Don't Use Large Mini-batches, Use Local SGD},
author={Tao Lin and Sebastian U. Stich and Kumar Kshitij Patel and Martin Jaggi},
booktitle={International Conference on Learning Representations},
year={2020},
}

@article{arivazhagan2019federated,
  title={Federated learning with personalization layers},
  author={Arivazhagan, Manoj Ghuhan and Aggarwal, Vinay and Singh, Aaditya Kumar and Choudhary, Sunav},
  journal={arXiv preprint arXiv:1912.00818},
  year={2019}
}

@article{chen2018federated,
  title={Federated meta-learning with fast convergence and efficient communication},
  author={Chen, Fei and Luo, Mi and Dong, Zhenhua and Li, Zhenguo and He, Xiuqiang},
  journal={arXiv preprint arXiv:1802.07876},
  year={2018}
}

@inproceedings{chen2024feddat,
  title={Feddat: An approach for foundation model finetuning in multi-modal heterogeneous federated learning},
  author={Chen, Haokun and Zhang, Yao and Krompass, Denis and Gu, Jindong and Tresp, Volker},
  booktitle={Proceedings of the AAAI Conference on Artificial Intelligence},
  volume={38},
  number={10},
  pages={11285--11293},
  year={2024}
}

@inproceedings{collins2021exploiting,
  title={Exploiting shared representations for personalized federated learning},
  author={Collins, Liam and Hassani, Hamed and Mokhtari, Aryan and Shakkottai, Sanjay},
  booktitle={International conference on machine learning},
  pages={2089--2099},
  year={2021},
  organization={PMLR}
}

@article{deng2020adaptive,
  title={Adaptive personalized federated learning},
  author={Deng, Yuyang and Kamani, Mohammad Mahdi and Mahdavi, Mehrdad},
  journal={arXiv preprint arXiv:2003.13461},
  year={2020}
}

@article{dinh2022new,
  title={A new look and convergence rate of federated multitask learning with laplacian regularization},
  author={Dinh, Canh T and Vu, Tung T and Tran, Nguyen H and Dao, Minh N and Zhang, Hongyu},
  journal={IEEE Transactions on Neural Networks and Learning Systems},
  year={2022},
  publisher={IEEE}
}

@InProceedings{elgabli22a,
  title = 	 {{F}ed{N}ew: A Communication-Efficient and Privacy-Preserving {N}ewton-Type Method for Federated Learning},
  author =       {Elgabli, Anis and Issaid, Chaouki Ben and Bedi, Amrit Singh and Rajawat, Ketan and Bennis, Mehdi and Aggarwal, Vaneet},
  booktitle = 	 {Proceedings of the 39th International Conference on Machine Learning},
  pages = 	 {5861--5877},
  year = 	 {2022},
  volume = 	 {162},
}

@article{fallah2020personalized,
  title={Personalized federated learning with theoretical guarantees: A model-agnostic meta-learning approach},
  author={Fallah, Alireza and Mokhtari, Aryan and Ozdaglar, Asuman},
  journal={Advances in Neural Information Processing Systems},
  volume={33},
  pages={3557--3568},
  year={2020}
}

@inproceedings{hansen2019distributed,
  title={Distributed optimization with sheaf homological constraints},
  author={Hansen, Jakob and Ghrist, Robert},
  booktitle={2019 57th Annual Allerton Conference on Communication, Control, and Computing (Allerton)},
  pages={565--571},
  year={2019},
  organization={IEEE}
}

@article{hanzely2020federated,
  title={Federated learning of a mixture of global and local models},
  author={Hanzely, Filip and Richt{\'a}rik, Peter},
  journal={arXiv preprint arXiv:2002.05516},
  year={2020}
}

@inproceedings{huang2021personalized,
  title={Personalized cross-silo federated learning on non-iid data},
  author={Huang, Yutao and Chu, Lingyang and Zhou, Zirui and Wang, Lanjun and Liu, Jiangchuan and Pei, Jian and Zhang, Yong},
  booktitle={Proceedings of the AAAI conference on artificial intelligence},
  volume={35},
  number={9},
  pages={7865--7873},
  year={2021}
}

@article{jiang2019improving,
  title={Improving federated learning personalization via model agnostic meta learning},
  author={Jiang, Yihan and Kone{\v{c}}n{\`y}, Jakub and Rush, Keith and Kannan, Sreeram},
  journal={arXiv preprint arXiv:1909.12488},
  year={2019}
}

@inproceedings{karimireddy2020scaffold,
  title={Scaffold: Stochastic controlled averaging for federated learning},
  author={Karimireddy, Sai Praneeth and Kale, Satyen and Mohri, Mehryar and Reddi, Sashank and Stich, Sebastian and Suresh, Ananda Theertha},
  booktitle={International conference on machine learning},
  pages={5132--5143},
  year={2020},
  organization={PMLR}
}

@article{li2019fedmd,
  title={Fedmd: Heterogenous federated learning via model distillation},
  author={Li, Daliang and Wang, Junpu},
  journal={arXiv preprint arXiv:1910.03581},
  year={2019}
}

@article{li2020federated,
  title={Federated optimization in heterogeneous networks},
  author={Li, Tian and Sahu, Anit Kumar and Zaheer, Manzil and Sanjabi, Maziar and Talwalkar, Ameet and Smith, Virginia},
  journal={Proceedings of Machine learning and systems},
  volume={2},
  pages={429--450},
  year={2020}
}

@inproceedings{li2021ditto,
  title={Ditto: Fair and robust federated learning through personalization},
  author={Li, Tian and Hu, Shengyuan and Beirami, Ahmad and Smith, Virginia},
  booktitle={International Conference on Machine Learning},
  pages={6357--6368},
  year={2021},
  organization={PMLR}
}

@article{liang2020think,
  title={Think locally, act globally: Federated learning with local and global representations},
  author={Liang, Paul Pu and Liu, Terrance and Ziyin, Liu and Allen, Nicholas B and Auerbach, Randy P and Brent, David and Salakhutdinov, Ruslan and Morency, Louis-Philippe},
  journal={arXiv preprint arXiv:2001.01523},
  year={2020}
}

@inproceedings{liu2022no,
  title={No one left behind: Inclusive federated learning over heterogeneous devices},
  author={Liu, Ruixuan and Wu, Fangzhao and Wu, Chuhan and Wang, Yanlin and Lyu, Lingjuan and Chen, Hong and Xie, Xing},
  booktitle={Proceedings of the 28th ACM SIGKDD Conference on Knowledge Discovery and Data Mining},
  pages={3398--3406},
  year={2022}
}

@article{liu2022privacy,
  title={On privacy and personalization in cross-silo federated learning},
  author={Liu, Ken and Hu, Shengyuan and Wu, Steven Z and Smith, Virginia},
  journal={Advances in neural information processing systems},
  volume={35},
  pages={5925--5940},
  year={2022}
}

@inproceedings{mcmahan2017communication,
  title={Communication-efficient learning of deep networks from decentralized data},
  author={McMahan, Brendan and Moore, Eider and Ramage, Daniel and Hampson, Seth and y Arcas, Blaise Aguera},
  booktitle={Artificial intelligence and statistics},
  pages={1273--1282},
  year={2017},
  organization={PMLR}
}

@inproceedings{riess2022diffusion,
  title={Diffusion of information on networked lattices by gossip},
  author={Riess, Hans and Ghrist, Robert},
  booktitle={2022 IEEE 61st Conference on Decision and Control (CDC)},
  pages={5946--5952},
  year={2022},
  organization={IEEE}
}

@inproceedings{robinson2013understanding,
  title={Understanding networks and their behaviors using sheaf theory},
  author={Robinson, Michael},
  booktitle={2013 IEEE Global Conference on Signal and Information Processing},
  pages={911--914},
  year={2013},
  organization={IEEE}
}

@article{robinson2014topological,
  title={Topological signal processing},
  author={Robinson, Michael},
  volume={81},
  year={2014},
  publisher={Springer}
}

@article{robinson2017sheaves,
  title={Sheaves are the canonical data structure for sensor integration},
  author={Robinson, Michael},
  journal={Information Fusion},
  volume={36},
  pages={208--224},
  year={2017},
  publisher={Elsevier}
}

@ARTICLE{sarcheshmehpour2023networked,
  author={SarcheshmehPour, Yasmin and Tian, Yu and Zhang, Linli and Jung, Alexander},
  journal={IEEE Transactions on Signal Processing}, 
  title={Clustered Federated Learning via Generalized Total Variation Minimization}, 
  year={2023},
  volume={71},
  number={},
  pages={4240-4256},
}

@article{sattler2020clustered,
  title={Clustered federated learning: Model-agnostic distributed multitask optimization under privacy constraints},
  author={Sattler, Felix and M{\"u}ller, Klaus-Robert and Samek, Wojciech},
  journal={IEEE transactions on neural networks and learning systems},
  volume={32},
  number={8},
  pages={3710--3722},
  year={2020},
  publisher={IEEE}
}

@article{smith2017federated,
  title={Federated multi-task learning},
  author={Smith, Virginia and Chiang, Chao-Kai and Sanjabi, Maziar and Talwalkar, Ameet S},
  journal={Advances in neural information processing systems},
  volume={30},
  year={2017}
}

@article{t2020personalized,
  title={Personalized federated learning with moreau envelopes},
  author={T Dinh, Canh and Tran, Nguyen and Nguyen, Josh},
  journal={Advances in Neural Information Processing Systems},
  volume={33},
  pages={21394--21405},
  year={2020}
}

@article{wang2019federated,
  title={Federated evaluation of on-device personalization},
  author={Wang, Kangkang and Mathews, Rajiv and Kiddon, Chlo{\'e} and Eichner, Hubert and Beaufays, Fran{\c{c}}oise and Ramage, Daniel},
  journal={arXiv preprint arXiv:1910.10252},
  year={2019}
}

@article{yu2020salvaging,
  title={Salvaging federated learning by local adaptation},
  author={Yu, Tao and Bagdasaryan, Eugene and Shmatikov, Vitaly},
  journal={arXiv preprint arXiv:2002.04758},
  year={2020}
}

@article{zhai2024adaptive,
  title={Adaptive client selection and model aggregation for heterogeneous federated learning},
  author={Zhai, Rui and Jin, Haozhe and Gong, Wei and Lu, Ke and Liu, Yanhong and Song, Yalin and Yu, Junyang},
  journal={Multimedia Systems},
  volume={30},
  number={4},
  pages={211},
  year={2024},
  publisher={Springer}
}

@inproceedings{zhu2021data,
  title={Data-free knowledge distillation for heterogeneous federated learning},
  author={Zhu, Zhuangdi and Hong, Junyuan and Zhou, Jiayu},
  booktitle={International conference on machine learning},
  pages={12878--12889},
  year={2021},
  organization={PMLR}
}

