@inproceedings{BioViL,
  author       = {Benedikt Boecking and
                  Naoto Usuyama and
                  Shruthi Bannur and
                  Daniel C. Castro and
                  Anton Schwaighofer and
                  Stephanie L. Hyland and
                  Maria Wetscherek and
                  Tristan Naumann and
                  Aditya V. Nori and
                  Javier Alvarez{-}Valle and
                  Hoifung Poon and
                  Ozan Oktay},
  title        = {Making the Most of Text Semantics to Improve Biomedical Vision-Language Processing},
  booktitle    = {Proceedings of the 17th European conference on computer vision},
  volume       = {13696},
  pages        = {1--21},
  year         = {2022}
}

@inproceedings{CLIP,
  author       = {Alec Radford and
                  Jong Wook Kim and
                  Chris Hallacy and
                  Aditya Ramesh and
                  Gabriel Goh and
                  Sandhini Agarwal and
                  Girish Sastry and
                  Amanda Askell and
                  Pamela Mishkin and
                  Jack Clark and
                  Gretchen Krueger and
                  Ilya Sutskever},
  title        = {Learning Transferable Visual Models From Natural Language Supervision},
  booktitle    = {Proceedings of the 38th International Conference on Machine Learning},
  volume       = {139},
  pages        = {8748--8763},
  year         = {2021}
}

@inproceedings{FILIP,
  author       = {Lewei Yao and
                  Runhui Huang and
                  Lu Hou and
                  Guansong Lu and
                  Minzhe Niu and
                  Hang Xu and
                  Xiaodan Liang and
                  Zhenguo Li and
                  Xin Jiang and
                  Chunjing Xu},
  title        = {{FILIP:} Fine-grained Interactive Language-Image Pre-Training},
  booktitle    = {The 10th International Conference on Learning Representations},
  year         = {2022}
}

@inproceedings{GLIP,
  author       = {Xiaoyi Liu and
                  Duxin Chen and
                  Wenjia Wei and
                  Xia Zhu and
                  Wenwu Yu},
  title        = {Interpretable Sparse System Identification: Beyond Recent Deep Learning
                  Techniques on Time-Series Prediction},
  booktitle    = {The Twelfth International Conference on Learning Representations},
  year         = {2024}
}

@inproceedings{GLoRIA,
  author       = {Shih{-}Cheng Huang and
                  Liyue Shen and
                  Matthew P. Lungren and
                  Serena Yeung},
  title        = {GLoRIA: {A} Multimodal Global-Local Representation Learning Framework
                  for Label-efficient Medical Image Recognition},
  booktitle    = {Proceedings of the {IEEE/CVF} International Conference on Computer Vision},
  pages        = {3922--3931},
  year         = {2021}
}

@article{MPMA,
  author       = {Ke Zhang and
                  Yan Yang and
                  Jun Yu and
                  Hanliang Jiang and
                  Jianping Fan and
                  Qingming Huang and
                  Weidong Han},
  title        = {Multi-Task Paired Masking With Alignment Modeling for Medical Vision-Language
                  Pre-Training},
  journal      = {{IEEE} Trans. Multim.},
  volume       = {26},
  pages        = {4706--4721},
  year         = {2024}
}

@inproceedings{MedCLIP,
  author       = {Zifeng Wang and
                  Zhenbang Wu and
                  Dinesh Agarwal and
                  Jimeng Sun},
  title        = {MedCLIP: Contrastive Learning from Unpaired Medical Images and Text},
  booktitle    = {Proceedings of the 2022 Conference on Empirical Methods in Natural
                  Language Processing},
  pages        = {3876--3887},
  year         = {2022}
}

@inproceedings{PyramidCLIP,
  author       = {Yuting Gao and
                  Jinfeng Liu and
                  Zihan Xu and
                  Jun Zhang and
                  Ke Li and
                  Rongrong Ji and
                  Chunhua Shen},
  title        = {PyramidCLIP: Hierarchical Feature Alignment for Vision-language Model Pretraining},
  booktitle    = {Proceedings of the Advances in Neural Information Processing Systems},
  year         = {2022}
}

@article{REFERS,
  author       = {Hong{-}Yu Zhou and
                  Xiaoyu Chen and
                  Yinghao Zhang and
                  Ruibang Luo and
                  Liansheng Wang and
                  Yizhou Yu},
  title        = {Generalized radiograph representation learning via cross-supervision
                  between images and free-text radiology reports},
  journal      = {Nat. Mach. Intell.},
  volume       = {4},
  number       = {1},
  pages        = {32--40},
  year         = {2022}
}

