@inproceedings{langley00,
 author    = {P. Langley},
 title     = {Crafting Papers on Machine Learning},
 year      = {2000},
 pages     = {1207--1216},
 editor    = {Pat Langley},
 booktitle     = {Proceedings of the 17th International Conference
              on Machine Learning (ICML 2000)},
 address   = {Stanford, CA},
 publisher = {Morgan Kaufmann}
}

@inproceedings{koh2023grounding,
  title={Grounding language models to images for multimodal inputs and outputs},
  author={Koh, Jing Yu and Salakhutdinov, Ruslan and Fried, Daniel},
  booktitle={International Conference on Machine Learning},
  pages={17283--17300},
  year={2023},
  organization={PMLR}
}

@inproceedings{yan2023representation,
  title={Representation recovering for self-supervised pre-training on medical images},
  author={Yan, Xiangyi and Naushad, Junayed and Sun, Shanlin and Han, Kun and Tang, Hao and Kong, Deying and Ma, Haoyu and You, Chenyu and Xie, Xiaohui},
  booktitle={Proceedings of the IEEE/CVF Winter Conference on Applications of Computer Vision},
  pages={2685--2695},
  year={2023}
}

@inproceedings{huang2024adapting,
  title={Adapting visual-language models for generalizable anomaly detection in medical images},
  author={Huang, Chaoqin and Jiang, Aofan and Feng, Jinghao and Zhang, Ya and Wang, Xinchao and Wang, Yanfeng},
  booktitle={Proceedings of the IEEE/CVF Conference on Computer Vision and Pattern Recognition},
  pages={11375--11385},
  year={2024}
}

@inproceedings{bannur2023learning,
  title={Learning to exploit temporal structure for biomedical vision-language processing},
  author={Bannur, Shruthi and Hyland, Stephanie and Liu, Qianchu and Perez-Garcia, Fernando and Ilse, Maximilian and Castro, Daniel C and Boecking, Benedikt and Sharma, Harshita and Bouzid, Kenza and Thieme, Anja and others},
  booktitle={Proceedings of the IEEE/CVF Conference on Computer Vision and Pattern Recognition},
  pages={15016--15027},
  year={2023}
}

@inproceedings{chen2024medblip,
  title={Medblip: Bootstrapping language-image pre-training from 3d medical images and texts},
  author={Chen, Qiuhui and Hong, Yi},
  booktitle={Proceedings of the Asian Conference on Computer Vision},
  pages={2404--2420},
  year={2024}
}

@article{wan2024med,
  title={Med-unic: Unifying cross-lingual medical vision-language pre-training by diminishing bias},
  author={Wan, Zhongwei and Liu, Che and Zhang, Mi and Fu, Jie and Wang, Benyou and Cheng, Sibo and Ma, Lei and Quilodr{\'a}n-Casas, C{\'e}sar and Arcucci, Rossella},
  journal={Advances in Neural Information Processing Systems},
  volume={36},
  year={2024}
}

@inproceedings{PyramidCLIP,
  author       = {Yuting Gao and
                  Jinfeng Liu and
                  Zihan Xu and
                  Jun Zhang and
                  Ke Li and
                  Rongrong Ji and
                  Chunhua Shen},
  title        = {PyramidCLIP: Hierarchical Feature Alignment for Vision-language Model Pretraining},
  booktitle    = {Proceedings of the Advances in Neural Information Processing Systems},
  year         = {2022}
}

@inproceedings{GLIP,
  author       = {Xiaoyi Liu and
                  Duxin Chen and
                  Wenjia Wei and
                  Xia Zhu and
                  Wenwu Yu},
  title        = {Interpretable Sparse System Identification: Beyond Recent Deep Learning
                  Techniques on Time-Series Prediction},
  booktitle    = {The Twelfth International Conference on Learning Representations},
  year         = {2024}
}

@inproceedings{ye2024continual,
  title={Continual self-supervised learning: Towards universal multi-modal medical data representation learning},
  author={Ye, Yiwen and Xie, Yutong and Zhang, Jianpeng and Chen, Ziyang and Wu, Qi and Xia, Yong},
  booktitle={Proceedings of the IEEE/CVF Conference on Computer Vision and Pattern Recognition},
  pages={11114--11124},
  year={2024}
}

@article{hendrick2008signal,
  title={Signal, noise, signal-to-noise, and contrast-to-noise ratios},
  author={Hendrick, R Edward},
  journal={Breast MRI: fundamentals and technical aspects},
  pages={93--111},
  year={2008},
  publisher={Springer}
}

@article{vluasceanu2024selecting,
  title={Selecting the Right Metric: A Detailed Study on Image Segmentation Evaluation},
  author={Vl{\u{a}}sceanu, Giorgiana Violeta and Tarb{\u{a}}, Nicolae and Voncil{\u{a}}, Mihai Lucian and Boiangiu, Costin Anton},
  journal={BRAIN. Broad Research in Artificial Intelligence and Neuroscience},
  volume={15},
  number={4},
  pages={295--318},
  year={2024}
}

@article{senan2021score,
  title={Score and Correlation Coefficient-Based Feature Selection for Predicting Heart Failure Diagnosis by Using Machine Learning Algorithms},
  author={Senan, Ebrahim Mohammed and Abunadi, Ibrahim and Jadhav, Mukti E and Fati, Suliman Mohamed},
  journal={Computational and Mathematical Methods in Medicine},
  volume={2021},
  number={1},
  pages={8500314},
  year={2021},
  publisher={Wiley Online Library}
}

@inproceedings{gao2024training,
  title={Training Like a Medical Resident: Context-Prior Learning Toward Universal Medical Image Segmentation},
  author={Gao, Yunhe},
  booktitle={Proceedings of the IEEE/CVF Conference on Computer Vision and Pattern Recognition},
  pages={11194--11204},
  year={2024}
}

@inproceedings{MedCLIP,
  author       = {Zifeng Wang and
                  Zhenbang Wu and
                  Dinesh Agarwal and
                  Jimeng Sun},
  title        = {MedCLIP: Contrastive Learning from Unpaired Medical Images and Text},
  booktitle    = {Proceedings of the 2022 Conference on Empirical Methods in Natural
                  Language Processing},
  pages        = {3876--3887},
  year         = {2022}
}

@inproceedings{MedKLIP,
  author       = {Chaoyi Wu and
                  Xiaoman Zhang and
                  Ya Zhang and
                  Yanfeng Wang and
                  Weidi Xie},
  title        = {MedKLIP: Medical Knowledge Enhanced Language-Image Pre-Training for
                  X-ray Diagnosis},
  booktitle    = {Proceedings of the {IEEE/CVF} International Conference on Computer Vision},
  pages        = {21315--21326},
  year         = {2023}
}


@inproceedings{BioViL,
  author       = {Benedikt Boecking and
                  Naoto Usuyama and
                  Shruthi Bannur and
                  Daniel C. Castro and
                  Anton Schwaighofer and
                  Stephanie L. Hyland and
                  Maria Wetscherek and
                  Tristan Naumann and
                  Aditya V. Nori and
                  Javier Alvarez{-}Valle and
                  Hoifung Poon and
                  Ozan Oktay},
  title        = {Making the Most of Text Semantics to Improve Biomedical Vision-Language Processing},
  booktitle    = {Proceedings of the 17th European conference on computer vision},
  volume       = {13696},
  pages        = {1--21},
  year         = {2022}
}

@inproceedings{MGCA,
  author       = {Fuying Wang and
                  Yuyin Zhou and
                  Shujun Wang and
                  Varut Vardhanabhuti and
                  Lequan Yu},
  title        = {Multi-Granularity Cross-modal Alignment for Generalized Medical Visual
                  Representation Learning},
  booktitle    = {Proceedings of the Advances in Neural Information Processing Systems},
  year         = {2022}
}

@inproceedings{CLEFT,
  author       = {Yuexi Du and
                  Brian Chang and
                  Nicha C. Dvornek},
  title        = {{CLEFT:} Language-Image Contrastive Learning with Efficient Large
                  Language Model and Prompt Fine-Tuning},
  booktitle    = {Proceedings of the 27th International Conference Medical Image Computing and Computer Assisted Intervention},
  volume       = {15012},
  pages        = {465--475},
  year         = {2024}
}

@inproceedings{MAVL,
  author       = {Vu Minh Hieu Phan and
                  Yutong Xie and
                  Yuankai Qi and
                  Lingqiao Liu and
                  Liyang Liu and
                  Bowen Zhang and
                  Zhibin Liao and
                  Qi Wu and
                  Minh{-}Son To and
                  Johan W. Verjans},
  title        = {Decomposing Disease Descriptions for Enhanced Pathology Detection:
                  {A} Multi-Aspect Vision-Language Pre-Training Framework},
  booktitle    = {Proceedings of the {IEEE/CVF} Conference on Computer Vision and Pattern Recognition},
  pages        = {11492--11501},
  publisher    = {{IEEE}},
  year         = {2024}
}


@inproceedings{PRIOR,
  author       = {Pujin Cheng and
                  Li Lin and
                  Junyan Lyu and
                  Yijin Huang and
                  Wenhan Luo and
                  Xiaoying Tang},
  title        = {{PRIOR:} Prototype Representation Joint Learning from Medical Images
                  and Reports},
  booktitle    = {Proceedings of the {IEEE/CVF} International Conference on Computer Vision},
  pages        = {21304--21314},
  year         = {2023}
}


@inproceedings{CARZero,
  author       = {Haoran Lai and
                  Qingsong Yao and
                  Zihang Jiang and
                  Rongsheng Wang and
                  Zhiyang He and
                  Xiaodong Tao and
                  S. Kevin Zhou},
  title        = {CARZero: Cross-Attention Alignment for Radiology Zero-Shot Classification},
  booktitle    = {Proceedings of the {IEEE/CVF} Conference on Computer Vision and Pattern Recognition},
  pages        = {11137--11146},
  year         = {2024}
}


@inproceedings{icml2024medicalmultimedia,
  author       = {Jinxia Yang and
                  Bing Su and
                  Xin Zhao and
                  Ji{-}Rong Wen},
  title        = {Unlocking the Power of Spatial and Temporal Information in Medical
                  Multimodal Pre-training},
  booktitle    = {Proceedings of the 41th International Conference on Machine Learning},
  year         = {2024}
}


@inproceedings{VLPNeurIPS2023,
  author       = {Yao Mu and
                  Qinglong Zhang and
                  Mengkang Hu and
                  Wenhai Wang and
                  Mingyu Ding and
                  Jun Jin and
                  Bin Wang and
                  Jifeng Dai and
                  Yu Qiao and
                  Ping Luo},
  title        = {EmbodiedGPT: Vision-Language Pre-Training via Embodied Chain of Thought},
  booktitle    = {Proceedings of the Advances in Neural Information Processing Systems},
  year         = {2023}
}


@inproceedings{VLPCVPR2024,
  author       = {Zihao Wei and
                  Zixuan Pan and
                  Andrew Owens},
  title        = {Efficient Vision-Language Pre-Training by Cluster Masking},
  booktitle    = {Proceedings of the {IEEE/CVF} Conference on Computer Vision and Pattern Recognition},
  pages        = {26805--26815},
  year         = {2024}
}

@inproceedings{VLACVPR2024,
  author       = {Sajid Javed and
                  Arif Mahmood and
                  Iyyakutti Iyappan Ganapathi and
                  Fayaz Ali Dharejo and
                  Naoufel Werghi and
                  Mohammed Bennamoun},
  title        = {{CPLIP:} Zero-Shot Learning for Histopathology with Comprehensive
                  Vision-Language Alignment},
  booktitle    = {Proceedings of the {IEEE/CVF} Conference on Computer Vision and Pattern Recognition},
  pages        = {11450--11459},
  year         = {2024}
}

@inproceedings{VLANeurIPS2023,
  author       = {Yiren Jian and
                  Chongyang Gao and
                  Soroush Vosoughi},
  title        = {Bootstrapping Vision-Language Learning with Decoupled Language Pre-training},
  booktitle    = {Proceedings of the Advances in Neural Information Processing Systems},
  year         = {2023}
}

@inproceedings{CLIP,
  author       = {Alec Radford and
                  Jong Wook Kim and
                  Chris Hallacy and
                  Aditya Ramesh and
                  Gabriel Goh and
                  Sandhini Agarwal and
                  Girish Sastry and
                  Amanda Askell and
                  Pamela Mishkin and
                  Jack Clark and
                  Gretchen Krueger and
                  Ilya Sutskever},
  title        = {Learning Transferable Visual Models From Natural Language Supervision},
  booktitle    = {Proceedings of the 38th International Conference on Machine Learning},
  volume       = {139},
  pages        = {8748--8763},
  year         = {2021}
}

@inproceedings{FILIP,
  author       = {Lewei Yao and
                  Runhui Huang and
                  Lu Hou and
                  Guansong Lu and
                  Minzhe Niu and
                  Hang Xu and
                  Xiaodan Liang and
                  Zhenguo Li and
                  Xin Jiang and
                  Chunjing Xu},
  title        = {{FILIP:} Fine-grained Interactive Language-Image Pre-Training},
  booktitle    = {The 10th International Conference on Learning Representations},
  year         = {2022}
}


@inproceedings{G2MVLPNeurIPS2023,
  author       = {Zhongwei Wan and
                  Che Liu and
                  Mi Zhang and
                  Jie Fu and
                  Benyou Wang and
                  Sibo Cheng and
                  Lei Ma and
                  C{\'{e}}sar Quilodr{\'{a}}n Casas and
                  Rossella Arcucci},
  title        = {Med-UniC: Unifying Cross-Lingual Medical Vision-Language Pre-Training
                  by Diminishing Bias},
  booktitle    = {Proceedings of the Advances in Neural Information Processing Systems},
  year         = {2023}
}

@inproceedings{medicml2023,
  author       = {Alessandro Fontanella and
                  Antreas Antoniou and
                  Wenwen Li and
                  Joanna M. Wardlaw and
                  Grant Mair and
                  Emanuele Trucco and
                  Amos J. Storkey},
  title        = {{ACAT:} Adversarial Counterfactual Attention for Classification and
                  Detection in Medical Imaging},
  booktitle    = {Proceedings of the 40th International Conference on Machine Learning},
  volume       = {202},
  pages        = {10153--10169},
  year         = {2023}
}

@article{MPMA,
  author       = {Ke Zhang and
                  Yan Yang and
                  Jun Yu and
                  Hanliang Jiang and
                  Jianping Fan and
                  Qingming Huang and
                  Weidong Han},
  title        = {Multi-Task Paired Masking With Alignment Modeling for Medical Vision-Language
                  Pre-Training},
  journal      = {{IEEE} Trans. Multim.},
  volume       = {26},
  pages        = {4706--4721},
  year         = {2024}
}


@inproceedings{CLIPAAAI2024,
  author       = {Yuting Gao and
                  Jinfeng Liu and
                  Zihan Xu and
                  Tong Wu and
                  Enwei Zhang and
                  Ke Li and
                  Jie Yang and
                  Wei Liu and},
  title        = {SoftCLIP: Softer Cross-Modal Alignment Makes {CLIP} Stronger},
  booktitle    = {Proceedings of the 38th {AAAI} Conference on Artificial Intelligence},
  pages        = {1860--1868},
  year         = {2024}
}

@inproceedings{CLIPicml2024,
  author       = {Christian Schlarmann and Naman Deep Singh and Francesco Croce and Matthias Hein},
  title        = {Robust CLIP: Unsupervised Adversarial Fine-Tuning of Vision Embeddings for Robust Large Vision-Language Models},
  booktitle    = {Proceedings of the 41th International Conference on Machine Learning},
  year         = {2024}
}



@inproceedings{CLIPicml20242,
  author       = {Yunheng Li and
                  Zhongyu Li and
                  Quansheng Zeng and
                  Qibin Hou and
                  Ming{-}Ming Cheng},
  title        = {Cascade-CLIP: Cascaded Vision-Language Embeddings Alignment for Zero-Shot
                  Semantic Segmentation},
  booktitle    = {Proceedings of the 41th International Conference on Machine Learning},
  year         = {2024}
}

@inproceedings{CLIPicml20243,
  author       = {Wenhan Yang and
                  Jingdong Gao and
                  Baharan Mirzasoleiman},
  title        = {Better Safe than Sorry: Pre-training {CLIP} against Targeted Data
                  Poisoning and Backdoor Attacks},
  booktitle    = {Proceedings of the 41th International Conference on Machine Learning},
  year         = {2024}
}

@inproceedings{RWVLPicml2024,
  author       = {Ioana Bica and
                  Anastasija Ilic and
                  Matthias Bauer and
                  Goker Erdogan and
                  Matko Bosnjak and
                  Christos Kaplanis and
                  Alexey A. Gritsenko and
                  Matthias Minderer and
                  Charles Blundell and
                  Razvan Pascanu and
                  Jovana Mitrovic},
  title        = {Proceedings of the 41th International Conference on Machine Learning},
  year         = {2024}
}


@inproceedings{ConVIRT,
  author       = {Yuhao Zhang and
                  Hang Jiang and
                  Yasuhide Miura and
                  Christopher D. Manning and
                  Curtis P. Langlotz},
  title        = {Contrastive Learning of Medical Visual Representations from Paired
                  Images and Text},
  booktitle    = {Proceedings of the Machine Learning for Healthcare Conference},
  volume       = {182},
  pages        = {2--25},
  year         = {2022}
}

@article{REFERS,
  author       = {Hong{-}Yu Zhou and
                  Xiaoyu Chen and
                  Yinghao Zhang and
                  Ruibang Luo and
                  Liansheng Wang and
                  Yizhou Yu},
  title        = {Generalized radiograph representation learning via cross-supervision
                  between images and free-text radiology reports},
  journal      = {Nat. Mach. Intell.},
  volume       = {4},
  number       = {1},
  pages        = {32--40},
  year         = {2022}
}

@inproceedings{GLoRIA,
  author       = {Shih{-}Cheng Huang and
                  Liyue Shen and
                  Matthew P. Lungren and
                  Serena Yeung},
  title        = {GLoRIA: {A} Multimodal Global-Local Representation Learning Framework
                  for Label-efficient Medical Image Recognition},
  booktitle    = {Proceedings of the {IEEE/CVF} International Conference on Computer Vision},
  pages        = {3922--3931},
  year         = {2021}
}


@inproceedings{resnet50,
  author       = {Kaiming He and
                  Xiangyu Zhang and
                  Shaoqing Ren and
                  Jian Sun},
  title        = {Deep Residual Learning for Image Recognition},
  booktitle    = {Proceedings of the {IEEE} Conference on Computer Vision and Pattern Recognition},
  pages        = {770--778},
  year         = {2016}
}

@article{BioClinicalBERT,
  author       = {Emily Alsentzer and
                  John R. Murphy and
                  Willie Boag and
                  Wei{-}Hung Weng and
                  Di Jin and
                  Tristan Naumann and
                  Matthew B. A. McDermott},
  title        = {Publicly Available Clinical {BERT} Embeddings},
  journal      = {CoRR},
  volume       = {abs/1904.03323},
  year         = {2019}
}


