@misc{luo2024ptdsqlpartitioningtargeteddrilling,
      title={PTD-SQL: Partitioning and Targeted Drilling with LLMs in Text-to-SQL}, 
      author={Ruilin Luo and Liyuan Wang and Binghuai Lin and Zicheng Lin and Yujiu Yang},
      year={2024},
      eprint={2409.14082},
      archivePrefix={arXiv},
      primaryClass={cs.CL},
      url={https://arxiv.org/abs/2409.14082}, 
}