@article{Ribeiro2020SketchformerTR,
  title={Sketchformer: Transformer-Based Representation for Sketched Structure},
  author={Leo Sampaio Ferraz Ribeiro and Tu Bui and John P. Collomosse and Moacir Antonelli Ponti},
  journal={CVPR},
  year={2020},
}

@inproceedings{baldrati2022effective,
  title={Effective conditioned and composed image retrieval combining CLIP-based features},
  author={Baldrati, Alberto and Bertini, Marco and Uricchio, Tiberio and Del Bimbo, Alberto},
  booktitle={CVPR},
  year={2022}
}

@inproceedings{bhunia2020sketch,
  title={Sketch less for more: On-the-fly fine-grained sketch-based image retrieval},
  author={Bhunia, Ayan Kumar and Yang, Yongxin and Hospedales, Timothy M and Xiang, Tao and Song, Yi-Zhe},
  booktitle={CVPR},
  year={2020}
}

@inproceedings{bhunia2021vectorization,
  title={Vectorization and rasterization: Self-supervised learning for sketch and handwriting},
  author={Bhunia, Ayan Kumar and Chowdhury, Pinaki Nath and Yang, Yongxin and Hospedales, Timothy M and Xiang, Tao and Song, Yi-Zhe},
  booktitle={CVPR},
  year={2021}
}

@inproceedings{bhunia2022adaptive,
  title={Adaptive fine-grained sketch-based image retrieval},
  author={Bhunia, Ayan Kumar and Sain, Aneeshan and Shah, Parth Hiren and Gupta, Animesh and Chowdhury, Pinaki Nath and Xiang, Tao and Song, Yi-Zhe},
  booktitle={ECCV},
  year={2022},
}

@inproceedings{changpinyo2021telling,
  title={Telling the what while pointing to the where: Multimodal queries for image retrieval},
  author={Changpinyo, Soravit and Pont-Tuset, Jordi and Ferrari, Vittorio and Soricut, Radu},
  booktitle={ICCV},
  year={2021}
}

@inproceedings{chowdhury2022fs,
  title={FS-COCO: Towards understanding of freehand sketches of common objects in context},
  author={Chowdhury, Pinaki Nath and Sain, Aneeshan and Bhunia, Ayan Kumar and Xiang, Tao and Gryaditskaya, Yulia and Song, Yi-Zhe},
  booktitle={ECCV},
  year={2022},
}

@inproceedings{chowdhury2023scenetrilogy,
  title={SceneTrilogy: On Human Scene-Sketch and its Complementarity with Photo and Text},
  author={Chowdhury, Pinaki Nath and Bhunia, Ayan Kumar and Sain, Aneeshan and Koley, Subhadeep and Xiang, Tao and Song, Yi-Zhe},
  booktitle={CVPR},
  year={2023}
}

@inproceedings{collomosse2019livesketch,
  title={Livesketch: Query perturbations for guided sketch-based visual search},
  author={Collomosse, John and Bui, Tu and Jin, Hailin},
  booktitle={CVPR},
  year={2019}
}

@inproceedings{dey2019doodle,
  title={Doodle to search: Practical zero-shot sketch-based image retrieval},
  author={Dey, Sounak and Riba, Pau and Dutta, Anjan and Llados, Josep and Song, Yi-Zhe},
  booktitle={CVPR},
  year={2019}
}

@article{dodds2020modality,
  title={Modality-agnostic attention fusion for visual search with text feedback},
  author={Dodds, Eric and Culpepper, Jack and Herdade, Simao and Zhang, Yang and Boakye, Kofi},
  journal={arXiv preprint arXiv:2007.00145},
  year={2020}
}

@inproceedings{dutta2019semantically,
  title={Semantically tied paired cycle consistency for zero-shot sketch-based image retrieval},
  author={Dutta, Anjan and Akata, Zeynep},
  booktitle={CVPR},
  year={2019}
}

@article{eitz2012humans,
  title={How do humans sketch objects?},
  author={Eitz, Mathias and Hays, James and Alexa, Marc},
  journal={ACM Transactions on graphics (TOG)},
  year={2012},
}

@inproceedings{gomez2020location,
  title={Location sensitive image retrieval and tagging},
  author={Gomez, Raul and Gibert, Jaume and Gomez, Lluis and Karatzas, Dimosthenis},
  booktitle={ECCV},
  year={2020},
}

@article{guo2018dialog,
  title={Dialog-based interactive image retrieval},
  author={Guo, Xiaoxiao and Wu, Hui and Cheng, Yu and Rennie, Steven and Tesauro, Gerald and Feris, Rogerio},
  journal={NeurIPS},
  year={2018}
}

@inproceedings{han2017automatic,
  title={Automatic spatially-aware fashion concept discovery},
  author={Han, Xintong and Wu, Zuxuan and Huang, Phoenix X and Zhang, Xiao and Zhu, Menglong and Li, Yuan and Zhao, Yang and Davis, Larry S},
  booktitle={ICCV},
  year={2017}
}

@inproceedings{jia2021scaling,
  title={Scaling up visual and vision-language representation learning with noisy text supervision},
  author={Jia, Chao and Yang, Yinfei and Xia, Ye and Chen, Yi-Ting and Parekh, Zarana and Pham, Hieu and Le, Quoc and Sung, Yun-Hsuan and Li, Zhen and Duerig, Tom},
  booktitle={ICML},
  year={2021},
}

@inproceedings{kim2021vilt,
  title={Vilt: Vision-and-language transformer without convolution or region supervision},
  author={Kim, Wonjae and Son, Bokyung and Kim, Ildoo},
  booktitle={ICML},
  year={2021},
}

@inproceedings{kovashka2012whittlesearch,
  title={Whittlesearch: Image search with relative attribute feedback},
  author={Kovashka, Adriana and Parikh, Devi and Grauman, Kristen},
  booktitle={CVPR},
  year={2012},
}

@inproceedings{lee2018stacked,
  title={Stacked cross attention for image-text matching},
  author={Lee, Kuang-Huei and Chen, Xi and Hua, Gang and Hu, Houdong and He, Xiaodong},
  booktitle={ECCV},
  year={2018}
}

@inproceedings{li2019visualbert,
    title = "What Does {BERT} with Vision Look At?",
    author = "Li, Liunian Harold  and
      Yatskar, Mark  and
      Yin, Da  and
      Hsieh, Cho-Jui  and
      Chang, Kai-Wei",
    year = "2020",
    booktitle = "ACL",
}

@inproceedings{li2020oscar,
  title={Oscar: Object-semantics aligned pre-training for vision-language tasks},
  author={Li, Xiujun and Yin, Xi and Li, Chunyuan and Zhang, Pengchuan and Hu, Xiaowei and Zhang, Lei and Wang, Lijuan and Hu, Houdong and Dong, Li and Wei, Furu and others},
  booktitle={ECCV},
  year={2020},
}

@inproceedings{lin2014microsoft,
  title={Microsoft coco: Common objects in context},
  author={Lin, Tsung-Yi and Maire, Michael and Belongie, Serge and Hays, James and Perona, Pietro and Ramanan, Deva and Doll{\'a}r, Piotr and Zitnick, C Lawrence},
  booktitle={ECCV},
  year={2014},
}

@inproceedings{ling2022conditional,
  title={Conditional Stroke Recovery for Fine-Grained Sketch-Based Image Retrieval},
  author={Ling, Zhixin and Xing, Zhen and Zhou, Jian and Zhou, Xiangdong},
  booktitle={ECCV},
  year={2022},
}

@inproceedings{liu2017deep,
  title={Deep sketch hashing: Fast free-hand sketch-based image retrieval},
  author={Liu, Li and Shen, Fumin and Shen, Yuming and Liu, Xianglong and Shao, Ling},
  booktitle={CVPR},
  year={2017}
}

@inproceedings{liu2020scenesketcher,
  title={Scenesketcher: Fine-grained image retrieval with scene sketches},
  author={Liu, Fang and Zou, Changqing and Deng, Xiaoming and Zuo, Ran and Lai, Yu-Kun and Ma, Cuixia and Liu, Yong-Jin and Wang, Hongan},
  booktitle={ECCV},
  year={2020},
}

@inproceedings{nakatsuka2023content,
  title={Content-Based Music-Image Retrieval Using Self-and Cross-Modal Feature Embedding Memory},
  author={Nakatsuka, Takayuki and Hamasaki, Masahiro and Goto, Masataka},
  booktitle={WACV},
  year={2023}
}

@inproceedings{pandey2020stacked,
  title={Stacked adversarial network for zero-shot sketch based image retrieval},
  author={Pandey, Anubha and Mishra, Ashish and Verma, Vinay Kumar and Mittal, Anurag and Murthy, Hema},
  booktitle={WACV},
  year={2020}
}

@inproceedings{pang2017cross,
  title={Cross-domain Generative Learning for Fine-Grained Sketch-Based Image Retrieval.},
  author={Pang, Kaiyue and Song, Yi-Zhe and Xiang, Tony and Hospedales, Timothy M},
  booktitle={BMVC},
  year={2017}
}

@inproceedings{pang2019generalising,
  title={Generalising fine-grained sketch-based image retrieval},
  author={Pang, Kaiyue and Li, Ke and Yang, Yongxin and Zhang, Honggang and Hospedales, Timothy M and Xiang, Tao and Song, Yi-Zhe},
  booktitle={CVPR},
  year={2019}
}

@inproceedings{pont2020connecting,
  title={Connecting vision and language with localized narratives},
  author={Pont-Tuset, Jordi and Uijlings, Jasper and Changpinyo, Soravit and Soricut, Radu and Ferrari, Vittorio},
  booktitle={ECCV},
  year={2020},
}

@inproceedings{radford2021learning,
  title={Learning transferable visual models from natural language supervision},
  author={Radford, Alec and Kim, Jong Wook and Hallacy, Chris and Ramesh, Aditya and Goh, Gabriel and Agarwal, Sandhini and Sastry, Girish and Askell, Amanda and Mishkin, Pamela and Clark, Jack and others},
  booktitle={ICML},
  year={2021},
}

@inproceedings{sain2021stylemeup,
  title={Stylemeup: Towards style-agnostic sketch-based image retrieval},
  author={Sain, Aneeshan and Bhunia, Ayan Kumar and Yang, Yongxin and Xiang, Tao and Song, Yi-Zhe},
  booktitle={CVPR},
  year={2021}
}

@inproceedings{sain2022sketch3t,
  title={Sketch3t: Test-time training for zero-shot sbir},
  author={Sain, Aneeshan and Bhunia, Ayan Kumar and Potlapalli, Vaishnav and Chowdhury, Pinaki Nath and Xiang, Tao and Song, Yi-Zhe},
  booktitle={CVPR},
  year={2022}
}

@inproceedings{sangkloy2022sketch,
  title={A Sketch is Worth a Thousand Words: Image Retrieval with Text and Sketch},
  author={Sangkloy, Patsorn and Jitkrittum, Wittawat and Yang, Diyi and Hays, James},
  booktitle={ECCV},
  year={2022},
}

@inproceedings{song2017deep,
  title={Deep spatial-semantic attention for fine-grained sketch-based image retrieval},
  author={Song, Jifei and Yu, Qian and Song, Yi-Zhe and Xiang, Tao and Hospedales, Timothy M},
  booktitle={ICCV},
  year={2017}
}

@inproceedings{song2017fine,
  title={Fine-Grained Image Retrieval: the Text/Sketch Input Dilemma.},
  author={Song, Jifei and Song, Yi-Zhe and Xiang, Tony and Hospedales, Timothy M},
  booktitle={BMVC},
  year={2017}
}

@inproceedings{song2023boosting,
  title={Boosting vision transformers for image retrieval},
  author={Song, Chull Hwan and Yoon, Jooyoung and Choi, Shunghyun and Avrithis, Yannis},
  booktitle={WACV},
  year={2023}
}

@inproceedings{sun2012sketch2tag,
  title={Sketch2Tag: automatic hand-drawn sketch recognition},
  author={Sun, Zhenbang and Wang, Changhu and Zhang, Liqing and Zhang, Lei},
  booktitle={ACM-MM},
  year={2012}
}

@inproceedings{tian2023fashion,
  title={Fashion Image Retrieval With Text Feedback by Additive Attention Compositional Learning},
  author={Tian, Yuxin and Newsam, Shawn and Boakye, Kofi},
  booktitle={WACV},
  year={2023}
}

@article{vaswani2017attention,
  title={Attention is all you need},
  author={Vaswani, Ashish and Shazeer, Noam and Parmar, Niki and Uszkoreit, Jakob and Jones, Llion and Gomez, Aidan N and Kaiser, {\L}ukasz and Polosukhin, Illia},
  journal={NeurIPS},
  year={2017}
}

@inproceedings{vo2019composing,
  title={Composing text and image for image retrieval-an empirical odyssey},
  author={Vo, Nam and Jiang, Lu and Sun, Chen and Murphy, Kevin and Li, Li-Jia and Fei-Fei, Li and Hays, James},
  booktitle={CVPR},
  year={2019}
}

@article{young2014image,
  title={From image descriptions to visual denotations: New similarity metrics for semantic inference over event descriptions},
  author={Young, Peter and Lai, Alice and Hodosh, Micah and Hockenmaier, Julia},
  journal={TACL},
  year={2014},
}

@inproceedings{yu2016sketch,
  title={Sketch Me That Shoe},
  author={Yu, Qian and Liu, Feng and Song, Yi-Zhe and Xiang, Tao and Hospedales, Timothy M and Loy, Chen-Change},
  booktitle={CVPR},
  year={2016}
}

@inproceedings{zhang2020context,
  title={Context-aware attention network for image-text retrieval},
  author={Zhang, Qi and Lei, Zhen and Zhang, Zhaoxiang and Li, Stan Z},
  booktitle={CVPR},
  year={2020}
}

@article{zhou2017recent,
  title={Recent advance in content-based image retrieval: A literature survey},
  author={Zhou, Wengang and Li, Houqiang and Tian, Qi},
  journal={arXiv preprint arXiv:1706.06064},
  year={2017}
}

