@inproceedings{cogsci22,
  title={From Images to Symbols: Drawing as a Window into the Mind},
  author={Mukherjee, Kushin and Huey, Holly and Rogers, Timothy T and Fan, Judith E},
  booktitle={Annual Meeting of the Cognitive Science Society},
  year={2022}
}

% ViLT
@inproceedings{kim2021vilt,
  title={Vilt: Vision-and-language transformer without convolution or region supervision},
  author={Kim, Wonjae and Son, Bokyung and Kim, Ildoo},
  booktitle={ICML},
  year={2021},
}
@inproceedings{li2019visualbert,
    title = "What Does {BERT} with Vision Look At?",
    author = "Li, Liunian Harold  and
      Yatskar, Mark  and
      Yin, Da  and
      Hsieh, Cho-Jui  and
      Chang, Kai-Wei",
    year = "2020",
    booktitle = "ACL",
}


@article{oord2018infonce,
 author = {Oord, Aaron van den and Li, Yazhe and Vinyals, Oriol},
 journal = {arXiv preprint arXiv:1807.03748},
 title = {Representation learning with contrastive predictive coding},
 year = {2018}
}

@inproceedings{radford2021learning,
  title={Learning transferable visual models from natural language supervision},
  author={Radford, Alec and Kim, Jong Wook and Hallacy, Chris and Ramesh, Aditya and Goh, Gabriel and Agarwal, Sandhini and Sastry, Girish and Askell, Amanda and Mishkin, Pamela and Clark, Jack and others},
  booktitle={ICML},
  year={2021},
}

@inproceedings{vo2019composing,
  title={Composing text and image for image retrieval-an empirical odyssey},
  author={Vo, Nam and Jiang, Lu and Sun, Chen and Murphy, Kevin and Li, Li-Jia and Fei-Fei, Li and Hays, James},
  booktitle={CVPR},
  year={2019}
}

@inproceedings{yu2016sketch,
  title={Sketch Me That Shoe},
  author={Yu, Qian and Liu, Feng and Song, Yi-Zhe and Xiang, Tao and Hospedales, Timothy M and Loy, Chen-Change},
  booktitle={CVPR},
  year={2016}
}

@inproceedings{dey2019doodle,
  title={Doodle to search: Practical zero-shot sketch-based image retrieval},
  author={Dey, Sounak and Riba, Pau and Dutta, Anjan and Llados, Josep and Song, Yi-Zhe},
  booktitle={CVPR},
  year={2019}
}

@inproceedings{sharma2018conceptual,
  title={Conceptual captions: A cleaned, hypernymed, image alt-text dataset for automatic image captioning},
  author={Sharma, Piyush and Ding, Nan and Goodman, Sebastian and Soricut, Radu},
  booktitle={ACL},
  year={2018}
}

%ZS-SBIR
@inproceedings{pandey2020stacked,
  title={Stacked adversarial network for zero-shot sketch based image retrieval},
  author={Pandey, Anubha and Mishra, Ashish and Verma, Vinay Kumar and Mittal, Anurag and Murthy, Hema},
  booktitle={WACV},
  year={2020}
}

%ZS-SBIR
@inproceedings{dutta2019semantically,
  title={Semantically tied paired cycle consistency for zero-shot sketch-based image retrieval},
  author={Dutta, Anjan and Akata, Zeynep},
  booktitle={CVPR},
  year={2019}
}

%FG-SBIR
@inproceedings{pang2019generalising,
  title={Generalising fine-grained sketch-based image retrieval},
  author={Pang, Kaiyue and Li, Ke and Yang, Yongxin and Zhang, Honggang and Hospedales, Timothy M and Xiang, Tao and Song, Yi-Zhe},
  booktitle={CVPR},
  year={2019}
}

%FG-SBIR
@inproceedings{song2017deep,
  title={Deep spatial-semantic attention for fine-grained sketch-based image retrieval},
  author={Song, Jifei and Yu, Qian and Song, Yi-Zhe and Xiang, Tao and Hospedales, Timothy M},
  booktitle={ICCV},
  year={2017}
}

%FG-SBIR
@inproceedings{pang2017cross,
  title={Cross-domain Generative Learning for Fine-Grained Sketch-Based Image Retrieval.},
  author={Pang, Kaiyue and Song, Yi-Zhe and Xiang, Tony and Hospedales, Timothy M},
  booktitle={BMVC},
  year={2017}
}

%Reinforcement Learning SBIR
@inproceedings{bhunia2020sketch,
  title={Sketch less for more: On-the-fly fine-grained sketch-based image retrieval},
  author={Bhunia, Ayan Kumar and Yang, Yongxin and Hospedales, Timothy M and Xiang, Tao and Song, Yi-Zhe},
  booktitle={CVPR},
  year={2020}
}

%SBIR
@inproceedings{bhunia2022sketching,
  title={Sketching without worrying: Noise-tolerant sketch-based image retrieval},
  author={Bhunia, Ayan Kumar and Koley, Subhadeep and Khilji, Abdullah Faiz Ur Rahman and Sain, Aneeshan and Chowdhury, Pinaki Nath and Xiang, Tao and Song, Yi-Zhe},
  booktitle={CVPR},
  year={2022}
}

%SBIR + Triplet Loss + Siamese network
@inproceedings{collomosse2019livesketch,
  title={Livesketch: Query perturbations for guided sketch-based visual search},
  author={Collomosse, John and Bui, Tu and Jin, Hailin},
  booktitle={CVPR},
  year={2019}
}

%Category-Level SBIR
@inproceedings{sain2021stylemeup,
  title={Stylemeup: Towards style-agnostic sketch-based image retrieval},
  author={Sain, Aneeshan and Bhunia, Ayan Kumar and Yang, Yongxin and Xiang, Tao and Song, Yi-Zhe},
  booktitle={CVPR},
  year={2021}
}

%Category-Level SBIR
@inproceedings{bhunia2021vectorization,
  title={Vectorization and rasterization: Self-supervised learning for sketch and handwriting},
  author={Bhunia, Ayan Kumar and Chowdhury, Pinaki Nath and Yang, Yongxin and Hospedales, Timothy M and Xiang, Tao and Song, Yi-Zhe},
  booktitle={CVPR},
  year={2021}
}

%Category-Level SBIR
@inproceedings{sain2022sketch3t,
  title={Sketch3t: Test-time training for zero-shot sbir},
  author={Sain, Aneeshan and Bhunia, Ayan Kumar and Potlapalli, Vaishnav and Chowdhury, Pinaki Nath and Xiang, Tao and Song, Yi-Zhe},
  booktitle={CVPR},
  year={2022}
}

%FG_SBIR
@inproceedings{bhunia2022adaptive,
  title={Adaptive fine-grained sketch-based image retrieval},
  author={Bhunia, Ayan Kumar and Sain, Aneeshan and Shah, Parth Hiren and Gupta, Animesh and Chowdhury, Pinaki Nath and Xiang, Tao and Song, Yi-Zhe},
  booktitle={ECCV},
  year={2022},
}
%Stroke FG-SBIR
@inproceedings{ling2022conditional,
  title={Conditional Stroke Recovery for Fine-Grained Sketch-Based Image Retrieval},
  author={Ling, Zhixin and Xing, Zhen and Zhou, Jian and Zhou, Xiangdong},
  booktitle={ECCV},
  year={2022},
}

%FG-SBIR
@inproceedings{liu2020scenesketcher,
  title={Scenesketcher: Fine-grained image retrieval with scene sketches},
  author={Liu, Fang and Zou, Changqing and Deng, Xiaoming and Zuo, Ran and Lai, Yu-Kun and Ma, Cuixia and Liu, Yong-Jin and Wang, Hongan},
  booktitle={ECCV},
  year={2020},
}

%Cross modal hashing framework 
@inproceedings{liu2017deep,
  title={Deep sketch hashing: Fast free-hand sketch-based image retrieval},
  author={Liu, Li and Shen, Fumin and Shen, Yuming and Liu, Xianglong and Shao, Ling},
  booktitle={CVPR},
  year={2017}
}

%Cross modal hashing framework 
@inproceedings{zhang2018generative,
  title={Generative domain-migration hashing for sketch-to-image retrieval},
  author={Zhang, Jingyi and Shen, Fumin and Liu, Li and Zhu, Fan and Yu, Mengyang and Shao, Ling and Shen, Heng Tao and Van Gool, Luc},
  booktitle={ECCV},
  year={2018}
}

%TBIR_crossAttention
@inproceedings{zhang2020context,
  title={Context-aware attention network for image-text retrieval},
  author={Zhang, Qi and Lei, Zhen and Zhang, Zhaoxiang and Li, Stan Z},
  booktitle={CVPR},
  year={2020}
}

%TBIR_crossAttention
@inproceedings{lee2018stacked,
  title={Stacked cross attention for image-text matching},
  author={Lee, Kuang-Huei and Chen, Xi and Hua, Gang and Hu, Houdong and He, Xiaodong},
  booktitle={ECCV},
  year={2018}
}

%TBIR_OSCAR 
@inproceedings{li2020oscar,
  title={Oscar: Object-semantics aligned pre-training for vision-language tasks},
  author={Li, Xiujun and Yin, Xi and Li, Chunyuan and Zhang, Pengchuan and Hu, Xiaowei and Zhang, Lei and Wang, Lijuan and Hu, Houdong and Dong, Li and Wei, Furu and others},
  booktitle={ECCV},
  year={2020},
}

%TBIR_ALIGN
@inproceedings{jia2021scaling,
  title={Scaling up visual and vision-language representation learning with noisy text supervision},
  author={Jia, Chao and Yang, Yinfei and Xia, Ye and Chen, Yi-Ting and Parekh, Zarana and Pham, Hieu and Le, Quoc and Sung, Yun-Hsuan and Li, Zhen and Duerig, Tom},
  booktitle={ICML},
  year={2021},
}

%TaskFormer 
@inproceedings{sangkloy2022sketch,
  title={A Sketch is Worth a Thousand Words: Image Retrieval with Text and Sketch},
  author={Sangkloy, Patsorn and Jitkrittum, Wittawat and Yang, Diyi and Hays, James},
  booktitle={ECCV},
  year={2022},
}

%MMQBIR
@inproceedings{changpinyo2021telling,
  title={Telling the what while pointing to the where: Multimodal queries for image retrieval},
  author={Changpinyo, Soravit and Pont-Tuset, Jordi and Ferrari, Vittorio and Soricut, Radu},
  booktitle={ICCV},
  year={2021}
}

%commonToAll
@article{zhou2017recent,
  title={Recent advance in content-based image retrieval: A literature survey},
  author={Zhou, Wengang and Li, Houqiang and Tian, Qi},
  journal={arXiv preprint arXiv:1706.06064},
  year={2017}
}

%oldTechniques_CSBIR
@article{kiros2014unifying,
  title={Unifying visual-semantic embeddings with multimodal neural language models},
  author={Kiros, Ryan and Salakhutdinov, Ruslan and Zemel, Richard S},
  journal={arXiv preprint arXiv:1411.2539},
  year={2014}
}

%oldTechniques_CSBIR
@inproceedings{karpathy2015deep,
  title={Deep visual-semantic alignments for generating image descriptions},
  author={Karpathy, Andrej and Fei-Fei, Li},
  booktitle={CVPR},
  year={2015}
}

%oldTechniques_CSBIR
@inproceedings{zhang2018deep,
  title={Deep cross-modal projection learning for image-text matching},
  author={Zhang, Ying and Lu, Huchuan},
  booktitle={ECCV},
  year={2018}
}

%oldTechniques_CSBIR
@inproceedings{faghri2017vse++,
  title={VSE++: Improving Visual-Semantic Embeddings with Hard Negatives},
  author={Fartash Faghri and David J. Fleet and Jamie Ryan Kiros and Sanja Fidler},
  booktitle={BMVC},
  year={2017},
}

%oldTechniques_CSBIR
@inproceedings{ma2015multimodal,
  title={Multimodal convolutional neural networks for matching image and sentence},
  author={Ma, Lin and Lu, Zhengdong and Shang, Lifeng and Li, Hang},
  booktitle={ICCV},
  year={2015}
}

%oldTechniques_CSBIR
@inproceedings{klein2015associating,
  title={Associating neural word embeddings with deep image representations using fisher vectors},
  author={Klein, Benjamin and Lev, Guy and Sadeh, Gil and Wolf, Lior},
  booktitle={CVPR},
  year={2015}
}

%transformers_SBIR
@inproceedings{li2020unicoder,
  title={Unicoder-vl: A universal encoder for vision and language by cross-modal pre-training},
  author={Li, Gen and Duan, Nan and Fang, Yuejian and Gong, Ming and Jiang, Daxin},
  booktitle={AAAI},
  year={2020}
}

%transformers_SBIR
@inproceedings{chen2020uniter,
  title={Uniter: Universal image-text representation learning},
  author={Chen, Yen-Chun and Li, Linjie and Yu, Licheng and El Kholy, Ahmed and Ahmed, Faisal and Gan, Zhe and Cheng, Yu and Liu, Jingjing},
  booktitle={ECCV},
  year={2020},
}

%transformers_SBIR
@inproceedings{messina2021transformer,
  title={Transformer reasoning network for image-text matching and retrieval},
  author={Messina, Nicola and Falchi, Fabrizio and Esuli, Andrea and Amato, Giuseppe},
  booktitle={ICPR},
  year={2021},
}
%transformers_SBIR
@article{messina2021fine,
  title={Fine-grained visual textual alignment for cross-modal retrieval using transformer encoders},
  author={Messina, Nicola and Amato, Giuseppe and Esuli, Andrea and Falchi, Fabrizio and Gennaro, Claudio and Marchand-Maillet, St{\'e}phane},
  journal={TOMM},
  year={2021},
}

%CSBIR
@inproceedings{liu2022ts2,
  title={Ts2-net: Token shift and selection transformer for text-video retrieval},
  author={Liu, Yuqi and Xiong, Pengfei and Xu, Luhui and Cao, Shengming and Jin, Qin},
  booktitle={ECCV},
  year={2022},
}

%csbir
@inproceedings{han2017automatic,
  title={Automatic spatially-aware fashion concept discovery},
  author={Han, Xintong and Wu, Zuxuan and Huang, Phoenix X and Zhang, Xiao and Zhu, Menglong and Li, Yuan and Zhao, Yang and Davis, Larry S},
  booktitle={ICCV},
  year={2017}
}

@article{vaswani2017attention,
  title={Attention is all you need},
  author={Vaswani, Ashish and Shazeer, Noam and Parmar, Niki and Uszkoreit, Jakob and Jones, Llion and Gomez, Aidan N and Kaiser, {\L}ukasz and Polosukhin, Illia},
  journal={NeurIPS},
  year={2017}
}

%csbir
@inproceedings{kovashka2012whittlesearch,
  title={Whittlesearch: Image search with relative attribute feedback},
  author={Kovashka, Adriana and Parikh, Devi and Grauman, Kristen},
  booktitle={CVPR},
  year={2012},
}

@inproceedings{dosovitskiy2020image,
  author= {Alexey Dosovitskiy and
                  Lucas Beyer and
                  Alexander Kolesnikov and
                  Dirk Weissenborn and
                  Xiaohua Zhai and
                  Thomas Unterthiner and
                  Mostafa Dehghani and
                  Matthias Minderer and
                  Georg Heigold and
                  Sylvain Gelly and
                  Jakob Uszkoreit and
                  Neil Houlsby},
  title={An Image is Worth 16x16 Words: Transformers for Image Recognition at Scale},
  booktitle={ICLR},
  year={2021},
}

%csbir
@inproceedings{siddiquie2011image,
  title={Image ranking and retrieval based on multi-attribute queries},
  author={Siddiquie, Behjat and Feris, Rogerio S and Davis, Larry S},
  booktitle={CVPR},
  year={2011},
}

%csbir
@article{guo2018dialog,
  title={Dialog-based interactive image retrieval},
  author={Guo, Xiaoxiao and Wu, Hui and Cheng, Yu and Rennie, Steven and Tesauro, Gerald and Feris, Rogerio},
  journal={NeurIPS},
  year={2018}
}

%Sketch2tag
@inproceedings{sun2012sketch2tag,
  title={Sketch2Tag: automatic hand-drawn sketch recognition},
  author={Sun, Zhenbang and Wang, Changhu and Zhang, Liqing and Zhang, Lei},
  booktitle={ACM-MM},
  year={2012}
}

%sketch2photo
@article{chen2009sketch2photo,
  title={Sketch2photo: Internet image montage},
  author={Chen, Tao and Cheng, Ming-Ming and Tan, Ping and Shamir, Ariel and Hu, Shi-Min},
  journal={ACM transactions on graphics (TOG)},
  year={2009},
}

%IR(Related W0rk)
@inproceedings{gomez2020location,
  title={Location sensitive image retrieval and tagging},
  author={Gomez, Raul and Gibert, Jaume and Gomez, Lluis and Karatzas, Dimosthenis},
  booktitle={ECCV},
  year={2020},
}

%bmvc2017
@inproceedings{song2017fine,
  title={Fine-Grained Image Retrieval: the Text/Sketch Input Dilemma.},
  author={Song, Jifei and Song, Yi-Zhe and Xiang, Tony and Hospedales, Timothy M},
  booktitle={BMVC},
  year={2017}
}

@inproceedings{pont2020connecting,
  title={Connecting vision and language with localized narratives},
  author={Pont-Tuset, Jordi and Uijlings, Jasper and Changpinyo, Soravit and Soricut, Radu and Ferrari, Vittorio},
  booktitle={ECCV},
  year={2020},
}

@inproceedings{kingma2015adam,
  author    = {Diederik P. Kingma and
               Jimmy Ba},
  title     = {Adam: {A} Method for Stochastic Optimization},
  booktitle = {ICLR},
  year      = {2015},
}

@inproceedings{redmon2016you,
  title={You only look once: Unified, real-time object detection},
  author={Redmon, Joseph and Divvala, Santosh and Girshick, Ross and Farhadi, Ali},
  booktitle={CVPR},
  year={2016}
}

%transformerCarchitecture(Related Works)
@inproceedings{song2023boosting,
  title={Boosting vision transformers for image retrieval},
  author={Song, Chull Hwan and Yoon, Jooyoung and Choi, Shunghyun and Avrithis, Yannis},
  booktitle={WACV},
  year={2023}
}
%transformerCarchitecture(Related Works)
@inproceedings{baldrati2022effective,
  title={Effective conditioned and composed image retrieval combining CLIP-based features},
  author={Baldrati, Alberto and Bertini, Marco and Uricchio, Tiberio and Del Bimbo, Alberto},
  booktitle={CVPR},
  year={2022}
}

%RelatedWorks
@inproceedings{nakatsuka2023content,
  title={Content-Based Music-Image Retrieval Using Self-and Cross-Modal Feature Embedding Memory},
  author={Nakatsuka, Takayuki and Hamasaki, Masahiro and Goto, Masataka},
  booktitle={WACV},
  year={2023}
}

% ImageNet 21K
@inproceedings{ridnik2021imagenet21k,
  author    = {Tal Ridnik and
               Emanuel Ben Baruch and
               Asaf Noy and
               Lihi Zelnik},
  title     = {ImageNet-21K Pretraining for the Masses},
  booktitle = {NeurIPS Track on Datasets and Benchmarks},
  year      = {2021},
}
%VisualGenome
@article{krishna2017visual,
  title={Visual genome: Connecting language and vision using crowdsourced dense image annotations},
  author={Krishna, Ranjay and Zhu, Yuke and Groth, Oliver and Johnson, Justin and Hata, Kenji and Kravitz, Joshua and Chen, Stephanie and Kalantidis, Yannis and Li, Li-Jia and Shamma, David A and others},
  journal={IJCV},
  year={2017},
}

%Quickdraw
@inproceedings{ha2017neural,
  author={David Ha and Douglas Eck},
  title={A Neural Representation of Sketch Drawings},
  booktitle={ICLR},
  year={2018},
}

%RelatedWorks
@inproceedings{tian2023fashion,
  title={Fashion Image Retrieval With Text Feedback by Additive Attention Compositional Learning},
  author={Tian, Yuxin and Newsam, Shawn and Boakye, Kofi},
  booktitle={WACV},
  year={2023}
}

% Related Works
@article{dodds2020modality,
  title={Modality-agnostic attention fusion for visual search with text feedback},
  author={Dodds, Eric and Culpepper, Jack and Herdade, Simao and Zhang, Yang and Boakye, Kofi},
  journal={arXiv preprint arXiv:2007.00145},
  year={2020}
}

%MSCOCO
@inproceedings{lin2014microsoft,
  title={Microsoft coco: Common objects in context},
  author={Lin, Tsung-Yi and Maire, Michael and Belongie, Serge and Hays, James and Perona, Pietro and Ramanan, Deva and Doll{\'a}r, Piotr and Zitnick, C Lawrence},
  booktitle={ECCV},
  year={2014},
}

%Flickr-30k
@article{young2014image,
  title={From image descriptions to visual denotations: New similarity metrics for semantic inference over event descriptions},
  author={Young, Peter and Lai, Alice and Hodosh, Micah and Hockenmaier, Julia},
  journal={TACL},
  year={2014},
}

%TU-Berlin
@article{eitz2012humans,
  title={How do humans sketch objects?},
  author={Eitz, Mathias and Hays, James and Alexa, Marc},
  journal={ACM Transactions on graphics (TOG)},
  year={2012},
}

% pix2pix
@inproceedings{isola2017image,
  title={Image-to-image translation with conditional adversarial networks},
  author={Isola, Phillip and Zhu, Jun-Yan and Zhou, Tinghui and Efros, Alexei A},
  booktitle={CVPR},
  year={2017}
}

% ResNet
@article{he2015deep,
  title={Deep Residual Learning for Image Recognition},
  author={Kaiming He and X. Zhang and Shaoqing Ren and Jian Sun},
  journal={CVPR},
  year={2015},
}

% DICE loss
@inproceedings{sudre2017generalised,
  title={Generalised dice overlap as a deep learning loss function for highly unbalanced segmentations},
  author={Sudre, Carole H and Li, Wenqi and Vercauteren, Tom and Ourselin, Sebastien and Jorge Cardoso, M},
  booktitle={DLMIA/ML-CDS@MICCAI},
  year={2017},
}

% NLTK
@book{bird2009natural,
  title={Natural language processing with Python: analyzing text with the natural language toolkit},
  author={Bird, Steven and Klein, Ewan and Loper, Edward},
  year={2009},
  publisher={"O'Reilly Media, Inc."}
}

% HuggingFace
@article{wolf2019huggingface,
  title={Huggingface's transformers: State-of-the-art natural language processing},
  author={Wolf, Thomas and Debut, Lysandre and Sanh, Victor and Chaumond, Julien and Delangue, Clement and Moi, Anthony and Cistac, Pierric and Rault, Tim and Louf, R{\'e}mi and Funtowicz, Morgan and others},
  journal={arXiv preprint arXiv:1910.03771},
  year={2019}
}

% Scene-Trilogy
@inproceedings{chowdhury2023scenetrilogy,
  title={SceneTrilogy: On Human Scene-Sketch and its Complementarity with Photo and Text},
  author={Chowdhury, Pinaki Nath and Bhunia, Ayan Kumar and Sain, Aneeshan and Koley, Subhadeep and Xiang, Tao and Song, Yi-Zhe},
  booktitle={CVPR},
  year={2023}
}

% FS-COCO
@inproceedings{chowdhury2022fs,
  title={FS-COCO: Towards understanding of freehand sketches of common objects in context},
  author={Chowdhury, Pinaki Nath and Sain, Aneeshan and Bhunia, Ayan Kumar and Xiang, Tao and Gryaditskaya, Yulia and Song, Yi-Zhe},
  booktitle={ECCV},
  year={2022},
}

% What can sketch do for object detection?
@inproceedings{chowdhury2023can,
  title={What Can Human Sketches Do for Object Detection?},
  author={Chowdhury, Pinaki Nath and Bhunia, Ayan Kumar and Sain, Aneeshan and Koley, Subhadeep and Xiang, Tao and Song, Yi-Zhe},
  booktitle={CVPR},
  year={2023}
}

% Sketch-guided Object Localization (Tripathy et al)
@inproceedings{tripathi2020sketch,
  title={Sketch-guided object localization in natural images},
  author={Tripathi, Aditay and Dani, Rajath R and Mishra, Anand and Chakraborty, Anirban},
  booktitle={ECCV},
  year={2020},
}

@inproceedings{li2019photo,
  title={Photo-sketching: Inferring contour drawings from images},
  author={Li, Mengtian and Lin, Zhe and Mech, Radomir and Yumer, Ersin and Ramanan, Deva},
  booktitle={WACV},
  year={2019},
}

% Sketch+Text to Object Detection
@article{tripathi2023multimodal,
  title={Multimodal query-guided object localization},
  author={Tripathi, Aditay and Dani, Rajath R and Mishra, Anand and Chakraborty, Anirban},
  journal={Multimedia Tools and Applications},
  year={2023},
}

@article{Ribeiro2020SketchformerTR,
  title={Sketchformer: Transformer-Based Representation for Sketched Structure},
  author={Leo Sampaio Ferraz Ribeiro and Tu Bui and John P. Collomosse and Moacir Antonelli Ponti},
  journal={CVPR},
  year={2020},
}