@InProceedings{Sharma_2024_CVPR,
    author    = {Sharma, Vanshali and Kumar, Abhishek and Jha, Debesh and Bhuyan, M.K. and Das, Pradip K. and Bagci, Ulas},
    title     = {ControlPolypNet: Towards Controlled Colon Polyp Synthesis for Improved Polyp Segmentation},
    booktitle = {Proceedings of the IEEE/CVF Conference on Computer Vision and Pattern Recognition (CVPR) Workshops},
    month     = {June},
    year      = {2024},
    pages     = {2325-2334}
}

@article{dhariwal2021diffusion,
  title={Diffusion models beat gans on image synthesis},
  author={Dhariwal, Prafulla and Nichol, Alexander},
  journal={Advances in neural information processing systems},
  volume={34},
  pages={8780--8794},
  year={2021}
}

@inproceedings{du2023arsdm,
  title={ArSDM: colonoscopy images synthesis with adaptive refinement semantic diffusion models},
  author={Du, Yuhao and Jiang, Yuncheng and Tan, Shuangyi and Wu, Xusheng and Dou, Qi and Li, Zhen and Li, Guanbin and Wan, Xiang},
  booktitle={International conference on medical image computing and computer-assisted intervention},
  pages={339--349},
  year={2023},
  organization={Springer}
}

@article{frid2018gan,
  title={GAN-based synthetic medical image augmentation for increased CNN performance in liver lesion classification},
  author={Frid-Adar, Maayan and Diamant, Idit and Klang, Eyal and Amitai, Michal and Goldberger, Jacob and Greenspan, Hayit},
  journal={Neurocomputing},
  volume={321},
  pages={321--331},
  year={2018},
  publisher={Elsevier}
}

@inproceedings{he2021colonoscopic,
  title={Colonoscopic image synthesis for polyp detector enhancement via gan and adversarial training},
  author={He, Fan and Chen, Sizhe and Li, Shuaiyi and Zhou, Lu and Zhang, Haiqin and Peng, Haixia and Huang, Xiaolin},
  booktitle={2021 IEEE 18th International Symposium on Biomedical Imaging (ISBI)},
  pages={1887--1891},
  year={2021},
  organization={IEEE}
}

@inproceedings{machavcek2023mask,
  title={Mask-conditioned latent diffusion for generating gastrointestinal polyp images},
  author={Mach{\'a}{\v{c}}ek, Roman and Mozaffari, Leila and Sepasdar, Zahra and Parasa, Sravanthi and Halvorsen, P{\aa}l and Riegler, Michael A and Thambawita, Vajira},
  booktitle={Proceedings of the 4th ACM Workshop on Intelligent Cross-Data Analysis and Retrieval},
  pages={1--9},
  year={2023}
}

@article{qadir2022simple,
  title={Simple U-net based synthetic polyp image generation: Polyp to negative and negative to polyp},
  author={Qadir, Hemin Ali and Balasingham, Ilangko and Shin, Younghak},
  journal={Biomedical Signal Processing and Control},
  volume={74},
  pages={103491},
  year={2022},
  publisher={Elsevier}
}

@inproceedings{sasmal2020improved,
  title={Improved endoscopic polyp classification using GAN generated synthetic data augmentation},
  author={Sasmal, Pradipta and Bhuyan, MK and Sonowal, Sourav and Iwahori, Yuji and Kasugai, Kunio},
  booktitle={2020 IEEE Applied Signal Processing Conference (ASPCON)},
  pages={247--251},
  year={2020},
  organization={IEEE}
}

@article{shin2018abnormal,
  title={Abnormal colon polyp image synthesis using conditional adversarial networks for improved detection performance},
  author={Shin, Younghak and Qadir, Hemin Ali and Balasingham, Ilangko},
  journal={IEEE Access},
  volume={6},
  pages={56007--56017},
  year={2018},
  publisher={IEEE}
}

@article{yoon2022colonoscopic,
  title={Colonoscopic image synthesis with generative adversarial network for enhanced detection of sessile serrated lesions using convolutional neural network},
  author={Yoon, Dan and Kong, Hyoun-Joong and Kim, Byeong Soo and Cho, Woo Sang and Lee, Jung Chan and Cho, Minwoo and Lim, Min Hyuk and Yang, Sun Young and Lim, Seon Hee and Lee, Jooyoung and others},
  journal={Scientific reports},
  volume={12},
  number={1},
  pages={261},
  year={2022},
  publisher={Nature Publishing Group UK London}
}

