
@IEEEtranBSTCTL{IEEEexample:BSTcontrol,
    CTLuse_forced_etal       = "yes",
    CTLmax_names_forced_etal = "6",
    CTLnames_show_etal       = "1"
}
@article{zhang2023prospect,
  title={Prospect: Prompt spectrum for attribute-aware personalization of diffusion models},
  author={Zhang, Yuxin and Dong, Weiming and Tang, Fan and Huang, Nisha and Huang, Haibin and Ma, Chongyang and Lee, Tong-Yee and Deussen, Oliver and Xu, Changsheng},
  journal={ACM Transactions on Graphics (TOG)},
  volume={42},
  number={6},
  pages={1--14},
  year={2023},
  publisher={ACM New York, NY, USA}
}
@article{bray2018global,
  title={Global cancer statistics 2018: GLOBOCAN estimates of incidence and mortality worldwide for 36 cancers in 185 countries},
  author={Bray, Freddie and Ferlay, Jacques and Soerjomataram, Isabelle and Siegel, Rebecca L and Torre, Lindsey A and Jemal, Ahmedin},
  journal={CA: a cancer journal for clinicians},
  volume={68},
  number={6},
  pages={394--424},
  year={2018},
  publisher={Wiley Online Library}
}
@article{kaminski2017increased,
  title={Increased rate of adenoma detection associates with reduced risk of colorectal cancer and death},
  author={Kaminski, Michal F and Wieszczy, Paulina and Rupinski, Maciej and Wojciechowska, Urszula and Didkowska, Joanna and Kraszewska, Ewa and Kobiela, Jaroslaw and Franczyk, Robert and Rupinska, Maria and Kocot, Bartlomiej and others},
  journal={Gastroenterology},
  volume={153},
  number={1},
  pages={98--105},
  year={2017},
  publisher={Elsevier}
}
@article{barclay2006colonoscopic,
  title={Colonoscopic withdrawal times and adenoma detection during screening colonoscopy},
  author={Barclay, Robert L and Vicari, Joseph J and Doughty, Andrea S and Johanson, John F and Greenlaw, Roger L},
  journal={New England Journal of Medicine},
  volume={355},
  number={24},
  pages={2533--2541},
  year={2006},
  publisher={Mass Medical Soc}
}
@article{urban2018deep,
  title={Deep learning localizes and identifies polyps in real time with 96\% accuracy in screening colonoscopy},
  author={Urban, Gregor and Tripathi, Priyam and Alkayali, Talal and Mittal, Mohit and Jalali, Farid and Karnes, William and Baldi, Pierre},
  journal={Gastroenterology},
  volume={155},
  number={4},
  pages={1069--1078},
  year={2018},
  publisher={Elsevier}
}
@article{kelly2019key,
  title={Key challenges for delivering clinical impact with artificial intelligence},
  author={Kelly, Christopher J and Karthikesalingam, Alan and Suleyman, Mustafa and Corrado, Greg and King, Dominic},
  journal={BMC medicine},
  volume={17},
  pages={1--9},
  year={2019},
  publisher={Springer}
}
@article{varoquaux2022machine,
  title={Machine learning for medical imaging: methodological failures and recommendations for the future},
  author={Varoquaux, Ga{\"e}l and Cheplygina, Veronika},
  journal={NPJ digital medicine},
  volume={5},
  number={1},
  pages={48},
  year={2022},
  publisher={Nature Publishing Group UK London}
}
@inproceedings{fan2020pranet,
  title={Pranet: Parallel reverse attention network for polyp segmentation},
  author={Fan, Deng-Ping and Ji, Ge-Peng and Zhou, Tao and Chen, Geng and Fu, Huazhu and Shen, Jianbing and Shao, Ling},
  booktitle={International conference on medical image computing and computer-assisted intervention},
  pages={263--273},
  year={2020},
  organization={Springer}
}

@article{goodfellow2020generative,
  title={Generative adversarial networks},
  author={Goodfellow, Ian and Pouget-Abadie, Jean and Mirza, Mehdi and Xu, Bing and Warde-Farley, David and Ozair, Sherjil and Courville, Aaron and Bengio, Yoshua},
  journal={Communications of the ACM},
  volume={63},
  number={11},
  pages={139--144},
  year={2020},
  publisher={ACM New York, NY, USA}
}
@article{iqbal2018generative,
  title={Generative adversarial network for medical images (MI-GAN)},
  author={Iqbal, Talha and Ali, Hazrat},
  journal={Journal of medical systems},
  volume={42},
  number={11},
  pages={231},
  year={2018},
  publisher={Springer}
}
@article{dhariwal2021diffusion,
  title={Diffusion models beat gans on image synthesis},
  author={Dhariwal, Prafulla and Nichol, Alexander},
  journal={Advances in neural information processing systems},
  volume={34},
  pages={8780--8794},
  year={2021}
}
@article{chambon2022roentgen,
  title={Roentgen: vision-language foundation model for chest x-ray generation},
  author={Chambon, Pierre and Bluethgen, Christian and Delbrouck, Jean-Benoit and Van der Sluijs, Rogier and Po{\l}acin, Ma{\l}gorzata and Chaves, Juan Manuel Zambrano and Abraham, Tanishq Mathew and Purohit, Shivanshu and Langlotz, Curtis P and Chaudhari, Akshay},
  journal={arXiv preprint arXiv:2211.12737},
  year={2022}
}
@inproceedings{akrout2023diffusion,
  title={Diffusion-based data augmentation for skin disease classification: Impact across original medical datasets to fully synthetic images},
  author={Akrout, Mohamed and Gyepesi, B{\'a}lint and Holl{\'o}, P{\'e}ter and Po{\'o}r, Adrienn and Kincs{\H{o}}, Bl{\'a}ga and Solis, Stephen and Cirone, Katrina and Kawahara, Jeremy and Slade, Dekker and Abid, Latif and others},
  booktitle={International Conference on Medical Image Computing and Computer-Assisted Intervention},
  pages={99--109},
  year={2023},
  organization={Springer}
}
@inproceedings{du2023arsdm,
  title={ArSDM: colonoscopy images synthesis with adaptive refinement semantic diffusion models},
  author={Du, Yuhao and Jiang, Yuncheng and Tan, Shuangyi and Wu, Xusheng and Dou, Qi and Li, Zhen and Li, Guanbin and Wan, Xiang},
  booktitle={International conference on medical image computing and computer-assisted intervention},
  pages={339--349},
  year={2023},
  organization={Springer}
}
@inproceedings{zhang2023adding,
  title={Adding conditional control to text-to-image diffusion models},
  author={Zhang, Lvmin and Rao, Anyi and Agrawala, Maneesh},
  booktitle={Proceedings of the IEEE/CVF International Conference on Computer Vision},
  pages={3836--3847},
  year={2023}
}
@inproceedings{mou2024t2i,
  title={T2i-adapter: Learning adapters to dig out more controllable ability for text-to-image diffusion models},
  author={Mou, Chong and Wang, Xintao and Xie, Liangbin and Wu, Yanze and Zhang, Jian and Qi, Zhongang and Shan, Ying},
  booktitle={Proceedings of the AAAI Conference on Artificial Intelligence},
  volume={38},
  number={5},
  pages={4296--4304},
  year={2024}
}
@article{pope2021intrinsic,
  title={The intrinsic dimension of images and its impact on learning},
  author={Pope, Phillip and Zhu, Chen and Abdelkader, Ahmed and Goldblum, Micah and Goldstein, Tom},
  journal={arXiv preprint arXiv:2104.08894},
  year={2021}
}
@inproceedings{rombach2022high,
  title={High-resolution image synthesis with latent diffusion models},
  author={Rombach, Robin and Blattmann, Andreas and Lorenz, Dominik and Esser, Patrick and Ommer, Bj{\"o}rn},
  booktitle={Proceedings of the IEEE/CVF conference on computer vision and pattern recognition},
  pages={10684--10695},
  year={2022}
}
@article{ho2020denoising,
  title={Denoising diffusion probabilistic models},
  author={Ho, Jonathan and Jain, Ajay and Abbeel, Pieter},
  journal={Advances in neural information processing systems},
  volume={33},
  pages={6840--6851},
  year={2020}
}
@inproceedings{radford2021learning,
  title={Learning transferable visual models from natural language supervision},
  author={Radford, Alec and Kim, Jong Wook and Hallacy, Chris and Ramesh, Aditya and Goh, Gabriel and Agarwal, Sandhini and Sastry, Girish and Askell, Amanda and Mishkin, Pamela and Clark, Jack and others},
  booktitle={International conference on machine learning},
  pages={8748--8763},
  year={2021},
  organization={PMLR}
}

@article{song2020denoising,
  title={Denoising diffusion implicit models},
  author={Song, Jiaming and Meng, Chenlin and Ermon, Stefano},
  journal={arXiv preprint arXiv:2010.02502},
  year={2020}
}
@article{ho2022classifier,
  title={Classifier-free diffusion guidance},
  author={Ho, Jonathan and Salimans, Tim},
  journal={arXiv preprint arXiv:2207.12598},
  year={2022}
}
@article{wang2022semantic,
  title={Semantic image synthesis via diffusion models},
  author={Wang, Weilun and Bao, Jianmin and Zhou, Wengang and Chen, Dongdong and Chen, Dong and Yuan, Lu and Li, Houqiang},
  journal={arXiv preprint arXiv:2207.00050},
  year={2022}
}
@article{li2024unveiling,
  title={Unveiling Structural Memorization: Structural Membership Inference Attack for Text-to-Image Diffusion Models},
  author={Li, Qiao and Fu, Xiaomeng and Wang, Xi and Liu, Jin and Gao, Xingyu and Dai, Jiao and Han, Jizhong},
  journal={arXiv preprint arXiv:2407.13252},
  year={2024}
}
@inproceedings{lee2022autoregressive,
  title={Autoregressive image generation using residual quantization},
  author={Lee, Doyup and Kim, Chiheon and Kim, Saehoon and Cho, Minsu and Han, Wook-Shin},
  booktitle={Proceedings of the IEEE/CVF Conference on Computer Vision and Pattern Recognition},
  pages={11523--11532},
  year={2022}
}
@article{zhao2019magnitude,
  title={Magnitude, risk factors, and factors associated with adenoma miss rate of tandem colonoscopy: a systematic review and meta-analysis},
  author={Zhao, Shengbing and Wang, Shuling and Pan, Peng and Xia, Tian and Chang, Xin and Yang, Xia and Guo, Liliangzi and Meng, Qianqian and Yang, Fan and Qian, Wei and others},
  journal={Gastroenterology},
  volume={156},
  number={6},
  pages={1661--1674},
  year={2019},
  publisher={Elsevier}
}
@article{hetzel2010variation,
  title={Variation in the detection of serrated polyps in an average risk colorectal cancer screening cohort},
  author={Hetzel, Jeremy T and Huang, Christopher S and Coukos, Jennifer A and Omstead, Kelsey and Cerda, Sandra R and Yang, Shi and O'brien, Michael J and Farraye, Francis A},
  journal={Official journal of the American College of Gastroenterology| ACG},
  volume={105},
  number={12},
  pages={2656--2664},
  year={2010},
  publisher={LWW}
}
@article{kahi2011prevalence,
  title={Prevalence and variable detection of proximal colon serrated polyps during screening colonoscopy},
  author={Kahi, Charles J and Hewett, David G and Norton, Dustin Lee and Eckert, George J and Rex, Douglas K},
  journal={Clinical Gastroenterology and Hepatology},
  volume={9},
  number={1},
  pages={42--46},
  year={2011},
  publisher={Elsevier}
}

@article{lin2023improving,
  title={Improving model fairness in image-based computer-aided diagnosis},
  author={Lin, Mingquan and Li, Tianhao and Yang, Yifan and Holste, Gregory and Ding, Ying and Van Tassel, Sarah H and Kovacs, Kyle and Shih, George and Wang, Zhangyang and Lu, Zhiyong and others},
  journal={Nature Communications},
  volume={14},
  number={1},
  pages={6261},
  year={2023},
  publisher={Nature Publishing Group UK London}
}
@article{ahmad2019artificial,
  title={Artificial intelligence and computer-aided diagnosis in colonoscopy: current evidence and future directions},
  author={Ahmad, Omer F and Soares, Antonio S and Mazomenos, Evangelos and Brandao, Patrick and Vega, Roser and Seward, Edward and Stoyanov, Danail and Chand, Manish and Lovat, Laurence B},
  journal={The lancet Gastroenterology \& hepatology},
  volume={4},
  number={1},
  pages={71--80},
  year={2019},
  publisher={Elsevier}
}
@article{ali2023multi,
  title={A multi-centre polyp detection and segmentation dataset for generalisability assessment},
  author={Ali, Sharib and Jha, Debesh and Ghatwary, Noha and Realdon, Stefano and Cannizzaro, Renato and Salem, Osama E and Lamarque, Dominique and Daul, Christian and Riegler, Michael A and Anonsen, Kim V and others},
  journal={Scientific Data},
  volume={10},
  number={1},
  pages={75},
  year={2023},
  publisher={Nature Publishing Group UK London}
}
@article{liu20243d,
  title={3d brain and heart volume generative models: A survey},
  author={Liu, Yanbin and Dwivedi, Girish and Boussaid, Farid and Bennamoun, Mohammed},
  journal={ACM Computing Surveys},
  volume={56},
  number={6},
  pages={1--37},
  year={2024},
  publisher={ACM New York, NY}
}
@article{ktena2024generative,
  title={Generative models improve fairness of medical classifiers under distribution shifts},
  author={Ktena, Ira and Wiles, Olivia and Albuquerque, Isabela and Rebuffi, Sylvestre-Alvise and Tanno, Ryutaro and Roy, Abhijit Guha and Azizi, Shekoofeh and Belgrave, Danielle and Kohli, Pushmeet and Cemgil, Taylan and others},
  journal={Nature Medicine},
  pages={1--8},
  year={2024},
  publisher={Nature Publishing Group US New York}
}
@article{kazerouni2023diffusion,
  title={Diffusion models in medical imaging: A comprehensive survey},
  author={Kazerouni, Amirhossein and Aghdam, Ehsan Khodapanah and Heidari, Moein and Azad, Reza and Fayyaz, Mohsen and Hacihaliloglu, Ilker and Merhof, Dorit},
  journal={Medical Image Analysis},
  volume={88},
  pages={102846},
  year={2023},
  publisher={Elsevier}
}
@inproceedings{wei2021shallow,
  title={Shallow attention network for polyp segmentation},
  author={Wei, Jun and Hu, Yiwen and Zhang, Ruimao and Li, Zhen and Zhou, S Kevin and Cui, Shuguang},
  booktitle={Medical Image Computing and Computer Assisted Intervention--MICCAI 2021: 24th International Conference, Strasbourg, France, September 27--October 1, 2021, Proceedings, Part I 24},
  pages={699--708},
  year={2021},
  organization={Springer}
}
@article{dong2021polyp,
  title={Polyp-pvt: Polyp segmentation with pyramid vision transformers},
  author={Dong, Bo and Wang, Wenhai and Fan, Deng-Ping and Li, Jinpeng and Fu, Huazhu and Shao, Ling},
  journal={arXiv preprint arXiv:2108.06932},
  year={2021}
}
@inproceedings{sun2021sparse,
  title={Sparse r-cnn: End-to-end object detection with learnable proposals},
  author={Sun, Peize and Zhang, Rufeng and Jiang, Yi and Kong, Tao and Xu, Chenfeng and Zhan, Wei and Tomizuka, Masayoshi and Li, Lei and Yuan, Zehuan and Wang, Changhu and others},
  booktitle={Proceedings of the IEEE/CVF conference on computer vision and pattern recognition},
  pages={14454--14463},
  year={2021}
}
@article{zhou2019objects,
  title={Objects as points},
  author={Zhou, Xingyi and Wang, Dequan and Kr{\"a}henb{\"u}hl, Philipp},
  journal={arXiv preprint arXiv:1904.07850},
  year={2019}
}
@article{zhu2020deformable,
  title={Deformable detr: Deformable transformers for end-to-end object detection},
  author={Zhu, Xizhou and Su, Weijie and Lu, Lewei and Li, Bin and Wang, Xiaogang and Dai, Jifeng},
  journal={arXiv preprint arXiv:2010.04159},
  year={2020}
}
@article{feng2024enhancing,
  title={Enhancing Label-efficient Medical Image Segmentation with Text-guided Diffusion Models},
  author={Feng, Chun-Mei},
  journal={arXiv preprint arXiv:2407.05323},
  year={2024}
}
@article{zhu2023public,
  title={Public Imaging Datasets of Gastrointestinal Endoscopy for Artificial Intelligence: a Review},
  author={Zhu, Shiqi and Gao, Jingwen and Liu, Lu and Yin, Minyue and Lin, Jiaxi and Xu, Chang and Xu, Chunfang and Zhu, Jinzhou},
  journal={Journal of Digital Imaging},
  volume={36},
  number={6},
  pages={2578--2601},
  year={2023},
  publisher={Springer}
}
@article{wang2021annotation,
  title={Annotation-efficient deep learning for automatic medical image segmentation},
  author={Wang, Shanshan and Li, Cheng and Wang, Rongpin and Liu, Zaiyi and Wang, Meiyun and Tan, Hongna and Wu, Yaping and Liu, Xinfeng and Sun, Hui and Yang, Rui and others},
  journal={Nature communications},
  volume={12},
  number={1},
  pages={5915},
  year={2021},
  publisher={Nature Publishing Group UK London}
}
@article{aljabri2022towards,
  title={Towards a better understanding of annotation tools for medical imaging: a survey},
  author={Aljabri, Manar and AlAmir, Manal and AlGhamdi, Manal and Abdel-Mottaleb, Mohamed and Collado-Mesa, Fernando},
  journal={Multimedia tools and applications},
  volume={81},
  number={18},
  pages={25877--25911},
  year={2022},
  publisher={Springer}
}
@article{huang2023t2i,
  title={T2i-compbench: A comprehensive benchmark for open-world compositional text-to-image generation},
  author={Huang, Kaiyi and Sun, Kaiyue and Xie, Enze and Li, Zhenguo and Liu, Xihui},
  journal={Advances in Neural Information Processing Systems},
  volume={36},
  pages={78723--78747},
  year={2023}
}
@article{wang2024comprehensive,
  title={A comprehensive survey of continual learning: theory, method and application},
  author={Wang, Liyuan and Zhang, Xingxing and Su, Hang and Zhu, Jun},
  journal={IEEE Transactions on Pattern Analysis and Machine Intelligence},
  year={2024},
  publisher={IEEE}
}
@article{gokhale2022benchmarking,
  title={Benchmarking spatial relationships in text-to-image generation},
  author={Gokhale, Tejas and Palangi, Hamid and Nushi, Besmira and Vineet, Vibhav and Horvitz, Eric and Kamar, Ece and Baral, Chitta and Yang, Yezhou},
  journal={arXiv preprint arXiv:2212.10015},
  year={2022}
}
@article{cao2024controllable,
  title={Controllable generation with text-to-image diffusion models: A survey},
  author={Cao, Pu and Zhou, Feng and Song, Qing and Yang, Lu},
  journal={arXiv preprint arXiv:2403.04279},
  year={2024}
}
@article{wang2024generated,
  title={Do Generated Data Always Help Contrastive Learning?},
  author={Wang, Yifei and Zhang, Jizhe and Wang, Yisen},
  journal={arXiv preprint arXiv:2403.12448},
  year={2024}
}
@article{ramanujan2024connection,
  title={On the connection between pre-training data diversity and fine-tuning robustness},
  author={Ramanujan, Vivek and Nguyen, Thao and Oh, Sewoong and Farhadi, Ali and Schmidt, Ludwig},
  journal={Advances in Neural Information Processing Systems},
  volume={36},
  year={2024}
}
@article{liu2022improved,
  title={Improved fine-tuning by better leveraging pre-training data},
  author={Liu, Ziquan and Xu, Yi and Xu, Yuanhong and Qian, Qi and Li, Hao and Ji, Xiangyang and Chan, Antoni and Jin, Rong},
  journal={Advances in Neural Information Processing Systems},
  volume={35},
  pages={32568--32581},
  year={2022}
}
@inproceedings{rahman2023medical,
  title={Medical image segmentation via cascaded attention decoding},
  author={Rahman, Md Mostafijur and Marculescu, Radu},
  booktitle={Proceedings of the IEEE/CVF Winter Conference on Applications of Computer Vision},
  pages={6222--6231},
  year={2023}
}
@inproceedings{he2016deep,
  title={Deep residual learning for image recognition},
  author={He, Kaiming and Zhang, Xiangyu and Ren, Shaoqing and Sun, Jian},
  booktitle={Proceedings of the IEEE conference on computer vision and pattern recognition},
  pages={770--778},
  year={2016}
}
@inproceedings{redmon2016you,
  title={You only look once: Unified, real-time object detection},
  author={Redmon, Joseph and Divvala, Santosh and Girshick, Ross and Farhadi, Ali},
  booktitle={Proceedings of the IEEE conference on computer vision and pattern recognition},
  pages={779--788},
  year={2016}
}
@article{vazquez2017benchmark,
  title={A benchmark for endoluminal scene segmentation of colonoscopy images},
  author={V{\'a}zquez, David and Bernal, Jorge and S{\'a}nchez, F Javier and Fern{\'a}ndez-Esparrach, Gloria and L{\'o}pez, Antonio M and Romero, Adriana and Drozdzal, Michal and Courville, Aaron},
  journal={Journal of healthcare engineering},
  volume={2017},
  number={1},
  pages={4037190},
  year={2017},
  publisher={Wiley Online Library}
}
@article{bernal2015wm,
  title={WM-DOVA maps for accurate polyp highlighting in colonoscopy: Validation vs. saliency maps from physicians},
  author={Bernal, Jorge and S{\'a}nchez, F Javier and Fern{\'a}ndez-Esparrach, Gloria and Gil, Debora and Rodr{\'\i}guez, Cristina and Vilari{\~n}o, Fernando},
  journal={Computerized medical imaging and graphics},
  volume={43},
  pages={99--111},
  year={2015},
  publisher={Elsevier}
}
@article{tajbakhsh2015automated,
  title={Automated polyp detection in colonoscopy videos using shape and context information},
  author={Tajbakhsh, Nima and Gurudu, Suryakanth R and Liang, Jianming},
  journal={IEEE transactions on medical imaging},
  volume={35},
  number={2},
  pages={630--644},
  year={2015},
  publisher={IEEE}
}
@article{silva2014toward,
  title={Toward embedded detection of polyps in wce images for early diagnosis of colorectal cancer},
  author={Silva, Juan and Histace, Aymeric and Romain, Olivier and Dray, Xavier and Granado, Bertrand},
  journal={International journal of computer assisted radiology and surgery},
  volume={9},
  pages={283--293},
  year={2014},
  publisher={Springer}
}
@inproceedings{jha2020kvasir,
  title={Kvasir-seg: A segmented polyp dataset},
  author={Jha, Debesh and Smedsrud, Pia H and Riegler, Michael A and Halvorsen, P{\aa}l and De Lange, Thomas and Johansen, Dag and Johansen, H{\aa}vard D},
  booktitle={MultiMedia modeling: 26th international conference, MMM 2020, Daejeon, South Korea, January 5--8, 2020, proceedings, part II 26},
  pages={451--462},
  year={2020},
  organization={Springer}
}
@article{boehm2022harnessing,
  title={Harnessing multimodal data integration to advance precision oncology},
  author={Boehm, Kevin M and Khosravi, Pegah and Vanguri, Rami and Gao, Jianjiong and Shah, Sohrab P},
  journal={Nature Reviews Cancer},
  volume={22},
  number={2},
  pages={114--126},
  year={2022},
  publisher={Nature Publishing Group UK London}
}
@article{litjens2017survey,
  title={A survey on deep learning in medical image analysis},
  author={Litjens, Geert and Kooi, Thijs and Bejnordi, Babak Ehteshami and Setio, Arnaud Arindra Adiyoso and Ciompi, Francesco and Ghafoorian, Mohsen and Van Der Laak, Jeroen Awm and Van Ginneken, Bram and S{\'a}nchez, Clara I},
  journal={Medical image analysis},
  volume={42},
  pages={60--88},
  year={2017},
  publisher={Elsevier}
}
@article{shorten2019survey,
  title={A survey on image data augmentation for deep learning},
  author={Shorten, Connor and Khoshgoftaar, Taghi M},
  journal={Journal of big data},
  volume={6},
  number={1},
  pages={1--48},
  year={2019},
  publisher={Springer}
}
@inproceedings{mikolajczyk2018data,
  title={Data augmentation for improving deep learning in image classification problem},
  author={Miko{\l}ajczyk, Agnieszka and Grochowski, Micha{\l}},
  booktitle={2018 international interdisciplinary PhD workshop (IIPhDW)},
  pages={117--122},
  year={2018},
  organization={IEEE}
}
@article{frid2018gan,
  title={GAN-based synthetic medical image augmentation for increased CNN performance in liver lesion classification},
  author={Frid-Adar, Maayan and Diamant, Idit and Klang, Eyal and Amitai, Michal and Goldberger, Jacob and Greenspan, Hayit},
  journal={Neurocomputing},
  volume={321},
  pages={321--331},
  year={2018},
  publisher={Elsevier}
}
@inproceedings{machavcek2023mask,
  title={Mask-conditioned latent diffusion for generating gastrointestinal polyp images},
  author={Mach{\'a}{\v{c}}ek, Roman and Mozaffari, Leila and Sepasdar, Zahra and Parasa, Sravanthi and Halvorsen, P{\aa}l and Riegler, Michael A and Thambawita, Vajira},
  booktitle={Proceedings of the 4th ACM Workshop on Intelligent Cross-Data Analysis and Retrieval},
  pages={1--9},
  year={2023}
}
@inproceedings{fagereng2022polypconnect,
  title={PolypConnect: Image inpainting for generating realistic gastrointestinal tract images with polyps},
  author={Fagereng, Jan Andre and Thambawita, Vajira and Stor{\aa}s, Andrea M and Parasa, Sravanthi and De Lange, Thomas and Halvorsen, P{\aa}l and Riegler, Michael A},
  booktitle={2022 IEEE 35th International Symposium on Computer-Based Medical Systems (CBMS)},
  pages={66--71},
  year={2022},
  organization={IEEE}
}

@article{wang2023knowledge,
  title={Knowledge Extraction and Distillation from Large-Scale Image-Text Colonoscopy Records Leveraging Large Language and Vision Models},
  author={Wang, Shuo and Zhu, Yan and Luo, Xiaoyuan and Yang, Zhiwei and Zhang, Yizhe and Fu, Peiyao and Wang, Manning and Song, Zhijian and Li, Quanlin and Zhou, Pinghong and others},
  journal={arXiv preprint arXiv:2310.11173},
  year={2023}
}
@article{boers2024foundation,
  title={Foundation models in gastrointestinal endoscopic AI: Impact of architecture, pre-training approach and data efficiency},
  author={Boers, Tim GW and Fockens, Kiki N and van der Putten, Joost A and Jaspers, Tim JM and Kusters, Carolus HJ and Jukema, Jelmer B and Jong, Martijn R and Struyvenberg, Maarten R and de Groof, Jeroen and Bergman, Jacques J and others},
  journal={Medical Image Analysis},
  volume={98},
  pages={103298},
  year={2024},
  publisher={Elsevier}
}
@inproceedings{sams2022gan,
  title={GAN-based realistic gastrointestinal polyp image synthesis},
  author={Sams, Ataher and Shomee, Homaira Huda},
  booktitle={2022 IEEE 19th International Symposium on Biomedical Imaging (ISBI)},
  pages={1--4},
  year={2022},
  organization={IEEE}
}
@article{shin2018abnormal,
  title={Abnormal colon polyp image synthesis using conditional adversarial networks for improved detection performance},
  author={Shin, Younghak and Qadir, Hemin Ali and Balasingham, Ilangko},
  journal={IEEE Access},
  volume={6},
  pages={56007--56017},
  year={2018},
  publisher={IEEE}
}
@inproceedings{sasmal2020improved,
  title={Improved endoscopic polyp classification using GAN generated synthetic data augmentation},
  author={Sasmal, Pradipta and Bhuyan, MK and Sonowal, Sourav and Iwahori, Yuji and Kasugai, Kunio},
  booktitle={2020 IEEE Applied Signal Processing Conference (ASPCON)},
  pages={247--251},
  year={2020},
  organization={IEEE}
}
@article{qadir2022simple,
  title={Simple U-net based synthetic polyp image generation: Polyp to negative and negative to polyp},
  author={Qadir, Hemin Ali and Balasingham, Ilangko and Shin, Younghak},
  journal={Biomedical Signal Processing and Control},
  volume={74},
  pages={103491},
  year={2022},
  publisher={Elsevier}
}
@inproceedings{he2021colonoscopic,
  title={Colonoscopic image synthesis for polyp detector enhancement via gan and adversarial training},
  author={He, Fan and Chen, Sizhe and Li, Shuaiyi and Zhou, Lu and Zhang, Haiqin and Peng, Haixia and Huang, Xiaolin},
  booktitle={2021 IEEE 18th International Symposium on Biomedical Imaging (ISBI)},
  pages={1887--1891},
  year={2021},
  organization={IEEE}
}
@article{de2021training,
  title={Training data enhancements for improving colonic polyp detection using deep convolutional neural networks},
  author={de Almeida Thomaz, Victor and Sierra-Franco, Cesar A and Raposo, Alberto B},
  journal={Artificial Intelligence in Medicine},
  volume={111},
  pages={101988},
  year={2021},
  publisher={Elsevier}
}
@InProceedings{Sharma_2024_CVPR,
    author    = {Sharma, Vanshali and Kumar, Abhishek and Jha, Debesh and Bhuyan, M.K. and Das, Pradip K. and Bagci, Ulas},
    title     = {ControlPolypNet: Towards Controlled Colon Polyp Synthesis for Improved Polyp Segmentation},
    booktitle = {Proceedings of the IEEE/CVF Conference on Computer Vision and Pattern Recognition (CVPR) Workshops},
    month     = {June},
    year      = {2024},
    pages     = {2325-2334}
}

@article{yoon2022colonoscopic,
  title={Colonoscopic image synthesis with generative adversarial network for enhanced detection of sessile serrated lesions using convolutional neural network},
  author={Yoon, Dan and Kong, Hyoun-Joong and Kim, Byeong Soo and Cho, Woo Sang and Lee, Jung Chan and Cho, Minwoo and Lim, Min Hyuk and Yang, Sun Young and Lim, Seon Hee and Lee, Jooyoung and others},
  journal={Scientific reports},
  volume={12},
  number={1},
  pages={261},
  year={2022},
  publisher={Nature Publishing Group UK London}
}