@article{azerbayev2023proofnet,
  title={Proofnet: Autoformalizing and formally proving undergraduate-level mathematics},
  author={Azerbayev, Zhangir and Piotrowski, Bartosz and Schoelkopf, Hailey and Ayers, Edward W and Radev, Dragomir and Avigad, Jeremy},
  journal={arXiv preprint arXiv:2302.12433},
  year={2023}
}

@article{golovneva2022roscoe,
  title={Roscoe: A suite of metrics for scoring step-by-step reasoning},
  author={Golovneva, Olga and Chen, Moya and Poff, Spencer and Corredor, Martin and Zettlemoyer, Luke and Fazel-Zarandi, Maryam and Celikyilmaz, Asli},
  journal={arXiv preprint arXiv:2212.07919},
  year={2022}
}

@article{hao2024llm,
  title={LLM Reasoners: New Evaluation, Library, and Analysis of Step-by-Step Reasoning with Large Language Models},
  author={Hao, Shibo and Gu, Yi and Luo, Haotian and Liu, Tianyang and Shao, Xiyan and Wang, Xinyuan and Xie, Shuhua and Ma, Haodi and Samavedhi, Adithya and Gao, Qiyue and others},
  journal={arXiv preprint arXiv:2404.05221},
  year={2024}
}

@article{he2023socreval,
  title={Socreval: Large language models with the socratic method for reference-free reasoning evaluation},
  author={He, Hangfeng and Zhang, Hongming and Roth, Dan},
  journal={arXiv preprint arXiv:2310.00074},
  year={2023}
}

@article{lightman2023let,
  title={Let's verify step by step},
  author={Lightman, Hunter and Kosaraju, Vineet and Burda, Yura and Edwards, Harri and Baker, Bowen and Lee, Teddy and Leike, Jan and Schulman, John and Sutskever, Ilya and Cobbe, Karl},
  journal={arXiv preprint arXiv:2305.20050},
  year={2023}
}

@article{luo2024improve,
  title={Improve Mathematical Reasoning in Language Models by Automated Process Supervision},
  author={Luo, Liangchen and Liu, Yinxiao and Liu, Rosanne and Phatale, Samrat and Lara, Harsh and Li, Yunxuan and Shu, Lei and Zhu, Yun and Meng, Lei and Sun, Jiao and others},
  journal={arXiv preprint arXiv:2406.06592},
  year={2024}
}

@article{luong2024reft,
  title={Reft: Reasoning with reinforced fine-tuning},
  author={Luong, Trung Quoc and Zhang, Xinbo and Jie, Zhanming and Sun, Peng and Jin, Xiaoran and Li, Hang},
  journal={arXiv preprint arXiv:2401.08967},
  year={2024}
}

@inproceedings{moura2021lean,
  title={The Lean 4 theorem prover and programming language},
  author={Moura, Leonardo de and Ullrich, Sebastian},
  booktitle={Automated Deduction--CADE 28: 28th International Conference on Automated Deduction, Virtual Event, July 12--15, 2021, Proceedings 28},
  pages={625--635},
  year={2021},
  organization={Springer}
}

@article{prasad2023receval,
  title={Receval: Evaluating reasoning chains via correctness and informativeness},
  author={Prasad, Archiki and Saha, Swarnadeep and Zhou, Xiang and Bansal, Mohit},
  journal={arXiv preprint arXiv:2304.10703},
  year={2023}
}

@article{setlur2024rewarding,
  title={Rewarding progress: Scaling automated process verifiers for llm reasoning},
  author={Setlur, Amrith and Nagpal, Chirag and Fisch, Adam and Geng, Xinyang and Eisenstein, Jacob and Agarwal, Rishabh and Agarwal, Alekh and Berant, Jonathan and Kumar, Aviral},
  journal={arXiv preprint arXiv:2410.08146},
  year={2024}
}

@article{shao2024deepseekmath,
  title={Deepseekmath: Pushing the limits of mathematical reasoning in open language models},
  author={Shao, Zhihong and Wang, Peiyi and Zhu, Qihao and Xu, Runxin and Song, Junxiao and Bi, Xiao and Zhang, Haowei and Zhang, Mingchuan and Li, YK and Wu, Y and others},
  journal={arXiv preprint arXiv:2402.03300},
  year={2024}
}

@article{snell2024scaling,
  title={Scaling llm test-time compute optimally can be more effective than scaling model parameters},
  author={Snell, Charlie and Lee, Jaehoon and Xu, Kelvin and Kumar, Aviral},
  journal={arXiv preprint arXiv:2408.03314},
  year={2024}
}

@article{stroebl2024inference,
  title={Inference Scaling fLaws: The Limits of LLM Resampling with Imperfect Verifiers},
  author={Stroebl, Benedikt and Kapoor, Sayash and Narayanan, Arvind},
  journal={arXiv preprint arXiv:2411.17501},
  year={2024}
}

@article{tyen2023llms,
  title={LLMs cannot find reasoning errors, but can correct them!},
  author={Tyen, Gladys and Mansoor, Hassan and Chen, Peter and Mak, Tony and C{\u{a}}rbune, Victor},
  journal={arXiv preprint arXiv:2311.08516},
  year={2023}
}

@article{xia2024evaluating,
  title={Evaluating Mathematical Reasoning Beyond Accuracy},
  author={Xia, Shijie and Li, Xuefeng and Liu, Yixin and Wu, Tongshuang and Liu, Pengfei},
  journal={arXiv preprint arXiv:2404.05692},
  year={2024}
}

@article{zheng2021minif2f,
  title={Minif2f: a cross-system benchmark for formal olympiad-level mathematics},
  author={Zheng, Kunhao and Han, Jesse Michael and Polu, Stanislas},
  journal={arXiv preprint arXiv:2109.00110},
  year={2021}
}

@article{zheng2024processbench,
  title={Processbench: Identifying process errors in mathematical reasoning},
  author={Zheng, Chujie and Zhang, Zhenru and Zhang, Beichen and Lin, Runji and Lu, Keming and Yu, Bowen and Liu, Dayiheng and Zhou, Jingren and Lin, Junyang},
  journal={arXiv preprint arXiv:2412.06559},
  year={2024}
}

