@inproceedings{TFA,
    title={Frustratingly Simple Few-Shot Object Detection},
    author={Wang, Xin and Huang, Thomas E. and  Darrell, Trevor and Gonzalez, Joseph E and Yu, Fisher},
    booktitle = {ICML},
    year = {2020}
}

@inproceedings{bulat2023fs,
  title={Fs-detr: Few-shot detection transformer with prompting and without re-training},
  author={Bulat, Adrian and Guerrero, Ricardo and Martinez, Brais and Tzimiropoulos, Georgios},
  booktitle={ICCV},
  pages={11793--11802},
  year={2023}
}

@inproceedings{defrcn,
  title={Defrcn: Decoupled faster r-cnn for few-shot object detection},
  author={Qiao, Limeng and Zhao, Yuxuan and Li, Zhiyuan and Qiu, Xi and Wu, Jianan and Zhang, Chi},
  booktitle={ICCV},
  pages={8681--8690},
  year={2021}
}

@inproceedings{fang2024data,
  title={Data augmentation for object detection via controllable diffusion models},
  author={Fang, Haoyang and Han, Boran and Zhang, Shuai and Zhou, Su and Hu, Cuixiong and Ye, Wen-Ming},
  booktitle={WACV},
  pages={1257--1266},
  year={2024}
}

@inproceedings{guirguis2023niff,
  title={NIFF: Alleviating Forgetting in Generalized Few-Shot Object Detection via Neural Instance Feature Forging},
  author={Guirguis, Karim and Meier, Johannes and Eskandar, George and Kayser, Matthias and Yang, Bin and Beyerer, J{\"u}rgen},
  booktitle={CVPR},
  pages={24193--24202},
  year={2023}
}

@inproceedings{han2022few,
  title={Few-shot object detection with fully cross-transformer},
  author={Han, Guangxing and Ma, Jiawei and Huang, Shiyuan and Chen, Long and Chang, Shih-Fu},
  booktitle={CVPR},
  pages={5321--5330},
  year={2022}
}

@inproceedings{hu2021dense,
  title={Dense Relation Distillation with Context-aware Aggregation for Few-Shot Object Detection},
  author={Hu, Hanzhe and Bai, Shuai and Li, Aoxue and Cui, Jinshi and Wang, Liwei},
  booktitle={CVPR},
  year={2021}
}

@inproceedings{li2023disentangle,
  title={Disentangle and Remerge: Interventional Knowledge Distillation for Few-Shot Object Detection from a Conditional Causal Perspective},
  author={Li, Jiangmeng and Zhang, Yanan and Qiang, Wenwen and Si, Lingyu and Jiao, Chengbo and Hu, Xiaohui and Zheng, Changwen and Sun, Fuchun},
  booktitle={AAAI},
  volume={37},
  number={1},
  pages={1323--1333},
  year={2023}
}

@inproceedings{li2023gligen,
  title={Gligen: Open-set grounded text-to-image generation},
  author={Li, Yuheng and Liu, Haotian and Wu, Qingyang and Mu, Fangzhou and Yang, Jianwei and Gao, Jianfeng and Li, Chunyuan and Lee, Yong Jae},
  booktitle={CVPR},
  pages={22511--22521},
  year={2023}
}

@inproceedings{lin2023explore,
  title={Explore the power of synthetic data on few-shot object detection},
  author={Lin, Shaobo and Wang, Kun and Zeng, Xingyu and Zhao, Rui},
  booktitle={CVPRW},
  pages={638--647},
  year={2023}
}

@inproceedings{max-margin,
  title={Beyond Max-Margin: Class Margin Equilibrium for Few-shot Object Detection},
  author={Li, Bohao and Yang, Boyu and Liu, Chang and Liu, Feng and Ji, Rongrong and Ye, Qixiang},
  booktitle={CVPR},
  year={2021}
}

@article{meta-detr,
  title={Meta-detr: Image-level few-shot object detection with inter-class correlation exploitation},
  author={Zhang, Gongjie and Luo, Zhipeng and Cui, Kaiwen and Lu, Shijian},
  journal={arXiv preprint arXiv:2103.11731},
  year={2021}
}

@inproceedings{meta-rcnn,
  title={Meta r-cnn: Towards general solver for instance-level low-shot learning},
  author={Yan, Xiaopeng and Chen, Ziliang and Xu, Anni and Wang, Xiaoxi and Liang, Xiaodan and Lin, Liang},
  booktitle={ICCV},
  year={2019}
}

@inproceedings{rombach2022high,
  title={High-resolution image synthesis with latent diffusion models},
  author={Rombach, Robin and Blattmann, Andreas and Lorenz, Dominik and Esser, Patrick and Ommer, Bj{\"o}rn},
  booktitle={CVPR},
  pages={10684--10695},
  year={2022}
}

@inproceedings{rpn-attention,
  title={Few-shot object detection with attention-RPN and multi-relation detector},
  author={Fan, Qi and Zhuo, Wei and Tang, Chi-Keung and Tai, Yu-Wing},
  booktitle={CVPR},
  year={2020}
}

@inproceedings{trans-int,
  title={Transformation Invariant Few-Shot Object Detection},
  author={Li, Aoxue and Li, Zhenguo},
  booktitle={CVPR},
  year={2021}
}

@article{vu2023instance,
  title={Instance-level Few-shot Learning with Class Hierarchy Mining},
  author={Vu, Anh-Khoa Nguyen and Do, Thanh-Toan and Nguyen, Nhat-Duy and Nguyen, Vinh-Tiep and Ngo, Thanh Duc and Nguyen, Tam V},
  journal={TIP},
  year={2023},
  publisher={IEEE}
}

@inproceedings{xu2023generating,
  title={Generating Features with Increased Crop-related Diversity for Few-Shot Object Detection},
  author={Xu, Jingyi and Le, Hieu and Samaras, Dimitris},
  booktitle={CVPR},
  pages={19713--19722},
  year={2023}
}

@inproceedings{yolo-reweighting,
  title={Few-shot object detection via feature reweighting},
  author={Kang, Bingyi and Liu, Zhuang and Wang, Xin and Yu, Fisher and Feng, Jiashi and Darrell, Trevor},
  booktitle={ICCV},
  year={2019}
}

@inproceedings{zhu2021semantic,
  title={Semantic relation reasoning for shot-stable few-shot object detection},
  author={Zhu, Chenchen and Chen, Fangyi and Ahmed, Uzair and Shen, Zhiqiang and Savvides, Marios},
  booktitle={CVPR},
  year={2021}
}

@article{zhuang2023task,
  title={A Task is Worth One Word: Learning with Task Prompts for High-Quality Versatile Image Inpainting},
  author={Zhuang, Junhao and Zeng, Yanhong and Liu, Wenran and Yuan, Chun and Chen, Kai},
  journal={arXiv preprint arXiv:2312.03594},
  year={2023}
}

