@article{elsayed2018,
  title={Large margin deep networks for classification},
  author={Elsayed, Gamaleldin and Krishnan, Dilip and Mobahi, Hossein and Regan, Kevin and Bengio, Samy},
  journal={Advances in neural information processing systems},
  volume={31},
  year={2018}
}
@Misc{peft,
  title =        {PEFT: State-of-the-art Parameter-Efficient Fine-Tuning methods},
  author =       {Sourab Mangrulkar and Sylvain Gugger and Lysandre Debut and Younes Belkada and Sayak Paul and Benjamin Bossan},
  howpublished = {\url{https://github.com/huggingface/peft}},
  year =         {2022}
}
@article{yolov2,
  title={YOLO9000: Better, Faster, Stronger},
  author={Redmon, Joseph and Farhadi, Ali},
  journal={arXiv preprint arXiv:1612.08242},
  year={2016}
}

% fan2020few

@inproceedings{context-transformer,
  title={Context-Transformer: Tackling Object Confusion for Few-Shot Detection.},
  author={Yang, Ze and Wang, Yali and Chen, Xianyu and Liu, Jianzhuang and Qiao, Yu},
  booktitle={AAAI},
  year={2020}
}

@inproceedings{TFA,
    title={Frustratingly Simple Few-Shot Object Detection},
    author={Wang, Xin and Huang, Thomas E. and  Darrell, Trevor and Gonzalez, Joseph E and Yu, Fisher},
    booktitle = {ICML},
    year = {2020}
}


@inproceedings{wu2020multi,
  title={Multi-Scale Positive Sample Refinement for Few-Shot Object Detection},
  author={Wu, Jiaxi and Liu, Songtao and Huang, Di and Wang, Yunhong},
  booktitle={ECCV},
  year={2020}
}

@inproceedings{fast-rcnn,
  title={Fast r-cnn},
  author={Girshick, Ross},
  booktitle={ICCV},
  year={2015}
}
@inproceedings{zhao2017pyramid,
  title={Pyramid scene parsing network},
  author={Zhao, Hengshuang and Shi, Jianping and Qi, Xiaojuan and Wang, Xiaogang and Jia, Jiaya},
  booktitle={CVPR},
  year={2017}
}

@article{chen2017deeplab,
  title={Deeplab: Semantic image segmentation with deep convolutional nets, atrous convolution, and fully connected crfs},
  author={Chen, Liang-Chieh and Papandreou, George and Kokkinos, Iasonas and Murphy, Kevin and Yuille, Alan L},
  journal={TPAMI},
  volume={40},
  number={4},
  year={2017},
  publisher={IEEE}
}

@article{chen2017rethinking,
  title={Rethinking atrous convolution for semantic image segmentation},
  author={Chen, Liang-Chieh and Papandreou, George and Schroff, Florian and Adam, Hartwig},
  journal={arXiv preprint arXiv:1706.05587},
  year={2017}
}

@inproceedings{chen2018encoder,
  title={Encoder-decoder with atrous separable convolution for semantic image segmentation},
  author={Chen, Liang-Chieh and Zhu, Yukun and Papandreou, George and Schroff, Florian and Adam, Hartwig},
  booktitle={ECCV},
  year={2018}
}
@inproceedings{ssd,
  title={Ssd: Single shot multibox detector},
  author={Liu, Wei and Anguelov, Dragomir and Erhan, Dumitru and Szegedy, Christian and Reed, Scott and Fu, Cheng-Yang and Berg, Alexander C},
  booktitle={ECCV},
  year={2016},

}
@article{yolov3,
  title={Yolov3: An incremental improvement},
  author={Redmon, Joseph and Farhadi, Ali},
  journal={arXiv preprint arXiv:1804.02767},
  year={2018}
}
@article{yolov4,
  title={YOLOv4: Optimal Speed and Accuracy of Object Detection},
  author={Bochkovskiy, Alexey and Wang, Chien-Yao and Liao, Hong-Yuan Mark},
  journal={arXiv preprint arXiv:2004.10934},
  year={2020}
}
@article{baby,
  title={Visual sequence learning in infancy: Domain-general and domain-specific associations with language},
  author={Shafto, Carissa L and Conway, Christopher M and Field, Suzanne L and Houston, Derek M},
  journal={Infancy Journal},
  volume={17},
  number={3},
  year={2012}
}
@article{mrf,
  title={Development differentially sculpts receptive fields across early and high-level human visual cortex},
  author={Gomez, Jesse and Natu, Vaidehi and Jeska, Brianna and Barnett, Michael and Grill-Spector, Kalanit},
  journal={Nature communications},
  volume={9},
  number={1},
  year={2018}
}
@inproceedings{quantification,
  author    = {Xu Cheng and
               Zhefan Rao and
               Yilan Chen and
               Quanshi Zhang},
  title     = {Explaining Knowledge Distillation by Quantifying the Knowledge},
  booktitle = {CVPR},
  pages     = {12922--12932},
  year      = {2020}
}
@misc{detectron2,
  author =       {Yuxin Wu and Alexander Kirillov and Francisco Massa and
                  Wan-Yen Lo and Ross Girshick},
  title =        {Detectron2},
  howpublished = {\url{https://github.com/facebookresearch/detectron2}},
  year =         {2019}
}

@inproceedings{rcnn,
  title={Rich feature hierarchies for accurate object detection and semantic segmentation},
  author={Girshick, Ross and Donahue, Jeff and Darrell, Trevor and Malik, Jitendra},
  booktitle={CVPR},
  year={2014}
}

@inproceedings{efficientnet,
  title={Efficientnet: Rethinking model scaling for convolutional neural networks},
  author={Tan, Mingxing and Le, Quoc},
  booktitle={ICML},
  year={2019},
  organization={PMLR}
}
@inproceedings{retina,
  title={Focal loss for dense object detection},
  author={Lin, Tsung-Yi and Goyal, Priya and Girshick, Ross and He, Kaiming and Doll{\'a}r, Piotr},
  booktitle={ICCV},
  year={2017}
}
@inproceedings{efficientdet,
  title={Efficientdet: Scalable and efficient object detection},
  author={Tan, Mingxing and Pang, Ruoming and Le, Quoc V},
  booktitle={CVPR},
  year={2020}
}

@inproceedings{repmet,
  title={Repmet: Representative-based metric learning for classification and few-shot object detection},
  author={Karlinsky, Leonid and Shtok, Joseph and Harary, Sivan and Schwartz, Eli and Aides, Amit and Feris, Rogerio and Giryes, Raja and Bronstein, Alex M},
  booktitle={CVPR},
  year={2019}
}

@inproceedings{pennington2014glove,
  title={Glove: Global vectors for word representation},
  author={Pennington, Jeffrey and Socher, Richard and Manning, Christopher D},
  booktitle={EMNLP},
  pages={1532--1543},
  year={2014}
}
1
@InProceedings{Artacho_2020_CVPR,
author = {Artacho, Bruno and Savakis, Andreas},
title = {UniPose: Unified Human Pose Estimation in Single Images and Videos},
booktitle = {CVPR},
year = {2020}
}

@article{yu2015multi,
  title={Multi-scale context aggregation by dilated convolutions},
  author={Yu, Fisher and Koltun, Vladlen},
  journal={arXiv preprint arXiv:1511.07122},
  year={2015}
}

@article{detectors,
  title={DetectoRS: Detecting Objects with Recursive Feature Pyramid and Switchable Atrous Convolution},
  author={Qiao, Siyuan and Chen, Liang-Chieh and Yuille, Alan},
  journal={arXiv preprint arXiv:2006.02334},
  year={2020}
}
@article{selectivesearch,
  title={Selective search for object recognition},
  author={Uijlings, Jasper RR and Van De Sande, Koen EA and Gevers, Theo and Smeulders, Arnold WM},
  journal={IJCV},
  volume={104},
  number={2},
  year={2013},
  publisher={Springer}
}

@inproceedings{sun2019deep,
  title={Deep high-resolution representation learning for human pose estimation},
  author={Sun, Ke and Xiao, Bin and Liu, Dong and Wang, Jingdong},
  booktitle={CVPR},
  year={2019}
}


@article{spp-net,
  title={Spatial pyramid pooling in deep convolutional networks for visual recognition},
  author={He, Kaiming and Zhang, Xiangyu and Ren, Shaoqing and Sun, Jian},
  journal={TPAMI},
  volume={37},
  number={9},
  year={2015},
  publisher={IEEE}
}

@inproceedings{
foret2021sharpnessaware,
title={Sharpness-aware Minimization for Efficiently Improving Generalization},
author={Pierre Foret and Ariel Kleiner and Hossein Mobahi and Behnam Neyshabur},
booktitle={International Conference on Learning Representations},
year={2021},
url={https://openreview.net/forum?id=6Tm1mposlrM}
}


@article{simonyan2014very,
  title={Very deep convolutional networks for large-scale image recognition},
  author={Simonyan, Karen and Zisserman, Andrew},
  journal={arXiv preprint arXiv:1409.1556},
  year={2014}
}
@article{wang2020deep,
  title={Deep high-resolution representation learning for visual recognition},
  author={Wang, Jingdong and Sun, Ke and Cheng, Tianheng and Jiang, Borui and Deng, Chaorui and Zhao, Yang and Liu, Dong and Mu, Yadong and Tan, Mingkui and Wang, Xinggang and others},
  journal={TPAMI},
  year={2020},
  publisher={IEEE}
}

@InProceedings{Liu_2020_CVPR,
author = {Liu, Weide and Zhang, Chi and Lin, Guosheng and Liu, Fayao},
title = {CRNet: Cross-Reference Networks for Few-Shot Segmentation},
booktitle = {CVPR},
year = {2020}
}


@InProceedings{Wang_2020_CVPR,
author = {Wang, Yuqing and Xu, Zhaoliang and Shen, Hao and Cheng, Baoshan and Yang, Lirong},
title = {CenterMask: Single Shot Instance Segmentation With Point Representation},
booktitle = {CVPR},
year = {2020}
}

@inproceedings{metadet,
  title={Meta-learning to detect rare objects},
  author={Wang, Yu-Xiong and Ramanan, Deva and Hebert, Martial},
  booktitle={ICCV},
  year={2019}
}
@inproceedings{maskrcnn,
  title={Mask r-cnn},
  author={He, Kaiming and Gkioxari, Georgia and Doll{\'a}r, Piotr and Girshick, Ross},
  booktitle={ICCV},
  year={2017}
}


%New citation

@article{radford2015unsupervised,
  title={Unsupervised representation learning with deep convolutional generative adversarial networks},
  author={Radford, Alec and Metz, Luke and Chintala, Soumith},
  journal={arXiv preprint arXiv:1511.06434},
  year={2015}
}

@article{karras2017progressive,
  title={Progressive growing of gans for improved quality, stability, and variation},
  author={Karras, Tero and Aila, Timo and Laine, Samuli and Lehtinen, Jaakko},
  journal={arXiv preprint arXiv:1710.10196},
  year={2017}
}
@article{brock2018large,
  title={Large scale GAN training for high fidelity natural image synthesis},
  author={Brock, Andrew and Donahue, Jeff and Simonyan, Karen},
  journal={arXiv preprint arXiv:1809.11096},
  year={2018}
}

@article{karras2020training,
  title={Training generative adversarial networks with limited data},
  author={Karras, Tero and Aittala, Miika and Hellsten, Janne and Laine, Samuli and Lehtinen, Jaakko and Aila, Timo},
  journal={NeurIPS},
  volume={33},
  pages={12104--12114},
  year={2020}
}
@article{ho2020denoising,
  title={Denoising diffusion probabilistic models},
  author={Ho, Jonathan and Jain, Ajay and Abbeel, Pieter},
  journal={NeurIPS},
  volume={33},
  pages={6840--6851},
  year={2020}
}

@article{song2020score,
  title={Score-based generative modeling through stochastic differential equations},
  author={Song, Yang and Sohl-Dickstein, Jascha and Kingma, Diederik P and Kumar, Abhishek and Ermon, Stefano and Poole, Ben},
  journal={arXiv preprint arXiv:2011.13456},
  year={2020}
}

@inproceedings{rombach2022high,
  title={High-resolution image synthesis with latent diffusion models},
  author={Rombach, Robin and Blattmann, Andreas and Lorenz, Dominik and Esser, Patrick and Ommer, Bj{\"o}rn},
  booktitle={CVPR},
  pages={10684--10695},
  year={2022}
}

@article{kingma2013auto,
  title={Auto-encoding variational bayes},
  author={Kingma, Diederik P and Welling, Max},
  journal={arXiv preprint arXiv:1312.6114},
  year={2013}
}

@article{razavi2019generating,
  title={Generating diverse high-fidelity images with vq-vae-2},
  author={Razavi, Ali and Van den Oord, Aaron and Vinyals, Oriol},
  journal={NeurIPS},
  volume={32},
  year={2019}
}

@article{van2017neural,
  title={Neural discrete representation learning},
  author={Van Den Oord, Aaron and Vinyals, Oriol and others},
  journal={NeurIPS},
  volume={30},
  year={2017}
}

@article{nichol2021glide,
  title={Glide: Towards photorealistic image generation and editing with text-guided diffusion models},
  author={Nichol, Alex and Dhariwal, Prafulla and Ramesh, Aditya and Shyam, Pranav and Mishkin, Pamela and McGrew, Bob and Sutskever, Ilya and Chen, Mark},
  journal={arXiv preprint arXiv:2112.10741},
  year={2021}
}

@article{ramesh2022hierarchical,
  title={Hierarchical text-conditional image generation with clip latents},
  author={Ramesh, Aditya and Dhariwal, Prafulla and Nichol, Alex and Chu, Casey and Chen, Mark},
  journal={arXiv preprint arXiv:2204.06125},
  volume={1},
  number={2},
  pages={3},
  year={2022}
}

@article{saharia2022photorealistic,
  title={Photorealistic text-to-image diffusion models with deep language understanding},
  author={Saharia, Chitwan and Chan, William and Saxena, Saurabh and Li, Lala and Whang, Jay and Denton, Emily L and Ghasemipour, Kamyar and Gontijo Lopes, Raphael and Karagol Ayan, Burcu and Salimans, Tim and others},
  journal={NeurIPS},
  volume={35},
  pages={36479--36494},
  year={2022}
}

@inproceedings{mou2024t2i,
  title={T2i-adapter: Learning adapters to dig out more controllable ability for text-to-image diffusion models},
  author={Mou, Chong and Wang, Xintao and Xie, Liangbin and Wu, Yanze and Zhang, Jian and Qi, Zhongang and Shan, Ying},
  booktitle={AAAI},
  volume={38},
  number={5},
  pages={4296--4304},
  year={2024}
}

@article{ye2023ip,
  title={Ip-adapter: Text compatible image prompt adapter for text-to-image diffusion models},
  author={Ye, Hu and Zhang, Jun and Liu, Sibo and Han, Xiao and Yang, Wei},
  journal={arXiv preprint arXiv:2308.06721},
  year={2023}
}

@inproceedings{zhang2023adding,
  title={Adding conditional control to text-to-image diffusion models},
  author={Zhang, Lvmin and Rao, Anyi and Agrawala, Maneesh},
  booktitle={ICCV},
  pages={3836--3847},
  year={2023}
}

@inproceedings{li2023gligen,
  title={Gligen: Open-set grounded text-to-image generation},
  author={Li, Yuheng and Liu, Haotian and Wu, Qingyang and Mu, Fangzhou and Yang, Jianwei and Gao, Jianfeng and Li, Chunyuan and Lee, Yong Jae},
  booktitle={CVPR},
  pages={22511--22521},
  year={2023}
}

@inproceedings{lin2023explore,
  title={Explore the power of synthetic data on few-shot object detection},
  author={Lin, Shaobo and Wang, Kun and Zeng, Xingyu and Zhao, Rui},
  booktitle={CVPRW},
  pages={638--647},
  year={2023}
}


@inproceedings{brooks2023instructpix2pix,
  title={Instructpix2pix: Learning to follow image editing instructions},
  author={Brooks, Tim and Holynski, Aleksander and Efros, Alexei A},
  booktitle={CVPR},
  pages={18392--18402},
  year={2023}
}
@article{hertz2022prompt,
  title={Prompt-to-prompt image editing with cross attention control},
  author={Hertz, Amir and Mokady, Ron and Tenenbaum, Jay and Aberman, Kfir and Pritch, Yael and Cohen-Or, Daniel},
  journal={arXiv preprint arXiv:2208.01626},
  year={2022}
}

@article{zhuang2023task,
  title={A Task is Worth One Word: Learning with Task Prompts for High-Quality Versatile Image Inpainting},
  author={Zhuang, Junhao and Zeng, Yanhong and Liu, Wenran and Yuan, Chun and Chen, Kai},
  journal={arXiv preprint arXiv:2312.03594},
  year={2023}
}

@inproceedings{gafni2022make,
  title={Make-a-scene: Scene-based text-to-image generation with human priors},
  author={Gafni, Oran and Polyak, Adam and Ashual, Oron and Sheynin, Shelly and Parikh, Devi and Taigman, Yaniv},
  booktitle={ECCV},
  pages={89--106},
  year={2022},
  organization={Springer}
}

@inproceedings{zhang2019few,
  title={Few-shot learning via saliency-guided hallucination of samples},
  author={Zhang, Hongguang and Zhang, Jing and Koniusz, Piotr},
  booktitle={CVPR},
  pages={2770--2779},
  year={2019}
}

@article{wu2024detail,
  title={Detail Reinforcement Diffusion Model: Augmentation Fine-Grained Visual Categorization in Few-Shot Conditions},
  author={Wu, Tianxu and Ye, Shuo and Chen, Shuhuang and Peng, Qinmu and You, Xinge},
  journal={IEEE Transactions on Emerging Topics in Computational Intelligence},
  year={2024},
  publisher={IEEE}
}

@inproceedings{shen2024diffclip,
  title={Diffclip: Leveraging stable diffusion for language grounded 3d classification},
  author={Shen, Sitian and Zhu, Zilin and Fan, Linqian and Zhang, Harry and Wu, Xinxiao},
  booktitle={WACV},
  pages={3596--3605},
  year={2024}
}

@inproceedings{fang2024data,
  title={Data augmentation for object detection via controllable diffusion models},
  author={Fang, Haoyang and Han, Boran and Zhang, Shuai and Zhou, Su and Hu, Cuixiong and Ye, Wen-Ming},
  booktitle={WACV},
  pages={1257--1266},
  year={2024}
}

% Optimal transport
@article{yurochkin2019hierarchical,
  title={Hierarchical optimal transport for document representation},
  author={Yurochkin, Mikhail and Claici, Sebastian and Chien, Edward and Mirzazadeh, Farzaneh and Solomon, Justin M},
  journal={Advances in neural information processing systems},
  volume={32},
  year={2019}
}

@article{peyre2019computational,
  title={Computational optimal transport: With applications to data science},
  author={Peyr{\'e}, Gabriel and Cuturi, Marco and others},
  journal={Foundations and Trends{\textregistered} in Machine Learning},
  volume={11},
  number={5-6},
  pages={355--607},
  year={2019},
  publisher={Now Publishers, Inc.}
}

@book{villani2003topics,
  title={Topics in optimal transportation},
  author={Villani, C{\'e}dric},
  volume={58},
  year={2003},
  publisher={American Mathematical Soc.}
}

@book{villani2009optimal,
  title={Optimal transport: old and new},
  author={Villani, C{\'e}dric},
  volume={338},
  year={2009},
  publisher={Springer}
}

@inproceedings{rabin2011wasserstein,
  title={Wasserstein barycenter and its application to texture mixing},
  author={Rabin, Julien and Peyr{\'e}, Gabriel and Delon, Julie and Bernot, Marc},
  booktitle={International Conference on Scale Space and Variational Methods in Computer Vision},
  pages={435--446},
  year={2011},
  organization={Springer}
}

@article{le2019tree,
  title={Tree-sliced variants of Wasserstein distances},
  author={Le, Tam and Yamada, Makoto and Fukumizu, Kenji and Cuturi, Marco},
  journal={Advances in neural information processing systems},
  volume={32},
  year={2019}
}

@inproceedings{scetbon2021low,
  title={Low-rank sinkhorn factorization},
  author={Scetbon, Meyer and Cuturi, Marco and Peyr{\'e}, Gabriel},
  booktitle={International Conference on Machine Learning},
  pages={9344--9354},
  year={2021}
}

@inproceedings{le2022sobolev,
  title={Sobolev Transport: A Scalable Metric for Probability Measures with Graph Metrics},
  author={Le, Tam and Nguyen, Truyen and Phung, Dinh and Nguyen, Viet Anh},
  booktitle={International Conference on Artificial Intelligence and Statistics},
  pages={9844--9868},
  year={2022},
  organization={PMLR}
}
% memory

@inproceedings{park2020learning,
  title={Learning memory-guided normality for anomaly detection},
  author={Park, Hyunjong and Noh, Jongyoun and Ham, Bumsub},
  booktitle={CVPR},
  pages={14372--14381},
  year={2020}
}
@inproceedings{cornia2020meshed,
  title={Meshed-memory transformer for image captioning},
  author={Cornia, Marcella and Stefanini, Matteo and Baraldi, Lorenzo and Cucchiara, Rita},
  booktitle={CVPR},
  pages={10578--10587},
  year={2020}
}

@inproceedings{jeong2021memory,
  title={Memory-guided unsupervised image-to-image translation},
  author={Jeong, Somi and Kim, Youngjung and Lee, Eungbean and Sohn, Kwanghoon},
  booktitle={CVPR},
  pages={6558--6567},
  year={2021}
}

@inproceedings{kim2022pin,
  title={Pin the Memory: Learning to Generalize Semantic Segmentation},
  author={Kim, Jin and Lee, Jiyoung and Park, Jungin and Min, Dongbo and Sohn, Kwanghoon},
  booktitle={CVPR},
  pages={4350--4360},
  year={2022}
}

@inproceedings{yu2022memory,
  title={Memory-augmented non-local attention for video super-resolution},
  author={Yu, Jiyang and Liu, Jingen and Bo, Liefeng and Mei, Tao},
  booktitle={CVPR},
  pages={17834--17843},
  year={2022}
}

@inproceedings{wang2022remember,
  title={Remember the Difference: Cross-Domain Few-Shot Semantic Segmentation via Meta-Memory Transfer},
  author={Wang, Wenjian and Duan, Lijuan and Wang, Yuxi and En, Qing and Fan, Junsong and Zhang, Zhaoxiang},
  booktitle={CVPR},
  pages={7065--7074},
  year={2022}
}
@inproceedings{girshick2014rich,
  title={Rich feature hierarchies for accurate object detection and semantic segmentation},
  author={Girshick, Ross and Donahue, Jeff and Darrell, Trevor and Malik, Jitendra},
  booktitle={CVPR},
  pages={580--587},
  year={2014}
}

@inproceedings{sandler2022fine,
  title={Fine-tuning Image Transformers using Learnable Memory},
  author={Sandler, Mark and Zhmoginov, Andrey and Vladymyrov, Max and Jackson, Andrew},
  booktitle={CVPR},
  pages={12155--12164},
  year={2022}
}

@inproceedings{xu2022remember,
  title={Remember Intentions: Retrospective-Memory-based Trajectory Prediction},
  author={Xu, Chenxin and Mao, Weibo and Zhang, Wenjun and Chen, Siheng},
  booktitle={CVPR},
  pages={6488--6497},
  year={2022}
}

@inproceedings{tang2022learning,
  title={Learning to Imagine: Diversify Memory for Incremental Learning using Unlabeled Data},
  author={Tang, Yu-Ming and Peng, Yi-Xing and Zheng, Wei-Shi},
  booktitle={CVPR},
  pages={9549--9558},
  year={2022}
}

@inproceedings{cai2022memot,
  title={MeMOT: Multi-Object Tracking with Memory},
  author={Cai, Jiarui and Xu, Mingze and Li, Wei and Xiong, Yuanjun and Xia, Wei and Tu, Zhuowen and Soatto, Stefano},
  booktitle={CVPR},
  pages={8090--8100},
  year={2022}
}

@inproceedings{wu2022memvit,
  title={Memvit: Memory-augmented multiscale vision transformer for efficient long-term video recognition},
  author={Wu, Chao-Yuan and Li, Yanghao and Mangalam, Karttikeya and Fan, Haoqi and Xiong, Bo and Malik, Jitendra and Feichtenhofer, Christoph},
  booktitle={CVPR},
  pages={13587--13597},
  year={2022}
}

@inproceedings{yang2022memory,
  title={Memory-Augmented Deep Conditional Unfolding Network for Pan-Sharpening},
  author={Yang, Gang and Zhou, Man and Yan, Keyu and Liu, Aiping and Fu, Xueyang and Wang, Fan},
  booktitle={CVPR},
  pages={1788--1797},
  year={2022}
}

@inproceedings{liu2022learning,
  title={Learning Memory-Augmented Unidirectional Metrics for Cross-Modality Person Re-Identification},
  author={Liu, Jialun and Sun, Yifan and Zhu, Feng and Pei, Hongbin and Yang, Yi and Li, Wenhui},
  booktitle={CVPR},
  pages={19366--19375},
  year={2022}
}

@inproceedings{ji2022multi,
  title={Multi-Scale Memory-Based Video Deblurring},
  author={Ji, Bo and Yao, Angela},
  booktitle={CVPR},
  pages={1919--1928},
  year={2022}
}


@String(PAMI = {IEEE Trans. Pattern Anal. Mach. Intell.})
@String(IJCV = {Int. J. Comput. Vis.})
@String(CVPR= {IEEE Conf. Comput. Vis. Pattern Recog.})
@String(ICCV= {Int. Conf. Comput. Vis.})
@String(ECCV= {Eur. Conf. Comput. Vis.})
@String(NIPS= {Adv. Neural Inform. Process. Syst.})
@String(ICPR = {Int. Conf. Pattern Recog.})
@String(BMVC= {Brit. Mach. Vis. Conf.})
@String(TOG= {ACM Trans. Graph.})
@String(TIP  = {IEEE Trans. Image Process.})
@String(TVCG  = {IEEE Trans. Vis. Comput. Graph.})
@String(TMM  = {IEEE Trans. Multimedia})
@String(ACMMM= {ACM Int. Conf. Multimedia})
@String(ICME = {Int. Conf. Multimedia and Expo})
@String(ICASSP=	{ICASSP})
@String(ICIP = {IEEE Int. Conf. Image Process.})
@String(ACCV  = {ACCV})
@String(ICLR = {Int. Conf. Learn. Represent.})
@String(IJCAI = {IJCAI})
@String(PR   = {Pattern Recognition})
@String(AAAI = {AAAI})
@String(CVPRW= {IEEE Conf. Comput. Vis. Pattern Recog. Worksh.})
@String(CSVT = {IEEE Trans. Circuit Syst. Video Technol.})

@String(SPL	= {IEEE Sign. Process. Letters})
@String(VR   = {Vis. Res.})
@String(JOV	 = {J. Vis.})
@String(TVC  = {The Vis. Comput.})
@String(JCST  = {J. Comput. Sci. Tech.})
@String(CGF  = {Comput. Graph. Forum})
@String(CVM = {Computational Visual Media})


@String(PAMI  = {IEEE TPAMI})
@String(IJCV  = {IJCV})
@String(CVPR  = {CVPR})
@String(ICCV  = {ICCV})
@String(ECCV  = {ECCV})
@String(NIPS  = {NeurIPS})
@String(ICPR  = {ICPR})
@String(BMVC  =	{BMVC})
@String(TOG   = {ACM TOG})
@String(TIP   = {IEEE TIP})
@String(TVCG  = {IEEE TVCG})
@String(TCSVT = {IEEE TCSVT})
@String(TMM   =	{IEEE TMM})
@String(ACMMM = {ACM MM})
@String(ICME  =	{ICME})
@String(ICASSP=	{ICASSP})
@String(ICIP  = {ICIP})
@String(ACCV  = {ACCV})
@String(ICLR  = {ICLR})
@String(IJCAI = {IJCAI})
@String(PR = {PR})
@String(AAAI = {AAAI})
@String(CVPRW= {CVPRW})
@String(CSVT = {IEEE TCSVT})





@misc{Authors14,
 author = {FirstName LastName},
 title = {The frobnicatable foo filter},
 note = {Face and Gesture submission ID 324. Supplied as supplemental material {\tt fg324.pdf}},
 year = 2014
}

@misc{Authors14b,
 author = {FirstName LastName},
 title = {Frobnication tutorial},
 note = {Supplied as supplemental material {\tt tr.pdf}},
 year = 2014
}

@article{Alpher02,
author = {FirstName Alpher},
title = {Frobnication},
journal = PAMI,
volume = 12,
number = 1,
pages = {234--778},
year = 2002
}

@article{Alpher03,
author = {FirstName Alpher and  FirstName Fotheringham-Smythe},
title = {Frobnication revisited},
journal = {Journal of Foo},
volume = 13,
number = 1,
pages = {234--778},
year = 2003
}

@article{Alpher04,
author = {FirstName Alpher and FirstName Fotheringham-Smythe and FirstName Gamow},
title = {Can a machine frobnicate?},
journal = {Journal of Foo},
volume = 14,
number = 1,
pages = {234--778},
year = 2004
}

@inproceedings{Alpher05,
author = {FirstName Alpher and FirstName Gamow},
title = {Can a computer frobnicate?},
booktitle = {CVPR},
pages = {234--778},
year = 2005
}
@inproceedings{meta-rcnn,
  title={Meta r-cnn: Towards general solver for instance-level low-shot learning},
  author={Yan, Xiaopeng and Chen, Ziliang and Xu, Anni and Wang, Xiaoxi and Liang, Xiaodan and Lin, Liang},
  booktitle={ICCV},
  year={2019}
}

@book{national2000people,
  title={How people learn: Brain, mind, experience, and school: Expanded edition},
  author={National Research Council and others},
  year={2000},
  publisher={National Academies Press}
}

@inproceedings{redmon2016you,
  title={You only look once: Unified, real-time object detection},
  author={Redmon, Joseph and Divvala, Santosh and Girshick, Ross and Farhadi, Ali},
  booktitle={CVPR},
  pages={779--788},
  year={2016}
}
@inproceedings{liu2016ssd,
  title={Ssd: Single shot multibox detector},
  author={Liu, Wei and Anguelov, Dragomir and Erhan, Dumitru and Szegedy, Christian and Reed, Scott and Fu, Cheng-Yang and Berg, Alexander C},
  booktitle={ECCV},
  pages={21--37},
  year={2016},
  organization={Springer}
}
@inproceedings{yolo-reweighting,
  title={Few-shot object detection via feature reweighting},
  author={Kang, Bingyi and Liu, Zhuang and Wang, Xin and Yu, Fisher and Feng, Jiashi and Darrell, Trevor},
  booktitle={ICCV},
  year={2019}
}

@inproceedings{lin2017feature,
  title={Feature pyramid networks for object detection},
  author={Lin, Tsung-Yi and Doll{\'a}r, Piotr and Girshick, Ross and He, Kaiming and Hariharan, Bharath and Belongie, Serge},
  booktitle={CVPR},
  year={2017}
}

@article{chen2017rethinking,
  title={Rethinking atrous convolution for semantic image segmentation},
  author={Chen, Liang-Chieh and Papandreou, George and Schroff, Florian and Adam, Hartwig},
  journal={arXiv preprint arXiv:1706.05587},
  year={2017}
}

@misc{wu2019detectron2,
  author =       {Yuxin Wu and Alexander Kirillov and Francisco Massa and Wan-Yen Lo and Ross Girshick},
  title =        {Detectron2},
  howpublished = {\url{https://github.com/facebookresearch/detectron2}},
  year =         {2019}
}

@inproceedings{he2016deep,
  title={Deep residual learning for image recognition},
  author={He, Kaiming and Zhang, Xiangyu and Ren, Shaoqing and Sun, Jian},
  booktitle={CVPR},
  year={2016}
}

@inproceedings{szegedy2016rethinking,
  title={Rethinking the inception architecture for computer vision},
  author={Szegedy, Christian and Vanhoucke, Vincent and Ioffe, Sergey and Shlens, Jon and Wojna, Zbigniew},
  booktitle={CVPR},
  year={2016}
}
@article{zhou2019objects,
  title={Objects as points},
  author={Zhou, Xingyi and Wang, Dequan and Kr{\"a}henb{\"u}hl, Philipp},
  journal={arXiv preprint arXiv:1904.07850},
  year={2019}
}

@inproceedings{rpn-attention,
  title={Few-shot object detection with attention-RPN and multi-relation detector},
  author={Fan, Qi and Zhuo, Wei and Tang, Chi-Keung and Tai, Yu-Wing},
  booktitle={CVPR},
  year={2020}
}
@inproceedings{perez2020incremental,
  title={Incremental few-shot object detection},
  author={Perez-Rua, Juan-Manuel and Zhu, Xiatian and Hospedales, Timothy M and Xiang, Tao},
  booktitle={CVPR},
  year={2020}
}
 
@inproceedings{imtfa,
  title={Incremental Few-Shot Instance Segmentation},
  author={Ganea, Dan Andrei and Boom, Bas and Poppe, Ronald},
  booktitle={CVPR},
  year={2021}
}

@article{faster-rcnn,
  title={Faster R-CNN: towards real-time object detection with region proposal networks},
  author={Ren, Shaoqing and He, Kaiming and Girshick, Ross and Sun, Jian},
  journal={TPAMI},
  volume={39},
  number={6},
  pages={1137--1149},
  year={2016},
  publisher={IEEE}
}

@inproceedings{zhang2023monodetr,
  title={Monodetr: Depth-guided transformer for monocular 3d object detection},
  author={Zhang, Renrui and Qiu, Han and Wang, Tai and Guo, Ziyu and Cui, Ziteng and Qiao, Yu and Li, Hongsheng and Gao, Peng},
  booktitle={ICCV},
  pages={9155--9166},
  year={2023}
}
1

@article{meta-detr,
  title={Meta-detr: Image-level few-shot object detection with inter-class correlation exploitation},
  author={Zhang, Gongjie and Luo, Zhipeng and Cui, Kaiwen and Lu, Shijian},
  journal={arXiv preprint arXiv:2103.11731},
  year={2021}
}

@inproceedings{cao2022cf,
  title={Cf-detr: Coarse-to-fine transformers for end-to-end object detection},
  author={Cao, Xipeng and Yuan, Peng and Feng, Bailan and Niu, Kun},
  booktitle={AAAI},
  volume={36},
  number={1},
  pages={185--193},
  year={2022}
}

@inproceedings{dai2021up,
  title={Up-detr: Unsupervised pre-training for object detection with transformers},
  author={Dai, Zhigang and Cai, Bolun and Lin, Yugeng and Chen, Junying},
  booktitle={CVPR},
  pages={1601--1610},
  year={2021}
}
1
@inproceedings{han2022few,
  title={Few-shot object detection with fully cross-transformer},
  author={Han, Guangxing and Ma, Jiawei and Huang, Shiyuan and Chen, Long and Chang, Shih-Fu},
  booktitle={CVPR},
  pages={5321--5330},
  year={2022}
}
@InProceedings{han2023few,
    title     = {Few-Shot Object Detection via Variational Feature Aggregation},
    author    = {Han, Jiaming and Ren, Yuqiang and Ding, Jian and Yan, Ke and Xia, Gui-Song},
    booktitle = {AAAI},
    year      = {2023}
}
@inproceedings{max-margin,
  title={Beyond Max-Margin: Class Margin Equilibrium for Few-shot Object Detection},
  author={Li, Bohao and Yang, Boyu and Liu, Chang and Liu, Feng and Ji, Rongrong and Ye, Qixiang},
  booktitle={CVPR},
  year={2021}
}
@inproceedings{zhu2021semantic,
  title={Semantic relation reasoning for shot-stable few-shot object detection},
  author={Zhu, Chenchen and Chen, Fangyi and Ahmed, Uzair and Shen, Zhiqiang and Savvides, Marios},
  booktitle={CVPR},
  year={2021}
}

@inproceedings{khandelwal2021unit,
  title={UniT: Unified Knowledge Transfer for Any-shot Object Detection and Segmentation},
  author={Khandelwal, Siddhesh and Goyal, Raghav and Sigal, Leonid},
  booktitle={CVPR},
  year={2021}
}

@article{schuhmann2022laion,
  title={Laion-5b: An open large-scale dataset for training next generation image-text models},
  author={Schuhmann, Christoph and Beaumont, Romain and Vencu, Richard and Gordon, Cade and Wightman, Ross and Cherti, Mehdi and Coombes, Theo and Katta, Aarush and Mullis, Clayton and Wortsman, Mitchell and others},
  journal={Advances in Neural Information Processing Systems},
  volume={35},
  pages={25278--25294},
  year={2022}
}
1

@inproceedings{sun2021fsce,
  title={Fsce: Few-shot object detection via contrastive proposal encoding},
  author={Sun, Bo and Li, Banghuai and Cai, Shengcai and Yuan, Ye and Zhang, Chi},
  booktitle={CVPR},
  pages={7352--7362},
  year={2021}
}

@article{song2024inferring,
  title={Inferring neural activity before plasticity as a foundation for learning beyond backpropagation},
  author={Song, Yuhang and Millidge, Beren and Salvatori, Tommaso and Lukasiewicz, Thomas and Xu, Zhenghua and Bogacz, Rafal},
  journal={Nature Neuroscience},
  pages={1--11},
  year={2024},
  publisher={Nature Publishing Group US New York}
}
1
@inproceedings{he2020momentum,
  title={Momentum contrast for unsupervised visual representation learning},
  author={He, Kaiming and Fan, Haoqi and Wu, Yuxin and Xie, Saining and Girshick, Ross},
  booktitle={CVPR},
  pages={9729--9738},
  year={2020}
}

@inproceedings{wu2018unsupervised,
  title={Unsupervised feature learning via non-parametric instance discrimination},
  author={Wu, Zhirong and Xiong, Yuanjun and Yu, Stella X and Lin, Dahua},
  booktitle={CVPR},
  pages={3733--3742},
  year={2018}
}

@inproceedings{hu2021dense,
  title={Dense Relation Distillation with Context-aware Aggregation for Few-Shot Object Detection},
  author={Hu, Hanzhe and Bai, Shuai and Li, Aoxue and Cui, Jinshi and Wang, Liwei},
  booktitle={CVPR},
  year={2021}
}
@inproceedings{zhang2022kernelized,
  title={Kernelized Few-Shot Object Detection With Efficient Integral Aggregation},
  author={Zhang, Shan and Wang, Lei and Murray, Naila and Koniusz, Piotr},
  booktitle={CVPR},
  pages={19207--19216},
  year={2022}
}

@inproceedings{yin2022sylph,
  title={Sylph: A hypernetwork framework for incremental few-shot object detection},
  author={Yin, Li and Perez-Rua, Juan M and Liang, Kevin J},
  booktitle={CVPR},
  pages={9035--9045},
  year={2022}
}

@inproceedings{zhao2022semantic,
  title={Semantic-aligned Fusion Transformer for One-shot Object Detection},
  author={Zhao, Yizhou and Guo, Xun and Lu, Yan},
  booktitle={CVPR},
  pages={7601--7611},
  year={2022}
}

@article{everingham2010pascal,
  title={The pascal visual object classes (voc) challenge},
  author={Everingham, Mark and Van Gool, Luc and Williams, Christopher KI and Winn, John and Zisserman, Andrew},
  journal={IJCV},
  volume={88},
  number={2},
  year={2010},
}
@article{everingham2015pascal,
  title={The pascal visual object classes challenge: A retrospective},
  author={Everingham, Mark and Eslami, SM Ali and Van Gool, Luc and Williams, Christopher KI and Winn, John and Zisserman, Andrew},
  journal={IJCV},
  volume={111},
  number={1},
  year={2015},
}


@inproceedings{he2017mask,
  author    = {Kaiming He and
               Georgia Gkioxari and
               Piotr Doll{\'{a}}r and
               Ross B. Girshick},
  title     = {Mask {R-CNN}},
  booktitle = {ICCV },
  pages     = {2980--2988},
  year      = {2017}
}

@inproceedings{lin2014microsoft,
  title={Microsoft coco: Common objects in context},
  author={Lin, Tsung-Yi and Maire, Michael and Belongie, Serge and Hays, James and Perona, Pietro and Ramanan, Deva and Doll{\'a}r, Piotr and Zitnick, C Lawrence},
  booktitle={ECCV},
  year={2014}
}

@inproceedings{metadet,
  title={Meta-learning to detect rare objects},
  author={Wang, Yu-Xiong and Ramanan, Deva and Hebert, Martial},
  booktitle={ICCV },
  year={2019}
}
@inproceedings{trans-int,
  title={Transformation Invariant Few-Shot Object Detection},
  author={Li, Aoxue and Li, Zhenguo},
  booktitle={CVPR},
  year={2021}
}
@inproceedings{fgn,
  title={Fgn: Fully guided network for few-shot instance segmentation},
  author={Fan, Zhibo and Yu, Jin-Gang and Liang, Zhihao and Ou, Jiarong and Gao, Changxin and Xia, Gui-Song and Li, Yuanqing},
  booktitle={CVPR},
  year={2020}
}
@article{oneshot-instance,
  title={One-shot instance segmentation},
  author={Michaelis, Claudio and Ustyuzhaninov, Ivan and Bethge, Matthias and Ecker, Alexander S},
  journal={arXiv preprint arXiv:1811.11507},
  year={2018}
}

% few-shot semantic segmentation 

@InProceedings{panet,
author = {Liu, Shu and Qi, Lu and Qin, Haifang and Shi, Jianping and Jia, Jiaya},
title = {Path Aggregation Network for Instance Segmentation},
booktitle = {CVPR},
year = {2018}
}

@InProceedings{Min_2021_ICCV,
    author    = {Min, Juhong and Kang, Dahyun and Cho, Minsu},
    title     = {Hypercorrelation Squeeze for Few-Shot Segmentation},
    booktitle = {ICCV },
    year      = {2021},
}

@inproceedings{wu2021learning,
  title={Learning meta-class memory for few-shot semantic segmentation},
  author={Wu, Zhonghua and Shi, Xiangxi and Lin, Guosheng and Cai, Jianfei},
  booktitle={ICCV },
  year={2021}
}

@InProceedings{Yang_2021_ICCV,
    author    = {Yang, Lihe and Zhuo, Wei and Qi, Lei and Shi, Yinghuan and Gao, Yang},
    title     = {Mining Latent Classes for Few-Shot Segmentation},
    booktitle = {ICCV },
    year      = {2021},
}

@inproceedings{xie2021few,
  title={Few-shot semantic segmentation with cyclic memory network},
  author={Xie, Guo-Sen and Xiong, Huan and Liu, Jie and Yao, Yazhou and Shao, Ling},
  booktitle={ICCV },
  year={2021}
}


@article{tian2020prior,
  title={Prior guided feature enrichment network for few-shot segmentation},
  author={Tian, Zhuotao and Zhao, Hengshuang and Shu, Michelle and Yang, Zhicheng and Li, Ruiyu and Jia, Jiaya},
  journal={TPAMI},
  year={2020},
  publisher={IEEE}
}


@inproceedings{xiao2020few,
  title={Few-shot object detection and viewpoint estimation for objects in the wild},
  author={Xiao, Yang and Marlet, Renaud},
  booktitle={ECCV},
  pages={192--210},
  year={2020},
  organization={Springer}
}


@inproceedings{han2021query,
  title={Query adaptive few-shot object detection with heterogeneous graph convolutional networks},
  author={Han, Guangxing and He, Yicheng and Huang, Shiyuan and Ma, Jiawei and Chang, Shih-Fu},
  booktitle={ICCV},
  pages={3263--3272},
  year={2021}
}

@inproceedings{hamerly2002alternatives,
  title={Alternatives to the k-means algorithm that find better clusterings},
  author={Hamerly, Greg and Elkan, Charles},
  booktitle={Proceedings of the eleventh international conference on Information and knowledge management},
  pages={600--607},
  year={2002}
}
@book{bezdek2013pattern,
  title={Pattern recognition with fuzzy objective function algorithms},
  author={Bezdek, James C},
  year={2013},
  publisher={Springer Science \& Business Media}
}
1

@inproceedings{han2022meta,
  title={Meta faster r-cnn: Towards accurate few-shot object detection with attentive feature alignment},
  author={Han, Guangxing and Huang, Shiyuan and Ma, Jiawei and He, Yicheng and Chang, Shih-Fu},
  booktitle={AAAI},
  volume={36},
  number={1},
  pages={780--789},
  year={2022}
}

%  added 

% semantic segmentaion
@inproceedings{lu2021simpler,
  title={Simpler is better: Few-shot semantic segmentation with classifier weight transformer},
  author={Lu, Zhihe and He, Sen and Zhu, Xiatian and Zhang, Li and Song, Yi-Zhe and Xiang, Tao},
  booktitle={ICCV },
  pages={8741--8750},
  year={2021}
}

@InProceedings{Cheng_2021_ICCV,
    author    = {Cheng, Jiaxin and Nandi, Soumyaroop and Natarajan, Prem and Abd-Almageed, Wael},
    title     = {SIGN: Spatial-Information Incorporated Generative Network for Generalized Zero-Shot Semantic Segmentation},
    booktitle = {ICCV },
    month     = {October},
    year      = {2021},
    pages     = {9556-9566}
}


@inproceedings{baek2021exploiting,
  title={Exploiting a joint embedding space for generalized zero-shot semantic segmentation},
  author={Baek, Donghyeon and Oh, Youngmin and Ham, Bumsub},
  booktitle={ICCV },
  pages={9536--9545},
  year={2021}
}


% object detection
@inproceedings{zhong2022pica,
  title={PICA: Point-Wise Instance and Centroid Alignment Based Few-Shot Domain Adaptive Object Detection With Loose Annotations},
  author={Zhong, Chaoliang and Wang, Jie and Feng, Cheng and Zhang, Ying and Sun, Jun and Yokota, Yasuto},
  booktitle={WACV},
  pages={2329--2338},
  year={2022}
}
@article{wang2023boosting,
  title={Boosting visual-language models by exploiting hard samples},
  author={Wang, Haonan and Huang, Minbin and Huang, Runhui and Hong, Lanqing and Xu, Hang and Hu, Tianyang and Liang, Xiaodan and Li, Zhenguo and Cheng, Hong and Kawaguchi, Kenji},
  journal={arXiv preprint arXiv:2305.05208},
  year={2023}
}
@article{dosovitskiy2020image,
  title={An image is worth 16x16 words: Transformers for image recognition at scale},
  author={Dosovitskiy, Alexey and Beyer, Lucas and Kolesnikov, Alexander and Weissenborn, Dirk and Zhai, Xiaohua and Unterthiner, Thomas and Dehghani, Mostafa and Minderer, Matthias and Heigold, Georg and Gelly, Sylvain and others},
  journal={ICLR},
  year={2021}
}
1
@inproceedings{sun2019mvp,
  title={Mvp matching: A maximum-value perfect matching for mining hard samples, with application to person re-identification},
  author={Sun, Han and Chen, Zhiyuan and Yan, Shiyang and Xu, Lin},
  booktitle={CVPR},
  pages={6737--6747},
  year={2019}
}


1
@article{zhu2022spatial,
  title={Spatial hierarchy perception and hard samples metric learning for high-resolution remote sensing image object detection},
  author={Zhu, Dongjun and Xia, Shixiong and Zhao, Jiaqi and Zhou, Yong and Niu, Qiang and Yao, Rui and Chen, Ying},
  journal={Applied Intelligence},
  volume={52},
  number={3},
  pages={3193--3208},
  year={2022},
  publisher={Springer}
}


1
@inproceedings{shaban2022few,
  title={Few-shot Weakly-Supervised Object Detection via Directional Statistics},
  author={Shaban, Amirreza and Rahimi, Amir and Ajanthan, Thalaiyasingam and Boots, Byron and Hartley, Richard},
  booktitle={WACV},
  pages={3920--3929},
  year={2022}
}

@inproceedings{deng2009imagenet,
  title={Imagenet: A large-scale hierarchical image database},
  author={Deng, Jia and Dong, Wei and Socher, Richard and Li, Li-Jia and Li, Kai and Fei-Fei, Li},
  booktitle={CVPR},
  pages={248--255},
  year={2009},
  organization={Ieee}
}

@article{cuturi2013sinkhorn,
  title={Sinkhorn distances: Lightspeed computation of optimal transport},
  author={Cuturi, Marco},
  journal={Advances in neural information processing systems},
  volume={26},
  year={2013}
}

@inproceedings{lee2022few,
  title={Few-Shot Object Detection by Attending to Per-Sample-Prototype},
  author={Lee, Hojun and Lee, Myunggi and Kwak, Nojun},
  booktitle={WACV},
  pages={2445--2454},
  year={2022}
}

% classification

@inproceedings{ben2021semantic,
  title={Semantic diversity learning for zero-shot multi-label classification},
  author={Ben-Cohen, Avi and Zamir, Nadav and Ben-Baruch, Emanuel and Friedman, Itamar and Zelnik-Manor, Lihi},
  booktitle={ICCV },
  pages={640--650},
  year={2021}
}

@inproceedings{mall2021field,
  title={Field-Guide-Inspired Zero-Shot Learning},
  author={Mall, Utkarsh and Hariharan, Bharath and Bala, Kavita},
  booktitle={ICCV },
  pages={9546--9555},
  year={2021}
}

@inproceedings{fei2021z,
  title={Z-score normalization, hubness, and few-shot learning},
  author={Fei, Nanyi and Gao, Yizhao and Lu, Zhiwu and Xiang, Tao},
  booktitle={ICCV },
  pages={142--151},
  year={2021}
}

% Action Recognition 

@inproceedings{patravali2021unsupervised,
  title={Unsupervised Few-Shot Action Recognition via Action-Appearance Aligned Meta-Adaptation},
  author={Patravali, Jay and Mittal, Gaurav and Yu, Ye and Li, Fuxin and Chen, Mei},
  booktitle={ICCV},
  pages={8484--8494},
  year={2021}
}
@inproceedings{chen2021elaborative,
  title={Elaborative rehearsal for zero-shot action recognition},
  author={Chen, Shizhe and Huang, Dong},
  booktitle={ICCV},
  pages={13638--13647},
  year={2021}
}

@inproceedings{memmesheimer2022skeleton,
  title={Skeleton-DML: Deep Metric Learning for Skeleton-Based One-Shot Action Recognition},
  author={Memmesheimer, Raphael and H{\"a}ring, Simon and Theisen, Nick and Paulus, Dietrich},
  booktitle={WACV},
  pages={3702--3710},
  year={2022}
}

@inproceedings{hong2021video,
  title={Video Pose Distillation for Few-Shot, Fine-Grained Sports Action Recognition},
  author={Hong, James and Fisher, Matthew and Gharbi, Micha{\"e}l and Fatahalian, Kayvon},
  booktitle={ICCV },
  pages={9254--9263},
  year={2021}
}

@inproceedings{cao2020few,
  title={Few-shot video classification via temporal alignment},
  author={Cao, Kaidi and Ji, Jingwei and Cao, Zhangjie and Chang, Chien-Yi and Niebles, Juan Carlos},
  booktitle={CVPR},
  pages={10618--10627},
  year={2020}
}

@inproceedings{kumar2019protogan,
  title={Protogan: Towards few shot learning for action recognition},
  author={Kumar Dwivedi, Sai and Gupta, Vikram and Mitra, Rahul and Ahmed, Shuaib and Jain, Arjun},
  booktitle={ICCV  Workshops},
  pages={0--0},
  year={2019}
}

@inproceedings{mishra2018generative,
  title={A generative approach to zero-shot and few-shot action recognition},
  author={Mishra, Ashish and Verma, Vinay Kumar and Reddy, M Shiva Krishna and Arulkumar, S and Rai, Piyush and Mittal, Anurag},
  booktitle={WACV},
  pages={372--380},
  year={2018},
  organization={IEEE}
}
@inproceedings{defrcn,
  title={Defrcn: Decoupled faster r-cnn for few-shot object detection},
  author={Qiao, Limeng and Zhao, Yuxuan and Li, Zhiyuan and Qiu, Xi and Wu, Jianan and Zhang, Chi},
  booktitle={ICCV},
  pages={8681--8690},
  year={2021}
}

% Adaptation 
@inproceedings{zhang2021meta,
  title={Meta navigator: Search for a good adaptation policy for few-shot learning},
  author={Zhang, Chi and Ding, Henghui and Lin, Guosheng and Li, Ruibo and Wang, Changhu and Shen, Chunhua},
  booktitle={ICCV},
  pages={9435--9444},
  year={2021}
}

@inproceedings{lengyel2021zero,
  title={Zero-Shot Day-Night Domain Adaptation with a Physics Prior},
  author={Lengyel, Attila and Garg, Sourav and Milford, Michael and van Gemert, Jan C},
  booktitle={ICCV },
  pages={4399--4409},
  year={2021}
}
@inproceedings{jhoo2021collaborative,
  title={Collaborative Learning With Disentangled Features for Zero-Shot Domain Adaptation},
  author={Jhoo, Won Young and Heo, Jae-Pil},
  booktitle={ICCV },
  pages={8896--8905},
  year={2021}
}

%  GAN 
@inproceedings{hinz2022charactergan,
  title={CharacterGAN: Few-Shot Keypoint Character Animation and Reposing},
  author={Hinz, Tobias and Fisher, Matthew and Wang, Oliver and Shechtman, Eli and Wermter, Stefan},
  booktitle={WACV},
  pages={1988--1997},
  year={2022}
}

@inproceedings{sheynin2021hierarchical,
  title={A hierarchical transformation-discriminating generative model for few shot anomaly detection},
  author={Sheynin, Shelly and Benaim, Sagie and Wolf, Lior},
  booktitle={ICCV },
  pages={8495--8504},
  year={2021}
}

@inproceedings{cheraghian2021synthesized,
  title={Synthesized Feature based Few-Shot Class-Incremental Learning on a Mixture of Subspaces},
  author={Cheraghian, Ali and Rahman, Shafin and Ramasinghe, Sameera and Fang, Pengfei and Simon, Christian and Petersson, Lars and Harandi, Mehrtash},
  booktitle={ICCV},
  pages={8661--8670},
  year={2021}
}

@inproceedings{gu2021lofgan,
  title={Lofgan: Fusing local representations for few-shot image generation},
  author={Gu, Zheng and Li, Wenbin and Huo, Jing and Wang, Lei and Gao, Yang},
  booktitle={ICCV},
  pages={8463--8471},
  year={2021}
}


@inproceedings{hoiem2012diagnosing,
  title={Diagnosing error in object detectors},
  author={Hoiem, Derek and Chodpathumwan, Yodsawalai and Dai, Qieyun},
  booktitle={ECCV},
  pages={340--353},
  year={2012},
  organization={Springer}
}





@inproceedings{zhang2021hallucination,
  title={Hallucination improves few-shot object detection},
  author={Zhang, Weilin and Wang, Yu-Xiong},
  booktitle={CVPR},
  pages={13008--13017},
  year={2021}
}



@inproceedings{carion2020end,
  title={End-to-end object detection with transformers},
  author={Carion, Nicolas and Massa, Francisco and Synnaeve, Gabriel and Usunier, Nicolas and Kirillov, Alexander and Zagoruyko, Sergey},
  booktitle={ECCV},
  pages={213--229},
  year={2020},
  organization={Springer}
}




% optimal transport
@inproceedings{saleh2022bending,
  title={Bending Graphs: Hierarchical Shape Matching using Gated Optimal Transport},
  author={Saleh, Mahdi and Wu, Shun-Cheng and Cosmo, Luca and Navab, Nassir and Busam, Benjamin and Tombari, Federico},
  booktitle={CVPR},
  pages={11757--11767},
  year={2022}
}


@inproceedings{xu2019learning,
  title={Learning with batch-wise optimal transport loss for 3d shape recognition},
  author={Xu, Lin and Sun, Han and Liu, Yuai},
  booktitle={CVPR},
  pages={3333--3342},
  year={2019}
}

@article{wu2021data,
  title={Data Efficient Language-supervised Zero-shot Recognition with Optimal Transport Distillation},
  author={Wu, Bichen and Cheng, Ruizhe and Zhang, Peizhao and Vajda, Peter and Gonzalez, Joseph E},
  journal={arXiv preprint arXiv:2112.09445},
  year={2021}
}

@inproceedings{wang2021zero,
  title={Zero-shot recognition via optimal transport},
  author={Wang, Wenlin and Xu, Hongteng and Wang, Guoyin and Wang, Wenqi and Carin, Lawrence},
  booktitle={WACV},
  pages={3471--3481},
  year={2021}
}

@inproceedings{ge2021ota,
  title={Ota: Optimal transport assignment for object detection},
  author={Ge, Zheng and Liu, Songtao and Li, Zeming and Yoshie, Osamu and Sun, Jian},
  booktitle={CVPR},
  pages={303--312},
  year={2021}
}


@article{benamou2015iterative,
  title={Iterative Bregman projections for regularized transportation problems},
  author={Benamou, Jean-David and Carlier, Guillaume and Cuturi, Marco and Nenna, Luca and Peyr{\'e}, Gabriel},
  journal={SIAM Journal on Scientific Computing},
  volume={37},
  number={2},
  pages={A1111--A1138},
  year={2015},
  publisher={SIAM}
}

@article{salimans2018improving,
  title={Improving GANs using optimal transport},
  author={Salimans, Tim and Zhang, Han and Radford, Alec and Metaxas, Dimitris},
  journal={arXiv preprint arXiv:1803.05573},
  year={2018}
}

@techreport{arthur2006k,
  title={k-means++: The advantages of careful seeding},
  author={Arthur, David and Vassilvitskii, Sergei},
  year={2006},
  institution={Stanford}
}
@inproceedings{reynolds2021prompt,
  title={Prompt programming for large language models: Beyond the few-shot paradigm},
  author={Reynolds, Laria and McDonell, Kyle},
  booktitle={Extended abstracts of the 2021 CHI conference on human factors in computing systems},
  pages={1--7},
  year={2021}
}
@inproceedings{kaul2022label,
  title={Label, verify, correct: A simple few shot object detection method},
  author={Kaul, Prannay and Xie, Weidi and Zisserman, Andrew},
  booktitle={CVPR},
  pages={14237--14247},
  year={2022}
}


@inproceedings{demirel2023meta,
  title={Meta-tuning Loss Functions and Data Augmentation for Few-shot Object Detection},
  author={Demirel, Berkan and Baran, Orhun Bu{\u{g}}ra and Cinbis, Ramazan Gokberk},
  booktitle={CVPR},
  pages={7339--7349},
  year={2023}
}

@inproceedings{li2023disentangle,
  title={Disentangle and Remerge: Interventional Knowledge Distillation for Few-Shot Object Detection from a Conditional Causal Perspective},
  author={Li, Jiangmeng and Zhang, Yanan and Qiang, Wenwen and Si, Lingyu and Jiao, Chengbo and Hu, Xiaohui and Zheng, Changwen and Sun, Fuchun},
  booktitle={AAAI},
  volume={37},
  number={1},
  pages={1323--1333},
  year={2023}
}


@inproceedings{jiang2023few,
  title={Few-shot object detection via improved classification features},
  author={Jiang, Xinyu and Li, Zhengjia and Tian, Maoqing and Liu, Jianbo and Yi, Shuai and Miao, Duoqian},
  booktitle={WACV},
  pages={5386--5395},
  year={2023}
}


@inproceedings{guirguis2023towards,
  title={Towards Discriminative and Transferable One-Stage Few-Shot Object Detectors},
  author={Guirguis, Karim and Abdelsamad, Mohamed and Eskandar, George and Hendawy, Ahmed and Kayser, Matthias and Yang, Bin and Beyerer, Juergen},
  booktitle={WACV},
  pages={3760--3769},
  year={2023}
}
1

@inproceedings{lu2023breaking,
  title={Breaking Immutable: Information-Coupled Prototype Elaboration for Few-Shot Object Detection},
  author={Lu, Xiaonan and Diao, Wenhui and Mao, Yongqiang and Li, Junxi and Wang, Peijin and Sun, Xian and Fu, Kun},
  booktitle={AAAI},
  volume={37},
  number={2},
  pages={1844--1852},
  year={2023}
}
@inproceedings{xu2023generating,
  title={Generating Features with Increased Crop-related Diversity for Few-Shot Object Detection},
  author={Xu, Jingyi and Le, Hieu and Samaras, Dimitris},
  booktitle={CVPR},
  pages={19713--19722},
  year={2023}
}


@inproceedings{du2023s,
  title={s-Adaptive Decoupled Prototype for Few-Shot Object Detection},
  author={Du, Jinhao and Zhang, Shan and Chen, Qiang and Le, Haifeng and Sun, Yanpeng and Ni, Yao and Wang, Jian and He, Bin and Wang, Jingdong},
  booktitle={ICCV},
  pages={18950--18960},
  year={2023}
}


@inproceedings{ma2023digeo,
  title={DiGeo: Discriminative Geometry-Aware Learning for Generalized Few-Shot Object Detection},
  author={Ma, Jiawei and Niu, Yulei and Xu, Jincheng and Huang, Shiyuan and Han, Guangxing and Chang, Shih-Fu},
  booktitle={CVPR},
  pages={3208--3218},
  year={2023}
}

@article{vu2022few,
  title={Few-shot object detection via baby learning},
  author={Vu, Anh-Khoa Nguyen and Nguyen, Nhat-Duy and Nguyen, Khanh-Duy and Nguyen, Vinh-Tiep and Ngo, Thanh Duc and Do, Thanh-Toan and Nguyen, Tam V},
  journal={Image and Vision Computing},
  volume={120},
  pages={104398},
  year={2022},
  publisher={Elsevier}
}

@inproceedings{vu2021df,
  title={DF-FSOD: A Novel Approach for Few-shot Object Detection via Distinguished Features},
  author={Vu, Anh-Khoa Nguyen and Nguyen, Thanh-Danh and Nguyen, Vinh-Tiep and Ngo, Thanh Duc},
  booktitle={2021 International Conference on Multimedia Analysis and Pattern Recognition (MAPR)},
  pages={1--6},
  year={2021},
  organization={IEEE}
}


@inproceedings{radford2021learning,
  title={Learning transferable visual models from natural language supervision},
  author={Radford, Alec and Kim, Jong Wook and Hallacy, Chris and Ramesh, Aditya and Goh, Gabriel and Agarwal, Sandhini and Sastry, Girish and Askell, Amanda and Mishkin, Pamela and Clark, Jack and others},
  booktitle={International conference on machine learning},
  pages={8748--8763},
  year={2021},
  organization={PMLR}
}
1

@inproceedings{wang2024snida,
  title={SNIDA: Unlocking Few-Shot Object Detection with Non-linear Semantic Decoupling Augmentation},
  author={Wang, Yanjie and Zou, Xu and Yan, Luxin and Zhong, Sheng and Zhou, Jiahuan},
  booktitle={CVPR},
  pages={12544--12553},
  year={2024}
}
1
@article{vu2023few,
  title={Few-Shot Object Detection via Synthetic Features with Optimal Transport},
  author={Vu, Anh-Khoa Nguyen and Do, Thanh-Toan and Nguyen, Vinh-Tiep and Le, Tam and Tran, Minh-Triet and Nguyen, Tam V},
  journal={arXiv preprint arXiv:2308.15005},
  year={2023}
}
1
@article{vu2023instance,
  title={Instance-level Few-shot Learning with Class Hierarchy Mining},
  author={Vu, Anh-Khoa Nguyen and Do, Thanh-Toan and Nguyen, Nhat-Duy and Nguyen, Vinh-Tiep and Ngo, Thanh Duc and Nguyen, Tam V},
  journal={TIP},
  year={2023},
  publisher={IEEE}
}


@article{van2008visualizing,
  title={Visualizing data using t-SNE.},
  author={Van der Maaten, Laurens and Hinton, Geoffrey},
  journal={Journal of machine learning research},
  volume={9},
  number={11},
  year={2008}
}
1
@inproceedings{guirguis2023niff,
  title={NIFF: Alleviating Forgetting in Generalized Few-Shot Object Detection via Neural Instance Feature Forging},
  author={Guirguis, Karim and Meier, Johannes and Eskandar, George and Kayser, Matthias and Yang, Bin and Beyerer, J{\"u}rgen},
  booktitle={CVPR},
  pages={24193--24202},
  year={2023}
}


@inproceedings{bulat2023fs,
  title={Fs-detr: Few-shot detection transformer with prompting and without re-training},
  author={Bulat, Adrian and Guerrero, Ricardo and Martinez, Brais and Tzimiropoulos, Georgios},
  booktitle={ICCV},
  pages={11793--11802},
  year={2023}
}


@inproceedings{song2020revisiting,
  title={Revisiting the sibling head in object detector},
  author={Song, Guanglu and Liu, Yu and Wang, Xiaogang},
  booktitle={CVPR},
  pages={11563--11572},
  year={2020}
}
@inproceedings{cai2018cascade,
  title={Cascade r-cnn: Delving into high quality object detection},
  author={Cai, Zhaowei and Vasconcelos, Nuno},
  booktitle={CVPR},
  pages={6154--6162},
  year={2018}
}

@article{devries2017improved,
  title={Improved Regularization of Convolutional Neural Networks with Cutout},
  author={DeVries, Terrance},
  journal={arXiv preprint arXiv:1708.04552},
  year={2017}
}
@article{chen2020gridmask,
  title={Gridmask data augmentation},
  author={Chen, Pengguang and Liu, Shu and Zhao, Hengshuang and Jia, Jiaya},
  journal={arXiv preprint arXiv:2001.04086},
  year={2020}
}
@inproceedings{cubuk2019autoaugment,
  title={Autoaugment: Learning augmentation strategies from data},
  author={Cubuk, Ekin D and Zoph, Barret and Mane, Dandelion and Vasudevan, Vijay and Le, Quoc V},
  booktitle={CVPR},
  pages={113--123},
  year={2019}
}
@inproceedings{zoph2020learning,
  title={Learning data augmentation strategies for object detection},
  author={Zoph, Barret and Cubuk, Ekin D and Ghiasi, Golnaz and Lin, Tsung-Yi and Shlens, Jonathon and Le, Quoc V},
  booktitle={ECCV},
  pages={566--583},
  year={2020},
  organization={Springer}
}

@inproceedings{yun2019cutmix,
  title={Cutmix: Regularization strategy to train strong classifiers with localizable features},
  author={Yun, Sangdoo and Han, Dongyoon and Oh, Seong Joon and Chun, Sanghyuk and Choe, Junsuk and Yoo, Youngjoon},
  booktitle={CVPR},
  pages={6023--6032},
  year={2019}
}
@inproceedings{li2022airdet,
  title={Airdet: Few-shot detection without fine-tuning for autonomous exploration},
  author={Li, Bowen and Wang, Chen and Reddy, Pranay and Kim, Seungchan and Scherer, Sebastian},
  booktitle={ECCV},
  pages={427--444},
  year={2022},
  organization={Springer}
}

@article{shen2024sg,
  title={SG-Adapter: Enhancing Text-to-Image Generation with Scene Graph Guidance},
  author={Shen, Guibao and Wang, Luozhou and Lin, Jiantao and Ge, Wenhang and Zhang, Chaozhe and Tao, Xin and Zhang, Yuan and Wan, Pengfei and Wang, Zhongyuan and Chen, Guangyong and others},
  journal={arXiv preprint arXiv:2405.15321},
  year={2024}
}

1@article{cortes1995support,
  title={Support-Vector Networks},
  author={Cortes, Corinna},
  journal={Machine Learning},
  year={1995}
}
@article{rosenholtz2007measuring,
  title={Measuring visual clutter},
  author={Rosenholtz, Ruth and Li, Yuanzhen and Nakano, Lisa},
  journal={Journal of vision},
  volume={7},
  number={2},
  pages={17--17},
  year={2007},
  publisher={The Association for Research in Vision and Ophthalmology}
}
@article{le2019anabranch,
  title={Anabranch network for camouflaged object segmentation},
  author={Le, Trung-Nghia and Nguyen, Tam V and Nie, Zhongliang and Tran, Minh-Triet and Sugimoto, Akihiro},
  journal={Computer vision and image understanding},
  volume={184},
  pages={45--56},
  year={2019},
  publisher={Elsevier}
}
@inproceedings{zhu2024llafs,
  title={LLaFS: When Large Language Models Meet Few-Shot Segmentation},
  author={Zhu, Lanyun and Chen, Tianrun and Ji, Deyi and Ye, Jieping and Liu, Jun},
  booktitle={CVPR},
  pages={3065--3075},
  year={2024}
}
@inproceedings{li2021transformation,
  title={Transformation invariant few-shot object detection},
  author={Li, Aoxue and Li, Zhenguo},
  booktitle={CVPR},
  pages={3094--3102},
  year={2021}
}
@inproceedings{liu2018path,
  title={Path aggregation network for instance segmentation},
  author={Liu, Shu and Qi, Lu and Qin, Haifang and Shi, Jianping and Jia, Jiaya},
  booktitle={CVPR},
  pages={8759--8768},
  year={2018}
}

@inproceedings{tan2020efficientdet,
  title={Efficientdet: Scalable and efficient object detection},
  author={Tan, Mingxing and Pang, Ruoming and Le, Quoc V},
  booktitle={CVPR},
  pages={10781--10790},
  year={2020}
}


1
@inproceedings{zhang2023towards,
  title={Towards Efficient Use of Multi-Scale Features in Transformer-Based Object Detectors},
  author={Zhang, Gongjie and Luo, Zhipeng and Tian, Zichen and Zhang, Jingyi and Zhang, Xiaoqin and Lu, Shijian},
  booktitle={CVPR},
  pages={6206--6216},
  year={2023}
}
1
@inproceedings{lin2017focal,
  title={Focal loss for dense object detection},
  author={Lin, Tsung-Yi and Goyal, Priya and Girshick, Ross and He, Kaiming and Doll{\'a}r, Piotr},
  booktitle={ICCV},
  pages={2980--2988},
  year={2017}
}
@inproceedings{wu2022multi,
  title={Multi-faceted distillation of base-novel commonality for few-shot object detection},
  author={Wu, Shuang and Pei, Wenjie and Mei, Dianwen and Chen, Fanglin and Tian, Jiandong and Lu, Guangming},
  booktitle={ECCV},
  pages={578--594},
  year={2022},
  organization={Springer}
}
1
@inproceedings{cao2019gcnet,
  title={Gcnet: Non-local networks meet squeeze-excitation networks and beyond},
  author={Cao, Yue and Xu, Jiarui and Lin, Stephen and Wei, Fangyun and Hu, Han},
  booktitle={ICCV workshops},
  pages={0--0},
  year={2019}
}
