@article{Ma2022SwinFusion,
author={Ma, Jiayi and Tang, Linfeng and Fan, Fan and Huang, Jun and Mei, Xiaoguang and Ma, Yong},
journal={IEEE/CAA Journal of Automatica Sinica},
title={SwinFusion: Cross-domain Long-range Learning for General Image Fusion via Swin Transformer},
year={2022},
volume={9},
number={7},
pages={1200-1217}
}

@article{dosovitskiy2020image,
  title={An image is worth 16x16 words: Transformers for image recognition at scale},
  author={Dosovitskiy, Alexey and Beyer, Lucas and Kolesnikov, Alexander and Weissenborn, Dirk and Zhai, Xiaohua and Unterthiner, Thomas and Dehghani, Mostafa and Minderer, Matthias and Heigold, Georg and Gelly, Sylvain and others},
  journal={arXiv preprint arXiv:2010.11929},
  year={2020}
}

@article{huo2024hifuse,
  title={HiFuse: Hierarchical multi-scale feature fusion network for medical image classification},
  author={Huo, Xiangzuo and Sun, Gang and Tian, Shengwei and Wang, Yan and Yu, Long and Long, Jun and Zhang, Wendong and Li, Aolun},
  journal={Biomedical Signal Processing and Control},
  volume={87},
  pages={105534},
  year={2024},
  publisher={Elsevier}
}

@article{krizhevsky2017imagenet,
  title={Imagenet classification with deep convolutional neural networks},
  author={Krizhevsky, Alex and Sutskever, Ilya and Hinton, Geoffrey E},
  journal={Communications of the ACM},
  volume={60},
  number={6},
  pages={84--90},
  year={2017},
  publisher={AcM New York, NY, USA}
}

@article{lecun1989handwritten,
  title={Handwritten digit recognition with a back-propagation network},
  author={LeCun, Yann and Boser, Bernhard and Denker, John and Henderson, Donnie and Howard, Richard and Hubbard, Wayne and Jackel, Lawrence},
  journal={Advances in Neural Information Processing Systems},
  volume={2},
  year={1989}
}

@article{li2022cgtf,
  title={CGTF: Convolution-guided transformer for infrared and visible image fusion},
  author={Li, Jing and Zhu, Jianming and Li, Chang and Chen, Xun and Yang, Bin},
  journal={IEEE Transactions on Instrumentation and Measurement},
  volume={71},
  pages={1--14},
  year={2022},
  publisher={IEEE}
}

@article{liu2017multi,
  title={Multi-focus image fusion with a deep convolutional neural network},
  author={Liu, Yu and Chen, Xun and Peng, Hu and Wang, Zengfu},
  journal={Information Fusion},
  volume={36},
  pages={191--207},
  year={2017},
  publisher={Elsevier}
}

@article{liu2018infrared,
  title={Infrared and visible image fusion with convolutional neural networks},
  author={Liu, Yu and Chen, Xun and Cheng, Juan and Peng, Hu and Wang, Zengfu},
  journal={International Journal of Wavelets, Multiresolution and Information Processing},
  volume={16},
  number={03},
  pages={1850018},
  year={2018},
  publisher={World Scientific}
}

@inproceedings{liu2021swin,
  title={Swin transformer: Hierarchical vision transformer using shifted windows},
  author={Liu, Ze and Lin, Yutong and Cao, Yue and Hu, Han and Wei, Yixuan and Zhang, Zheng and Lin, Stephen and Guo, Baining},
  booktitle={Proceedings of the IEEE/CVF international conference on computer vision},
  pages={10012--10022},
  year={2021}
}

@article{vaswani2017attention,
  title={Attention is all you need},
  author={Vaswani, Ashish and Shazeer, Noam and Parmar, Niki and Uszkoreit, Jakob and Jones, Llion and Gomez, Aidan N and Kaiser, {\L}ukasz and Polosukhin, Illia},
  journal={Advances in Neural Information Processing Systems},
  volume={30},
  year={2017}
}

@inproceedings{vs2022image,
  title={Image fusion transformer},
  author={Vs, Vibashan and Valanarasu, Jeya Maria Jose and Oza, Poojan and Patel, Vishal M},
  booktitle={2022 IEEE International Conference on Image Processing},
  pages={3566--3570},
  year={2022},
  organization={IEEE}
}

@article{yang2024multi,
  title={A multi-scale information integration framework for infrared and visible image fusion},
  author={Yang, Guang and Li, Jie and Lei, Hanxiao and Gao, Xinbo},
  journal={Neurocomputing},
  volume={600},
  pages={128116},
  year={2024},
  publisher={Elsevier}
}

