@article{liu2018deep,
  title={Deep learning for pixel-level image fusion: Recent advances and future prospects},
  author={Liu, Yu and Chen, Xun and Wang, Zengfu and Wang, Z Jane and Ward, Rabab K and Wang, Xuesong},
  journal={Information Fusion},
  volume={42},
  pages={158--173},
  year={2018},
  publisher={Elsevier}
}

@article{zhang2021polarization,
  title={Polarization image fusion with self-learned fusion strategy},
  author={Zhang, Junchao and Shao, Jianbo and Chen, Jianlai and Yang, Degui and Liang, Buge},
  journal={Pattern Recognition},
  volume={118},
  pages={108045},
  year={2021},
  publisher={Elsevier}
}

@article{liang2019mcfnet,
  title={{MCFN}et: Multi-layer concatenation fusion network for medical images fusion},
  author={Liang, Xuecan and Hu, Pengyu and Zhang, Liguo and Sun, Jianguo and Yin, Guisheng},
  journal={IEEE Sensors Journal},
  volume={19},
  number={16},
  pages={7107--7119},
  year={2019},
  publisher={IEEE}
}

@article{bao2019transmitter,
  title={Transmitter beamforming and weighted image fusion--based multiple signal classification algorithm for corrosion monitoring},
  author={Bao, Qiao and Yuan, Shenfang and Guo, Fangyu and Qiu, Lei},
  journal={Structural Health Monitoring},
  volume={18},
  number={2},
  pages={621--634},
  year={2019},
  publisher={SAGE Publications Sage UK: London, England}
}

@article{ma2019infrared,
  title={Infrared and visible image fusion methods and applications: A survey},
  author={Ma, Jiayi and Ma, Yong and Li, Chang},
  journal={Information Fusion},
  volume={45},
  pages={153--178},
  year={2019},
  publisher={Elsevier}
}

@article{wang2020multi,
  title={Multi-modal medical image fusion by Laplacian pyramid and adaptive sparse representation},
  author={Wang, Zhaobin and Cui, Zijing and Zhu, Ying},
  journal={Computers in Biology and Medicine},
  volume={123},
  pages={103823},
  year={2020},
  publisher={Elsevier}
}

@article{li2021medical,
  title={Medical image fusion using segment graph filter and sparse representation},
  author={Li, Qiaoqiao and Wang, Weilan and Chen, Guoyue and Zhao, Dongdong},
  journal={Computers in Biology and Medicine},
  volume={131},
  pages={104239},
  year={2021},
  publisher={Elsevier}
}

@article{gao2021fusion,
  title={Fusion of medical images based on salient features extraction by PSO optimized fuzzy logic in NSST domain},
  author={Gao, Yuan and Ma, Shiwei and Liu, Jingjing and Liu, Yanyan and Zhang, Xianxia},
  journal={Biomedical Signal Processing and Control},
  volume={69},
  pages={102852},
  year={2021},
  publisher={Elsevier}
}

@article{maqsood2020multi,
  title={Multi-modal medical image fusion based on two-scale image decomposition and sparse representation},
  author={Maqsood, Sarmad and Javed, Umer},
  journal={Biomedical Signal Processing and Control},
  volume={57},
  pages={101810},
  year={2020},
  publisher={Elsevier}
}

@article{zhang2016adaptive,
  title={An adaptive fusion approach for infrared and visible images based on NSCT and compressed sensing},
  author={Zhang, Qiong and Maldague, Xavier},
  journal={Infrared Physics \& Technology},
  volume={74},
  pages={11--20},
  year={2016},
  publisher={Elsevier}
}

@article{liu2016image,
  title={Image fusion with convolutional sparse representation},
  author={Liu, Yu and Chen, Xun and Ward, Rabab K and Wang, Z Jane},
  journal={IEEE Signal Processing Letters},
  volume={23},
  number={12},
  pages={1882--1886},
  year={2016},
  publisher={IEEE}
}

@article{singh2019multimodal,
  title={Multimodal medical image fusion using hybrid layer decomposition with CNN-based feature mapping and structural clustering},
  author={Singh, Sneha and Anand, Radhey Shyam},
  journal={IEEE Transactions on Instrumentation and Measurement},
  volume={69},
  number={6},
  pages={3855--3865},
  year={2019},
  publisher={IEEE}
}

@article{zhou2023gan,
  title={{GAN} review: Models and medical image fusion applications},
  author={Zhou, Tao and Li, Qi and Lu, Huiling and Cheng, Qianru and Zhang, Xiangxiang},
  journal={Information Fusion},
  volume={91},
  pages={134--148},
  year={2023},
  publisher={Elsevier}
}

@article{ma2021stdfusionnet,
  title={STDFusionNet: An infrared and visible image fusion network based on salient target detection},
  author={Ma, Jiayi and Tang, Linfeng and Xu, Meilong and Zhang, Hao and Xiao, Guobao},
  journal={IEEE Transactions on Instrumentation and Measurement},
  volume={70},
  pages={1--13},
  year={2021},
  publisher={IEEE}
}

@article{li2013image,
  title={Image fusion with guided filtering},
  author={Li, Shutao and Kang, Xudong and Hu, Jianwen},
  journal={IEEE Transactions on Image Processing},
  volume={22},
  number={7},
  pages={2864--2875},
  year={2013},
  publisher={IEEE}
}

@article{li2018densefuse,
  title={DenseFuse: A fusion approach to infrared and visible images},
  author={Li, Hui and Wu, Xiao-Jun},
  journal={IEEE Transactions on Image Processing},
  volume={28},
  number={5},
  pages={2614--2623},
  year={2018},
  publisher={IEEE}
}

@article{ma2019fusiongan,
  title={FusionGAN: A generative adversarial network for infrared and visible image fusion},
  author={Ma, Jiayi and Yu, Wei and Liang, Pengwei and Li, Chang and Jiang, Junjun},
  journal={Information Fusion},
  volume={48},
  pages={11--26},
  year={2019},
  publisher={Elsevier}
}

@article{ma2020ganmcc,
  title={GANMcC: A generative adversarial network with multiclassification constraints for infrared and visible image fusion},
  author={Ma, Jiayi and Zhang, Hao and Shao, Zhenfeng and Liang, Pengwei and Xu, Han},
  journal={IEEE Transactions on Instrumentation and Measurement},
  volume={70},
  pages={1--14},
  year={2020},
  publisher={IEEE}
}

@article{Ma2022SwinFusion,
author={Ma, Jiayi and Tang, Linfeng and Fan, Fan and Huang, Jun and Mei, Xiaoguang and Ma, Yong},
journal={IEEE/CAA Journal of Automatica Sinica},
title={SwinFusion: Cross-domain Long-range Learning for General Image Fusion via Swin Transformer},
year={2022},
volume={9},
number={7},
pages={1200-1217}
}

@article{tang2022image,
  title={Image fusion in the loop of high-level vision tasks: A semantic-aware real-time infrared and visible image fusion network},
  author={Tang, Linfeng and Yuan, Jiteng and Ma, Jiayi},
  journal={Information Fusion},
  volume={82},
  pages={28--42},
  year={2022},
  publisher={Elsevier}
}

@article{Tang2022PIAFusion,
  title={PIAFusion: A progressive infrared and visible image fusion network based on illumination aware},
  author={Tang, Linfeng and Yuan, Jiteng and Zhang, Hao and Jiang, Xingyu and Ma, Jiayi},
  journal={Information Fusion},
  volume = {83-84},
  pages = {79-92},
  year = {2022},
  issn = {1566-2535},
  publisher={Elsevier}
}

@article{zhao2023tufusion,
  title={TUFusion: A transformer-based universal fusion algorithm for multimodal images},
  author={Zhao, Yangyang and Zheng, Qingchun and Zhu, Peihao and Zhang, Xu and Ma, Wenpeng},
  journal={IEEE Transactions on Circuits and Systems for Video Technology},
  year={2023},
  publisher={IEEE}
}

@article{zhang2021sdnet,
  title={SDNet: A Versatile Squeeze-and-Decomposition Network for Real-Time Image Fusion},
  author={Zhang, Hao and Ma, Jiayi},
  journal={International Journal of Computer Vision},
  pages={1--25},
  year={2021},
  publisher={Springer}
}

@article{zhang2021image,
  title={Image fusion meets deep learning: A survey and perspective},
  author={Zhang, Hao and Xu, Han and Tian, Xin and Jiang, Junjun and Ma, Jiayi},
  journal={Information Fusion},
  volume={76},
  pages={323--336},
  year={2021},
  publisher={Elsevier}
}

@article{tang2023datfuse,
  title={DATFuse: Infrared and visible image fusion via dual attention transformer},
  author={Tang, Wei and He, Fazhi and Liu, Yu and Duan, Yansong and Si, Tongzhen},
  journal={IEEE Transactions on Circuits and Systems for Video Technology},
  year={2023},
  publisher={IEEE}
}

@article{vaswani2017attention,
  title={Attention is all you need},
  author={Vaswani, Ashish and Shazeer, Noam and Parmar, Niki and Uszkoreit, Jakob and Jones, Llion and Gomez, Aidan N and Kaiser, {\L}ukasz and Polosukhin, Illia},
  journal={Advances in Neural Information Processing Systems},
  volume={30},
  year={2017}
}

@inproceedings{vs2022image,
  title={Image fusion transformer},
  author={Vs, Vibashan and Valanarasu, Jeya Maria Jose and Oza, Poojan and Patel, Vishal M},
  booktitle={2022 IEEE International Conference on Image Processing},
  pages={3566--3570},
  year={2022},
  organization={IEEE}
}

@inproceedings{liu2021swin,
  title={Swin transformer: Hierarchical vision transformer using shifted windows},
  author={Liu, Ze and Lin, Yutong and Cao, Yue and Hu, Han and Wei, Yixuan and Zhang, Zheng and Lin, Stephen and Guo, Baining},
  booktitle={Proceedings of the IEEE/CVF international conference on computer vision},
  pages={10012--10022},
  year={2021}
}

@article{lecun1989handwritten,
  title={Handwritten digit recognition with a back-propagation network},
  author={LeCun, Yann and Boser, Bernhard and Denker, John and Henderson, Donnie and Howard, Richard and Hubbard, Wayne and Jackel, Lawrence},
  journal={Advances in Neural Information Processing Systems},
  volume={2},
  year={1989}
}

@article{krizhevsky2017imagenet,
  title={Imagenet classification with deep convolutional neural networks},
  author={Krizhevsky, Alex and Sutskever, Ilya and Hinton, Geoffrey E},
  journal={Communications of the ACM},
  volume={60},
  number={6},
  pages={84--90},
  year={2017},
  publisher={AcM New York, NY, USA}
}

@article{liu2017multi,
  title={Multi-focus image fusion with a deep convolutional neural network},
  author={Liu, Yu and Chen, Xun and Peng, Hu and Wang, Zengfu},
  journal={Information Fusion},
  volume={36},
  pages={191--207},
  year={2017},
  publisher={Elsevier}
}

@article{dosovitskiy2020image,
  title={An image is worth 16x16 words: Transformers for image recognition at scale},
  author={Dosovitskiy, Alexey and Beyer, Lucas and Kolesnikov, Alexander and Weissenborn, Dirk and Zhai, Xiaohua and Unterthiner, Thomas and Dehghani, Mostafa and Minderer, Matthias and Heigold, Georg and Gelly, Sylvain and others},
  journal={arXiv preprint arXiv:2010.11929},
  year={2020}
}

@article{guo2023mdfn,
  title={MDFN: Mask deep fusion network for visible and infrared image fusion without reference ground-truth},
  author={Guo, Chaoxun and Fan, Dandan and Jiang, Zhixing and Zhang, David},
  journal={Expert Systems with Applications},
  volume={211},
  pages={118631},
  year={2023},
  publisher={Elsevier}
}

@article{liu2021learning,
  title={Learning a deep multi-scale feature ensemble and an edge-attention guidance for image fusion},
  author={Liu, Jinyuan and Fan, Xin and Jiang, Ji and Liu, Risheng and Luo, Zhongxuan},
  journal={IEEE Transactions on Circuits and Systems for Video Technology},
  volume={32},
  number={1},
  pages={105--119},
  year={2021},
  publisher={IEEE}
}

@article{liu2014region,
  title={Region level based multi-focus image fusion using quaternion wavelet and normalized cut},
  author={Liu, Yipeng and Jin, Jing and Wang, Qiang and Shen, Yi and Dong, Xiaoqiu},
  journal={Signal Processing},
  volume={97},
  pages={9--30},
  year={2014},
  publisher={Elsevier}
}

@article{liu2017structure,
  title={Structure tensor and nonsubsampled shearlet transform based algorithm for {CT} and {MRI} image fusion},
  author={Liu, Xingbin and Mei, Wenbo and Du, Huiqian},
  journal={Neurocomputing},
  volume={235},
  pages={131--139},
  year={2017},
  publisher={Elsevier}
}

@article{zhang2018sparse,
  title={Sparse representation based multi-sensor image fusion for multi-focus and multi-modality images: A review},
  author={Zhang, Qiang and Liu, Yi and Blum, Rick S and Han, Jungong and Tao, Dacheng},
  journal={Information Fusion},
  volume={40},
  pages={57--75},
  year={2018},
  publisher={Elsevier}
}

@article{liu2020entropy,
  title={Entropy-based image fusion with joint sparse representation and rolling guidance filter},
  author={Liu, Yudan and Yang, Xiaomin and Zhang, Rongzhu and Albertini, Marcelo Keese and Celik, Turgay and Jeon, Gwanggil},
  journal={Entropy},
  volume={22},
  number={1},
  pages={118},
  year={2020},
  publisher={MDPI}
}

@article{cvejic2007region,
  title={Region-based multimodal image fusion using ICA bases},
  author={Cvejic, Nedeljko and Bull, David and Canagarajah, Nishan},
  journal={IEEE Sensors Journal},
  volume={7},
  number={5},
  pages={743--751},
  year={2007},
  publisher={IEEE}
}

@inproceedings{mou2013image,
  title={Image fusion based on non-negative matrix factorization and infrared feature extraction},
  author={Mou, Jiao and Gao, Wei and Song, Zongxi},
  booktitle={2013 6th International Congress on Image and Signal Processing},
  volume={2},
  pages={1046--1050},
  year={2013},
  organization={IEEE}
}

@article{liu2017infrared,
  title={Infrared and visible image fusion method based on saliency detection in sparse domain},
  author={Liu, CH and Qi, Y and Ding, WR},
  journal={Infrared Physics \& Technology},
  volume={83},
  pages={94--102},
  year={2017},
  publisher={Elsevier}
}

@article{ma2017infrared,
  title={Infrared and visible image fusion based on visual saliency map and weighted least square optimization},
  author={Ma, Jinlei and Zhou, Zhiqiang and Wang, Bo and Zong, Hua},
  journal={Infrared Physics \& Technology},
  volume={82},
  pages={8--17},
  year={2017},
  publisher={Elsevier}
}

@article{li2017pixel,
  title={Pixel-level image fusion: A survey of the state of the art},
  author={Li, Shutao and Kang, Xudong and Fang, Leyuan and Hu, Jianwen and Yin, Haitao},
  journal={Information Fusion},
  volume={33},
  pages={100--112},
  year={2017},
  publisher={Elsevier}
}

@article{ma2020pan,
  title={Pan-GAN: An unsupervised pan-sharpening method for remote sensing image fusion},
  author={Ma, Jiayi and Yu, Wei and Chen, Chen and Liang, Pengwei and Guo, Xiaojie and Jiang, Junjun},
  journal={Information Fusion},
  volume={62},
  pages={110--120},
  year={2020},
  publisher={Elsevier}
}

@article{zhang2021gan,
  title={GAN-FM: Infrared and visible image fusion using GAN with full-scale skip connection and dual Markovian discriminators},
  author={Zhang, Hao and Yuan, Jiteng and Tian, Xin and Ma, Jiayi},
  journal={IEEE Transactions on Computational Imaging},
  volume={7},
  pages={1134--1147},
  year={2021},
  publisher={IEEE}
}

@article{liu2018infrared,
  title={Infrared and visible image fusion with convolutional neural networks},
  author={Liu, Yu and Chen, Xun and Cheng, Juan and Peng, Hu and Wang, Zengfu},
  journal={International Journal of Wavelets, Multiresolution and Information Processing},
  volume={16},
  number={03},
  pages={1850018},
  year={2018},
  publisher={World Scientific}
}

@article{liu2023sgfusion,
  title={SGFusion: A saliency guided deep-learning framework for pixel-level image fusion},
  author={Liu, Jinyang and Dian, Renwei and Li, Shutao and Liu, Haibo},
  journal={Information Fusion},
  volume={91},
  pages={205--214},
  year={2023},
  publisher={Elsevier}
}

@article{rao2023tgfuse,
  title={Tgfuse: An infrared and visible image fusion approach based on transformer and generative adversarial network},
  author={Rao, Dongyu and Xu, Tianyang and Wu, Xiao-Jun},
  journal={IEEE Transactions on Image Processing},
  year={2023},
  publisher={IEEE}
}

@article{li2022cgtf,
  title={CGTF: Convolution-guided transformer for infrared and visible image fusion},
  author={Li, Jing and Zhu, Jianming and Li, Chang and Chen, Xun and Yang, Bin},
  journal={IEEE Transactions on Instrumentation and Measurement},
  volume={71},
  pages={1--14},
  year={2022},
  publisher={IEEE}
}

@article{li2022mafusion,
  title={MAFusion: Multiscale attention network for infrared and visible image fusion},
  author={Li, Xiaoling and Chen, Houjin and Li, Yanfeng and Peng, Yahui},
  journal={IEEE Transactions on Instrumentation and Measurement},
  volume={71},
  pages={1--16},
  year={2022},
  publisher={IEEE}
}

@article{liu2022mfst,
  title={{MFST}: Multi-modal feature self-adaptive transformer for infrared and visible image fusion},
  author={Liu, Xiangzeng and Gao, Haojie and Miao, Qiguang and Xi, Yue and Ai, Yunfeng and Gao, Dingguo},
  journal={Remote Sensing},
  volume={14},
  number={13},
  pages={3233},
  year={2022},
  publisher={MDPI}
}

@article{zhang2023deep,
  title={Deep guided transformer dehazing network},
  author={Zhang, Shengdong and Zhao, Liping and Hu, Keli and Feng, Sheng and Fan, En and Zhao, Li},
  journal={Scientific Reports},
  volume={13},
  number={1},
  pages={15333},
  year={2023},
  publisher={Nature Publishing Group UK London}
}

@article{huang2023brighten,
  title={Brighten up images via dual-branch structure-texture awareness feature interaction},
  author={Huang, Yingxin and Liu, Zhenbing and Lu, Haoxiang and Wang, Wenhao and Lan, Rushi},
  journal={IEEE Signal Processing Letters},
  year={2023},
  publisher={IEEE}
}

@article{yang2024multi,
  title={A multi-scale information integration framework for infrared and visible image fusion},
  author={Yang, Guang and Li, Jie and Lei, Hanxiao and Gao, Xinbo},
  journal={Neurocomputing},
  volume={600},
  pages={128116},
  year={2024},
  publisher={Elsevier}
}

@article{huo2024hifuse,
  title={HiFuse: Hierarchical multi-scale feature fusion network for medical image classification},
  author={Huo, Xiangzuo and Sun, Gang and Tian, Shengwei and Wang, Yan and Yu, Long and Long, Jun and Zhang, Wendong and Li, Aolun},
  journal={Biomedical Signal Processing and Control},
  volume={87},
  pages={105534},
  year={2024},
  publisher={Elsevier}
}

