@article{SMITI2020100306,
	title = {A critical overview of outlier detection methods},
	volume = {38},
	issn = {1574-0137},
	journal = {Computer Science Review},
	author = {Smiti, Abir},
	month = nov,
	year = {2020},
	pages = {100306},
}


@article{ishak2022kubesc,
	author = {Ishak, Harichane and Makhlouf, Sid Ahmed and Belalem, Ghalem},
	year = {2022},
	month = {06},
	pages = {},
	title = {KubeSC-RTP: Smart scheduler for Kubernetes platform on CPU-GPU heterogeneous systems},
	volume = {34},
	journal = {Concurrency and Computation Practice and Experience},
	doi = {10.1002/cpe.7108}
}

@article{shen2023kubegpu,
	title={KubeGPU: Efficient Sharing and Isolation Mechanisms for GPU Resource Management in Container Cloud},
	author={Shen, Wenfeng and Liu, Zhengsen and Tan, Yunjie and Luo, Zhaokai and Lei, Zhou},
	journal={The Journal of Supercomputing},
	volume={79},
	number={1},
	pages={591--625},
	year={2023},
	publisher={Springer}
}

@article{hijma2023optimization,
	title={Optimization techniques for GPU programming},
	author={Hijma, Pieter and Heldens, Stijn and Sclocco, Alessio and Van Werkhoven, Ben and Bal, Henri E},
	journal={ACM Computing Surveys},
	volume={55},
	number={11},
	pages={1--81},
	year={2023},
	publisher={ACM New York, NY}
}

@article{senjab2023survey,
	title={A survey of Kubernetes scheduling algorithms},
	author={Senjab, Khaldoun and Abbas, Sohail and Ahmed, Naveed and Khan, Atta ur Rehman},
	journal={Journal of Cloud Computing},
	volume={12},
	number={1},
	pages={87},
	year={2023},
	publisher={Springer}
}

@inproceedings{wang_characterizing_2022,
	title = {Characterizing Job Microarchitectural Profiles at Scale: Dataset and Analysis},
	booktitle = {Proceedings of the 51st {International} {Conference} on {Parallel} {Processing}},
	author = {Wang, Kangjin and Li, Ying and Wang, Cheng and Jia, Tong and Chow, Kingsum and Wen, Yang and Dou, Yaoyong and Xu, Guoyao and Hou, Chuanjia and Yao, Jie and {others}},
	year = {2022},
	pages = {1--11},
}

@inproceedings{luo_characterizing_2021,
	title = {Characterizing Microservice Dependency and Performance: {Alibaba} Trace Analysis},
	booktitle = {Proceedings of the {ACM} {Symposium} on {Cloud} {Computing}},
	author = {Luo, Shutian and Xu, Huanle and Lu, Chengzhi and Ye, Kejiang and Xu, Guoyao and Zhang, Liping and Ding, Yu and He, Jian and Xu, Chengzhong},
	year = {2021},
	pages = {412--426},
}

@article{detti_bench_2023,
	title = {$\mu$Bench: An Open-source Factory of Benchmark Microservice Applications},
	volume = {34},
	number = {3},
	journal = {IEEE Transactions on Parallel and Distributed Systems},
	author = {Detti, Andrea and Funari, Ludovico and Petrucci, Luca},
	year = {2023},
	note = {Publisher: IEEE},
	pages = {968--980},
}

@inproceedings{weng_mlaas_2022,
	title = {{MLaaS} in the Wild: Workload Analysis and Scheduling in Large-Scale Heterogeneous {GPU} Clusters},
	booktitle = {19th {USENIX} {Symposium} on {Networked} {Systems} {Design} and {Implementation} ({NSDI} 22)},
	author = {Weng, Qizhen and Xiao, Wencong and Yu, Yinghao and Wang, Wei and Wang, Cheng and He, Jian and Li, Yong and Zhang, Liping and Lin, Wei and Ding, Yu},
	year = {2022},
	pages = {945--960},
}


@misc{noauthor_clusterdatacluster-trace-gpu-v2023_nodate,
	title = {{Alibaba} Cluster Trace Program},
	url = {https://github.com/alibaba/clusterdata/tree/master/cluster-trace-gpu-v2023},
	abstract = {cluster data collected from production clusters in Alibaba for cluster management research - alibaba/clusterdata},
	language = {en},
	urldate = {2025-01-20},
	journal = {GitHub},
	note    = {{Accessed}: 20 January 2025},
}


@inproceedings{cloudy,
	title={{Cloudy}: A {Pythonic} Cloud Simulator},
	author={Siavashi, Ahmad and Momtazpour, Mahmoud},
	booktitle={32nd International Conference on Electrical Engineering (ICEE)},
	pages={1--5},
	year={2024},
	organization={IEEE}
}

@misc{nvidia_mig_doc,
	title = {{NVIDIA} {Multi}-{Instance} {GPU} {User} {Guide}},
	url = {https://docs.nvidia.com/datacenter/tesla/mig-user-guide},
	urldate = {2025-01-20},
	note    = {{Accessed}: 20 January 2025},
}


@misc{nvidia_grid_doc,
	title = {{NVIDIA} {Virtual} {GPU} ({vGPU}) {Software}},
	url = {https://docs.nvidia.com/vgpu},
	urldate = {2025-01-20},
	note = {{Accessed}: 20 January 2025},
}

@misc{nvidia_mps_doc,
	title = {Multi-{Process} {Service}},
	url = {https://docs.nvidia.com/deploy/mps},
	urldate = {2025-01-20},
	note = {{Accessed}: 20 January 2025},

}

@article{siavashi_gpu_2024,
	title = {{GPU} cluster dynamics: insights from {Alibaba}’s 2023 trace release},
	volume = {107},
	issn = {1436-5057},
	number = {1},
	journal = {Computing},
	author = {Siavashi, Ahmad and Momtazpour, Mahmoud},
	month = {nov},
	year = {2024},
	pages = {4},
}


@inproceedings{weng_beware_2023,
	title = {Beware of Fragmentation: Scheduling {GPU}-Sharing Workloads with Fragmentation Gradient Descent},
	booktitle = {{USENIX} {Annual} {Technical} {Conference} ({USENIX} {ATC} 23)},
	author = {Weng, Qizhen and Yang, Lingyun and Yu, Yinghao and Wang, Wei and Tang, Xiaochuan and Yang, Guodong and Zhang, Liping},
	year = {2023},
	pages = {995--1008},
}

@article{siavashi2023gvmp,
	title={{gVMP}: A multi-objective joint {VM} and {vGPU} placement heuristic for {API} remoting-based {GPU} virtualization and disaggregation in cloud data centers},
	author={Siavashi, Ahmad and Momtazpour, Mahmoud},
	journal={Journal of Parallel and Distributed Computing},
	volume={172},
	pages={97--113},
	year={2023},
	publisher={Elsevier}
}


@article{chung_fine-grained_2025,
	title = {A fine-grained {GPU} sharing and job scheduling for deep learning jobs on the cloud},
	volume = {81},
	issn = {1573-0484},
	number = {2},
	journal = {The Journal of Supercomputing},
	author = {Chung, Wu-Chun and Tong, Jyun-Sen and Chen, Zhi-Hao},
	month = jan,
	year = {2025},
	pages = {361},
}

@INPROCEEDINGS{amaral2017,
	author={Amaral, Marcelo and Polo, Jordà and Carrera, David and Seelam, Seetharami and Steinder, Malgorzata},
	booktitle={SC17: International Conference for High Performance Computing, Networking, Storage and Analysis}, 
	title={Topology-Aware {GPU} Scheduling for Learning Workloads in Cloud Environments}, 
	year={2017},
	volume={},
	number={},
	pages={1-12},
}

@INPROCEEDINGS{zhu2021,
	author={Zhu, Xiaorui and Gong, Lei and Zhu, Zongwei and Zhou, Xuehai},
	booktitle={IEEE Intl Conf on Parallel \& Distributed Processing with Applications, Big Data \& Cloud Computing, Sustainable Computing \& Communications, Social Computing \& Networking (ISPA/BDCloud/SocialCom/SustainCom)}, 
	title={{Vapor}: A {GPU} Sharing Scheduler with Communication and Computation Pipeline for Distributed Deep Learning}, 
	year={2021},
	volume={},
	number={},
	pages={108-116},
}

@INPROCEEDINGS{lee2024,
	author={Lee, Munkyu and Seong, Sihoon and Kang, Minki and Lee, Jihyuk and Na, Gap-Joo and Chun, In-Geol and Nikolopoulos, Dimitrios and Hong, Cheol-Ho},
	booktitle={SC24: International Conference for High Performance Computing, Networking, Storage and Analysis}, 
	title={{ParvaGPU}: Efficient Spatial {GPU} Sharing for Large-Scale {DNN} Inference in Cloud Environments}, 
	year={2024},
	volume={},
	number={},
	pages={1-14},
}

@inproceedings{li2022miso,
	title={{MISO}: Exploiting multi-instance {GPU} capability on multi-tenant {GPU} clusters},
	author={Li, Baolin and Patel, Tirthak and Samsi, Siddharth and Gadepally, Vijay and Tiwari, Devesh},
	booktitle={Proceedings of the 13th Symposium on Cloud Computing},
	pages={173--189},
	year={2022}
}


@article{dias2021,
	author = {Dias, Alexandre H. T. and Correia, Luiz. H. A. and Malheiros, Neumar},
	title = {A Systematic Literature Review on Virtual Machine Consolidation},
	year = {2021},
	issue_date = {November 2022},
	publisher = {Association for Computing Machinery},
	address = {New York, NY, USA},
	volume = {54},
	number = {8},
	issn = {0360-0300},
	journal = {ACM Computing Surveys (CSUR)},
	month = oct,
	articleno = {176},
	numpages = {38},
}

@article{imran2022,
	title = {Live virtual machine migration: A survey, research challenges, and future directions},
	journal = {Computers and Electrical Engineering},
	volume = {103},
	pages = {108297},
	year = {2022},
	issn = {0045-7906},
	author = {Muhammad Imran and Muhammad Ibrahim and Muhammad Salah Ud Din and Muhammad Atif Ur Rehman and Byung Seo Kim},
}

@article{saidi2023task,
	title={Task scheduling and {VM} placement to resource allocation in Cloud computing: challenges and opportunities},
	author={Saidi, Karima and Bardou, Dalal},
	journal={Cluster Computing},
	volume={26},
	number={5},
	pages={3069--3087},
	year={2023},
	publisher={Springer}
}

@article{hong2017gpu,
	title={{GPU} virtualization and scheduling methods: A comprehensive survey},
	author={Hong, Cheol-Ho and Spence, Ivor and Nikolopoulos, Dimitrios S},
	journal={ACM Computing Surveys (CSUR)},
	volume={50},
	number={3},
	pages={1--37},
	year={2017},
	publisher={ACM New York, NY, USA}
}

@article{siavashi2019gpucloudsim,
	title={{GPUCloudSim}: an extension of {CloudSim} for modeling and simulation of {GPU}s in cloud data centers},
	author={Siavashi, Ahmad and Momtazpour, Mahmoud},
	journal={The Journal of Supercomputing},
	volume={75},
	number={5},
	pages={2535--2561},
	year={2019},
	publisher={Springer}
}

@article{calheiros2011cloudsim,
	title={{CloudSim}: a toolkit for modeling and simulation of cloud computing environments and evaluation of resource provisioning algorithms},
	author={Calheiros, Rodrigo N and Ranjan, Rajiv and Beloglazov, Anton and De Rose, C{\'e}sar AF and Buyya, Rajkumar},
	journal={Software: Practice and experience},
	volume={41},
	number={1},
	pages={23--50},
	year={2011},
	publisher={Wiley Online Library}
}

@article{kulkarni2021gpu,
	title={{GPU}-aware resource management in heterogeneous cloud data centers},
	author={Kulkarni, Ashwin Kumar and Annappa, B},
	journal={The Journal of Supercomputing},
	volume={77},
	number={11},
	pages={12458--12485},
	year={2021},
	publisher={Springer}
}

@inproceedings{garg2019virtual,
	title={Virtual machine placement solution for {VGPU} enabled clouds},
	author={Garg, Anshuj and Kurkure, Uday and Sivaraman, Hari and Vu, Lan},
	booktitle={International Conference on High Performance Computing \& Simulation (HPCS)},
	pages={897--903},
	year={2019},
	organization={IEEE}
}

@inproceedings{sivaraman2019tecn,
	title={{TECN}: task selection and placement in {GPU} enabled clouds using neural networks},
	author={Sivaraman, Hari and Kurkure, Uday and Vu, Lan},
	booktitle={International Conference on High Performance Computing \& Simulation (HPCS)},
	pages={890--896},
	year={2019},
	organization={IEEE}
}

@inproceedings{sivaraman2018task,
	title={Task assignment in a virtualized {GPU} enabled cloud},
	author={Sivaraman, Hari and Kurkure, Uday and Vu, Lan},
	booktitle={International Conference on High Performance Computing \& Simulation (HPCS)},
	pages={895--900},
	year={2018},
	organization={IEEE}
}

@article{tan2021serving,
	title={Serving {DNN} models with multi-instance {GPU}s: A case of the reconfigurable machine scheduling problem},
	author={Tan, Cheng and Li, Zhichao and Zhang, Jian and Cao, Yu and Qi, Sikai and Liu, Zherui and Zhu, Yibo and Guo, Chuanxiong},
	journal={arXiv preprint arXiv:2109.11067},
	year={2021}
}

@inproceedings{lee2024parvagpu,
	title={{ParvaGPU}: Efficient Spatial {GPU} Sharing for Large-Scale {DNN} Inference in Cloud Environments},
	author={Lee, Munkyu and Seong, Sihoon and Kang, Minki and Lee, Jihyuk and Na, Gap-Joo and Chun, In-Geol and Nikolopoulos, Dimitrios and Hong, Cheol-Ho},
	booktitle={International Conference for High Performance Computing, Networking, Storage and Analysis},
	pages={1--14},
	year={2024},
	organization={IEEE}
}

@inproceedings{arima2022optimizing,
	title={Optimizing hardware resource partitioning and job allocations on modern {GPU}s under power caps},
	author={Arima, Eishi and Kang, Minjoon and Saba, Issa and Weidendorfer, Josef and Trinitis, Carsten and Schulz, Martin},
	booktitle={Workshop Proceedings of the 51st International Conference on Parallel Processing},
	pages={1--10},
	year={2022}
}

@inproceedings{saroliya2023hierarchical,
	title={Hierarchical Resource Partitioning on Modern {GPU}s: A Reinforcement Learning Approach},
	author={Saroliya, Urvij and Arima, Eishi and Liu, Dai and Schulz, Martin},
	booktitle={IEEE International Conference on Cluster Computing (CLUSTER)},
	pages={185--196},
	year={2023},
	organization={IEEE}
}

@article{lin2024energy,
	title={Energy-aware virtual machine placement based on a holistic thermal model for cloud data centers},
	author={Lin, Jianpeng and Lin, Weiwei and Wu, Wentai and Lin, Wenjun and Li, Keqin},
	journal={Future Generation Computer Systems},
	volume={161},
	pages={302--314},
	year={2024},
	publisher={Elsevier}
}

@article{alahmad2024multiple,
	title={Multiple objectives dynamic {VM} placement for application service availability in cloud networks},
	author={Alahmad, Yanal and Agarwal, Anjali},
	journal={Journal of Cloud Computing},
	volume={13},
	number={1},
	pages={46},
	year={2024},
	publisher={Springer}
}

@article{xu2024meta,
	title={A meta reinforcement learning-based virtual machine placement algorithm in mobile edge computing},
	author={Xu, Hao and Jian, Chengfeng},
	journal={Cluster Computing},
	volume={27},
	number={2},
	pages={1883--1896},
	year={2024},
	publisher={Springer}
}

@article{regaieg2021multi,
	title={Multi-objective optimization for {VM} placement in homogeneous and heterogeneous cloud service provider data centers},
	author={Regaieg, Rym and Koub{\`a}a, Mohamed and Ales, Zacharie and Aguili, Taoufik},
	journal={Computing},
	volume={103},
	pages={1255--1279},
	year={2021},
	publisher={Springer}
}