@article{alahmad2024multiple,
	title={Multiple objectives dynamic {VM} placement for application service availability in cloud networks},
	author={Alahmad, Yanal and Agarwal, Anjali},
	journal={Journal of Cloud Computing},
	volume={13},
	number={1},
	pages={46},
	year={2024},
	publisher={Springer}
}

@inproceedings{arima2022optimizing,
	title={Optimizing hardware resource partitioning and job allocations on modern {GPU}s under power caps},
	author={Arima, Eishi and Kang, Minjoon and Saba, Issa and Weidendorfer, Josef and Trinitis, Carsten and Schulz, Martin},
	booktitle={Workshop Proceedings of the 51st International Conference on Parallel Processing},
	pages={1--10},
	year={2022}
}

@article{dias2021,
	author = {Dias, Alexandre H. T. and Correia, Luiz. H. A. and Malheiros, Neumar},
	title = {A Systematic Literature Review on Virtual Machine Consolidation},
	year = {2021},
	issue_date = {November 2022},
	publisher = {Association for Computing Machinery},
	address = {New York, NY, USA},
	volume = {54},
	number = {8},
	issn = {0360-0300},
	journal = {ACM Computing Surveys (CSUR)},
	month = oct,
	articleno = {176},
	numpages = {38},
}

@inproceedings{garg2019virtual,
	title={Virtual machine placement solution for {VGPU} enabled clouds},
	author={Garg, Anshuj and Kurkure, Uday and Sivaraman, Hari and Vu, Lan},
	booktitle={International Conference on High Performance Computing \& Simulation (HPCS)},
	pages={897--903},
	year={2019},
	organization={IEEE}
}

@article{hong2017gpu,
	title={{GPU} virtualization and scheduling methods: A comprehensive survey},
	author={Hong, Cheol-Ho and Spence, Ivor and Nikolopoulos, Dimitrios S},
	journal={ACM Computing Surveys (CSUR)},
	volume={50},
	number={3},
	pages={1--37},
	year={2017},
	publisher={ACM New York, NY, USA}
}

@article{imran2022,
	title = {Live virtual machine migration: A survey, research challenges, and future directions},
	journal = {Computers and Electrical Engineering},
	volume = {103},
	pages = {108297},
	year = {2022},
	issn = {0045-7906},
	author = {Muhammad Imran and Muhammad Ibrahim and Muhammad Salah Ud Din and Muhammad Atif Ur Rehman and Byung Seo Kim},
}

@article{kulkarni2021gpu,
	title={{GPU}-aware resource management in heterogeneous cloud data centers},
	author={Kulkarni, Ashwin Kumar and Annappa, B},
	journal={The Journal of Supercomputing},
	volume={77},
	number={11},
	pages={12458--12485},
	year={2021},
	publisher={Springer}
}

@inproceedings{lee2024parvagpu,
	title={{ParvaGPU}: Efficient Spatial {GPU} Sharing for Large-Scale {DNN} Inference in Cloud Environments},
	author={Lee, Munkyu and Seong, Sihoon and Kang, Minki and Lee, Jihyuk and Na, Gap-Joo and Chun, In-Geol and Nikolopoulos, Dimitrios and Hong, Cheol-Ho},
	booktitle={International Conference for High Performance Computing, Networking, Storage and Analysis},
	pages={1--14},
	year={2024},
	organization={IEEE}
}

@inproceedings{li2022miso,
	title={{MISO}: Exploiting multi-instance {GPU} capability on multi-tenant {GPU} clusters},
	author={Li, Baolin and Patel, Tirthak and Samsi, Siddharth and Gadepally, Vijay and Tiwari, Devesh},
	booktitle={Proceedings of the 13th Symposium on Cloud Computing},
	pages={173--189},
	year={2022}
}

@article{lin2024energy,
	title={Energy-aware virtual machine placement based on a holistic thermal model for cloud data centers},
	author={Lin, Jianpeng and Lin, Weiwei and Wu, Wentai and Lin, Wenjun and Li, Keqin},
	journal={Future Generation Computer Systems},
	volume={161},
	pages={302--314},
	year={2024},
	publisher={Elsevier}
}

@misc{nvidia_grid_doc,
	title = {{NVIDIA} {Virtual} {GPU} ({vGPU}) {Software}},
	url = {https://docs.nvidia.com/vgpu},
	urldate = {2025-01-20},
	note = {{Accessed}: 20 January 2025},
}

@misc{nvidia_mig_doc,
	title = {{NVIDIA} {Multi}-{Instance} {GPU} {User} {Guide}},
	url = {https://docs.nvidia.com/datacenter/tesla/mig-user-guide},
	urldate = {2025-01-20},
	note    = {{Accessed}: 20 January 2025},
}

@misc{nvidia_mps_doc,
	title = {Multi-{Process} {Service}},
	url = {https://docs.nvidia.com/deploy/mps},
	urldate = {2025-01-20},
	note = {{Accessed}: 20 January 2025},

}

@article{regaieg2021multi,
	title={Multi-objective optimization for {VM} placement in homogeneous and heterogeneous cloud service provider data centers},
	author={Regaieg, Rym and Koub{\`a}a, Mohamed and Ales, Zacharie and Aguili, Taoufik},
	journal={Computing},
	volume={103},
	pages={1255--1279},
	year={2021},
	publisher={Springer}
}

@article{saidi2023task,
	title={Task scheduling and {VM} placement to resource allocation in Cloud computing: challenges and opportunities},
	author={Saidi, Karima and Bardou, Dalal},
	journal={Cluster Computing},
	volume={26},
	number={5},
	pages={3069--3087},
	year={2023},
	publisher={Springer}
}

@inproceedings{saroliya2023hierarchical,
	title={Hierarchical Resource Partitioning on Modern {GPU}s: A Reinforcement Learning Approach},
	author={Saroliya, Urvij and Arima, Eishi and Liu, Dai and Schulz, Martin},
	booktitle={IEEE International Conference on Cluster Computing (CLUSTER)},
	pages={185--196},
	year={2023},
	organization={IEEE}
}

@article{siavashi2019gpucloudsim,
	title={{GPUCloudSim}: an extension of {CloudSim} for modeling and simulation of {GPU}s in cloud data centers},
	author={Siavashi, Ahmad and Momtazpour, Mahmoud},
	journal={The Journal of Supercomputing},
	volume={75},
	number={5},
	pages={2535--2561},
	year={2019},
	publisher={Springer}
}

@inproceedings{sivaraman2018task,
	title={Task assignment in a virtualized {GPU} enabled cloud},
	author={Sivaraman, Hari and Kurkure, Uday and Vu, Lan},
	booktitle={International Conference on High Performance Computing \& Simulation (HPCS)},
	pages={895--900},
	year={2018},
	organization={IEEE}
}

@inproceedings{sivaraman2019tecn,
	title={{TECN}: task selection and placement in {GPU} enabled clouds using neural networks},
	author={Sivaraman, Hari and Kurkure, Uday and Vu, Lan},
	booktitle={International Conference on High Performance Computing \& Simulation (HPCS)},
	pages={890--896},
	year={2019},
	organization={IEEE}
}

@article{tan2021serving,
	title={Serving {DNN} models with multi-instance {GPU}s: A case of the reconfigurable machine scheduling problem},
	author={Tan, Cheng and Li, Zhichao and Zhang, Jian and Cao, Yu and Qi, Sikai and Liu, Zherui and Zhu, Yibo and Guo, Chuanxiong},
	journal={arXiv preprint arXiv:2109.11067},
	year={2021}
}

@inproceedings{weng_beware_2023,
	title = {Beware of Fragmentation: Scheduling {GPU}-Sharing Workloads with Fragmentation Gradient Descent},
	booktitle = {{USENIX} {Annual} {Technical} {Conference} ({USENIX} {ATC} 23)},
	author = {Weng, Qizhen and Yang, Lingyun and Yu, Yinghao and Wang, Wei and Tang, Xiaochuan and Yang, Guodong and Zhang, Liping},
	year = {2023},
	pages = {995--1008},
}

@article{xu2024meta,
	title={A meta reinforcement learning-based virtual machine placement algorithm in mobile edge computing},
	author={Xu, Hao and Jian, Chengfeng},
	journal={Cluster Computing},
	volume={27},
	number={2},
	pages={1883--1896},
	year={2024},
	publisher={Springer}
}

