@article{Tsoulos2006SolvingDE,
  title={Solving differential equations with genetic programming},
  author={Ioannis G. Tsoulos and Isaac E. Lagaris},
  journal={Genetic Programming and Evolvable Machines},
  year={2006},
  volume={7},
  pages={33-54},
  url={https://api.semanticscholar.org/CorpusID:1719377}
}

@article{bhatnagar2019prediction,
  title={Prediction of aerodynamic flow fields using convolutional neural networks},
  author={Bhatnagar, Saakaar and Afshar, Yaser and Pan, Shaowu and Duraisamy, Karthik and Kaushik, Shailendra},
  journal={Computational Mechanics},
  volume={64},
  pages={525--545},
  year={2019},
  publisher={Springer}
}

@article{boudouaoui2020solving,
  title={Solving differential equations with artificial bee colony programming},
  author={Boudouaoui, Yassine and Habbi, Hacene and Ozturk, Celal and Karaboga, Dervis},
  journal={Soft Computing},
  volume={24},
  pages={17991--18007},
  year={2020},
  publisher={Springer}
}

@article{cai2021physics,
  title={Physics-informed neural networks (PINNs) for fluid mechanics: A review},
  author={Cai, Shengze and Mao, Zhiping and Wang, Zhicheng and Yin, Minglang and Karniadakis, George Em},
  journal={Acta Mechanica Sinica},
  volume={37},
  number={12},
  pages={1727--1738},
  year={2021},
  publisher={Springer}
}

@article{chaquet2019using,
  title={Using covariance matrix adaptation evolution strategies for solving different types of differential equations},
  author={Chaquet, Jose M and Carmona, Enrique J},
  journal={Soft Computing},
  volume={23},
  pages={1643--1666},
  year={2019},
  publisher={Springer}
}

@article{de2023operator,
  title={An operator preconditioning perspective on training in physics-informed machine learning},
  author={De Ryck, Tim and Bonnet, Florent and Mishra, Siddhartha and de B{\'e}zenac, Emmanuel},
  journal={arXiv preprint arXiv:2310.05801},
  year={2023}
}

@book{debnath2006integral,
  title     = {Integral Transforms and Their Applications},
  author    = {Debnath, Lokenath and Bhatta, Dambaru},
  year      = {2006},
  publisher = {Chapman and Hall/CRC},
  address   = {Boca Raton},
  isbn      = {978-1-58488-575-7},
  url       = {https://www.routledge.com/Integral-Transforms-and-Their-Applications/Debnath-Bhatta/p/book/9781584885757}
}

@article{dsr,
  title={Deep symbolic regression: Recovering mathematical expressions from data via risk-seeking policy gradients},
  author={Petersen, Brenden K and Landajuela, Mikel and Mundhenk, T Nathan and Santiago, Claudio P and Kim, Soo K and Kim, Joanne T},
  journal={arXiv preprint arXiv:1912.04871},
  year={2019}
}

@book{dyke2014an,
  title     = {An Introduction to Laplace Transforms and Fourier Series},
  author    = {Dyke, Phil},
  year      = {2014},
  publisher = {Springer},
  address   = {London},
  isbn      = {978-1-4471-6394-7},
  url       = {https://link.springer.com/book/10.1007/978-1-4471-6395-4}
}

@article{karniadakis2021physics,
  title={Physics-informed machine learning},
  author={Karniadakis, George Em and Kevrekidis, Ioannis G and Lu, Lu and Perdikaris, Paris and Wang, Sifan and Yang, Liu},
  journal={Nature Reviews Physics},
  volume={3},
  number={6},
  pages={422--440},
  year={2021},
  publisher={Nature Publishing Group}
}

@article{khoo2021solving,
  title={Solving parametric PDE problems with artificial neural networks},
  author={Khoo, Yuehaw and Lu, Jianfeng and Ying, Lexing},
  journal={European Journal of Applied Mathematics},
  volume={32},
  number={3},
  pages={421--435},
  year={2021},
  publisher={Cambridge University Press}
}

@article{kissas2020machine,
  title={Machine learning in cardiovascular flows modeling: Predicting arterial blood pressure from non-invasive 4D flow MRI data using physics-informed neural networks},
  author={Kissas, Georgios and Yang, Yibo and Hwuang, Eileen and Witschey, Walter R and Detre, John A and Perdikaris, Paris},
  journal={Computer Methods in Applied Mechanics and Engineering},
  volume={358},
  pages={112623},
  year={2020},
  publisher={Elsevier}
}

@article{kissas2024language,
  title={The language of hyperelastic materials},
  author={Kissas, Georgios and Mishra, Siddhartha and Chatzi, Eleni and De Lorenzis, Laura},
  journal={Computer Methods in Applied Mechanics and Engineering},
  volume={428},
  pages={117053},
  year={2024},
  publisher={Elsevier}
}

@article{lagaris1998artificial,
  title={Artificial neural networks for solving ordinary and partial differential equations},
  author={Lagaris, Isaac E and Likas, Aristidis and Fotiadis, Dimitrios I},
  journal={IEEE transactions on neural networks},
  volume={9},
  number={5},
  pages={987--1000},
  year={1998},
  publisher={IEEE}
}

@article{lample2019deep,
  title={Deep learning for symbolic mathematics},
  author={Lample, Guillaume and Charton, Fran{\c{c}}ois},
  journal={arXiv preprint arXiv:1912.01412},
  year={2019}
}

@article{liang2022finite,
  title={Finite expression method for solving high-dimensional partial differential equations},
  author={Liang, Senwei and Yang, Haizhao},
  journal={arXiv preprint arXiv:2206.10121},
  year={2022}
}

@article{manav2024phase,
  title={Phase-field modeling of fracture with physics-informed deep learning},
  author={Manav, Manav and Molinaro, Roberto and Mishra, Siddhartha and De Lorenzis, Laura},
  journal={Computer Methods in Applied Mechanics and Engineering},
  volume={429},
  pages={117104},
  year={2024},
  publisher={Elsevier}
}

@article{mao2020physics,
  title={Physics-informed neural networks for high-speed flows},
  author={Mao, Zhiping and Jagtap, Ameya D and Karniadakis, George Em},
  journal={Computer Methods in Applied Mechanics and Engineering},
  volume={360},
  pages={112789},
  year={2020},
  publisher={Elsevier}
}

@Manual{mathematica,
title = {Mathematica},
author = {{Wolfram Research{,} Inc.}}, 
organization = {Wolfram Research, Inc.},
address = {Champaign, IL}, 
year = {2024},
note = {Version 14.1}, 
url = {https://www.wolfram.com/mathematica/} }

@book{miller1977symmetry,
  title     = {Symmetry and Separation of Variables},
  author    = {Miller, W.},
  year      = {1977},
  publisher = {Cambridge University Press},
  address   = {Cambridge},
  isbn      = {9780521177399},
  url       = {https://www.cambridge.org/core/books/symmetry-and-separation-of-variables/827B10AA9A8DE34E49F3E217424EA7DC}
}

@article{raissi2018deep,
  title={Deep hidden physics models: Deep learning of nonlinear partial differential equations},
  author={Raissi, Maziar},
  journal={Journal of Machine Learning Research},
  volume={19},
  number={25},
  pages={1--24},
  year={2018}
}

@article{risch1969the,
  author  = {Risch, Robert H.},
  title   = {The Problem of Integration in Finite Terms},
  journal = {Transactions of the American Mathematical Society},
  volume  = {139},
  pages   = {167--189},
  year    = {1969},
  doi     = {10.2307/1994915}
}

@inproceedings{seaton2010analytic,
  title={Analytic solutions to differential equations under graph-based genetic programming},
  author={Seaton, Tom and Brown, Gavin and Miller, Julian F},
  booktitle={European Conference on Genetic Programming},
  pages={232--243},
  year={2010},
  organization={Springer}
}

@article{sirignano2018dgm,
  title={DGM: A deep learning algorithm for solving partial differential equations},
  author={Sirignano, Justin and Spiliopoulos, Konstantinos},
  journal={Journal of computational physics},
  volume={375},
  pages={1339--1364},
  year={2018},
  publisher={Elsevier}
}

@article{toscano2024pinns,
  title={From pinns to pikans: Recent advances in physics-informed machine learning},
  author={Toscano, Juan Diego and Oommen, Vivek and Varghese, Alan John and Zou, Zongren and Daryakenari, Nazanin Ahmadi and Wu, Chenxi and Karniadakis, George Em},
  journal={arXiv preprint arXiv:2410.13228},
  year={2024}
}

@article{virgolin2022symbolic,
  title={Symbolic regression is NP-hard},
  author={Virgolin, Marco and Pissis, Solon P},
  journal={arXiv preprint arXiv:2207.01018},
  year={2022}
}

@article{wang2021understanding,
  title={Understanding and mitigating gradient flow pathologies in physics-informed neural networks},
  author={Wang, Sifan and Teng, Yujun and Perdikaris, Paris},
  journal={SIAM Journal on Scientific Computing},
  volume={43},
  number={5},
  pages={A3055--A3081},
  year={2021},
  publisher={SIAM}
}

@article{wang2022and,
  title={When and why PINNs fail to train: A neural tangent kernel perspective},
  author={Wang, Sifan and Yu, Xinling and Perdikaris, Paris},
  journal={Journal of Computational Physics},
  volume={449},
  pages={110768},
  year={2022},
  publisher={Elsevier}
}

@article{wei2024closed,
  title={Closed-form Symbolic Solutions: A New Perspective on Solving Partial Differential Equations},
  author={Wei, Shu and Li, Yanjie and Yu, Lina and Wu, Min and Li, Weijun and Hao, Meilan and Li, Wenqiang and Liu, Jingyi and Deng, Yusong},
  journal={arXiv preprint arXiv:2405.14620},
  year={2024}
}

@article{zhu2018bayesian,
  title={Bayesian deep convolutional encoder--decoder networks for surrogate modeling and uncertainty quantification},
  author={Zhu, Yinhao and Zabaras, Nicholas},
  journal={Journal of Computational Physics},
  volume={366},
  pages={415--447},
  year={2018},
  publisher={Elsevier}
}

