@article{adcnet,
  title={ADCNet: Learning from Raw Radar Data via Distillation},
  author={Yang, Bo and Khatri, Ishan and Happold, Michael and Chen, Chulong},
  journal={arXiv preprint arXiv:2303.11420},
  year={2023}
}

@inproceedings{bang2024radardistill,
  title={RadarDistill: Boosting Radar-based Object Detection Performance via Knowledge Distillation from LiDAR Features},
  author={Bang, Geonho and Choi, Kwangjin and Kim, Jisong and Kum, Dongsuk and Choi, Jun Won},
  booktitle={Proceedings of the IEEE/CVF Conference on Computer Vision and Pattern Recognition},
  pages={15491--15500},
  year={2024}
}

@article{domhof2021joint,
  title={A joint extrinsic calibration tool for radar, camera and lidar},
  author={Domhof, Joris and Kooij, Julian FP and Gavrila, Dariu M},
  journal={IEEE Transactions on Intelligent Vehicles},
  volume={6},
  number={3},
  pages={571--582},
  year={2021},
  publisher={IEEE}
}

@article{fent2024dpft,
  title={Dpft: Dual perspective fusion transformer for camera-radar-based object detection},
  author={Fent, Felix and Palffy, Andras and Caesar, Holger},
  journal={IEEE TRANSACTIONS ON INTELLIGENT VEHICLES},
  year={2024}
}

@inproceedings{fftradnet,
  title={Raw high-definition radar for multi-task learning},
  author={Rebut, Julien and Ouaknine, Arthur and Malik, Waqas and P{\'e}rez, Patrick},
  booktitle={Proceedings of the IEEE/CVF Conference on Computer Vision and Pattern Recognition},
  pages={17021--17030},
  year={2022}
}

@article{hinton2015distilling,
  title={Distilling the Knowledge in a Neural Network},
  author={Hinton, Geoffrey},
  journal={arXiv preprint arXiv:1503.02531},
  year={2015}
}

@article{li2023globally,
  title={Globally optimal robust radar calibration in intelligent transportation systems},
  author={Li, Xinyi and Liu, Yinlong and Lakshminarasimhan, Venkatnarayanan and Cao, Hu and Zhang, Feihu and Knoll, Alois},
  journal={IEEE Transactions on Intelligent Transportation Systems},
  volume={24},
  number={6},
  pages={6082--6095},
  year={2023},
  publisher={IEEE}
}

@inproceedings{t-fftradnet,
  title={T-fftradnet: Object detection with swin vision transformers from raw adc radar signals},
  author={Giroux, James and Bouchard, Martin and Laganiere, Robert},
  booktitle={Proceedings of the IEEE/CVF International Conference on Computer Vision},
  pages={4030--4039},
  year={2023}
}

@inproceedings{zhao2024crkd,
  title={CRKD: Enhanced Camera-Radar Object Detection with Cross-modality Knowledge Distillation},
  author={Zhao, Lingjun and Song, Jingyu and Skinner, Katherine A},
  booktitle={Proceedings of the IEEE/CVF Conference on Computer Vision and Pattern Recognition},
  pages={15470--15480},
  year={2024}
}

