@article{kradar,
  title={K-radar: 4d radar object detection for autonomous driving in various weather conditions},
  author={Paek, Dong-Hee and Kong, Seung-Hyun and Wijaya, Kevin Tirta},
  journal={Advances in Neural Information Processing Systems},
  volume={35},
  pages={3819--3829},
  year={2022}
}

@article{rtnh+,
  title={RTNH+: Enhanced 4D Radar Object Detection Network using Two-Level Preprocessing and Vertical Encoding},
  author={Kong, Seung-Hyun and Paek, Dong-Hee and Lee, Sangyeong},
  journal={IEEE Transactions on Intelligent Vehicles},
  year={2024},
  publisher={IEEE}
}

#camera
@inproceedings{cam_3D_OD1,
  title={Monocular 3d object detection for autonomous driving},
  author={Chen, Xiaozhi and Kundu, Kaustav and Zhang, Ziyu and Ma, Huimin and Fidler, Sanja and Urtasun, Raquel},
  booktitle={Proceedings of the IEEE conference on computer vision and pattern recognition},
  pages={2147--2156},
  year={2016}
}

@inproceedings{cam_3D_OD2,
  title={M3d-rpn: Monocular 3d region proposal network for object detection},
  author={Brazil, Garrick and Liu, Xiaoming},
  booktitle={Proceedings of the IEEE/CVF international conference on computer vision},
  pages={9287--9296},
  year={2019}
}

@inproceedings{cam_3D_OD3,
  title={Smoke: Single-stage monocular 3d object detection via keypoint estimation},
  author={Liu, Zechen and Wu, Zizhang and T{\'o}th, Roland},
  booktitle={Proceedings of the IEEE/CVF conference on computer vision and pattern recognition workshops},
  pages={996--997},
  year={2020}
}

@inproceedings{cam_3D_OD4,
  title={Fcos3d: Fully convolutional one-stage monocular 3d object detection},
  author={Wang, Tai and Zhu, Xinge and Pang, Jiangmiao and Lin, Dahua},
  booktitle={Proceedings of the IEEE/CVF International Conference on Computer Vision},
  pages={913--922},
  year={2021}
}

#LiDAR
@inproceedings{pointnet,
  title={Pointnet: Deep learning on point sets for 3d classification and segmentation},
  author={Qi, Charles R and Su, Hao and Mo, Kaichun and Guibas, Leonidas J},
  booktitle={Proceedings of the IEEE conference on computer vision and pattern recognition},
  pages={652--660},
  year={2017}
}

@inproceedings{voxelnet,
  title={Voxelnet: End-to-end learning for point cloud based 3d object detection},
  author={Zhou, Yin and Tuzel, Oncel},
  booktitle={Proceedings of the IEEE conference on computer vision and pattern recognition},
  pages={4490--4499},
  year={2018}
}

@article{second,
  title={Second: Sparsely embedded convolutional detection},
  author={Yan, Yan and Mao, Yuxing and Li, Bo},
  journal={Sensors},
  volume={18},
  number={10},
  pages={3337},
  year={2018},
  publisher={Multidisciplinary Digital Publishing Institute}
}

@inproceedings{pointpillars,
  title={Pointpillars: Fast encoders for object detection from point clouds},
  author={Lang, Alex H and Vora, Sourabh and Caesar, Holger and Zhou, Lubing and Yang, Jiong and Beijbom, Oscar},
  booktitle={Proceedings of the IEEE/CVF conference on computer vision and pattern recognition},
  pages={12697--12705},
  year={2019}
}

@inproceedings{pvrcnn,
  title={Pv-rcnn: Point-voxel feature set abstraction for 3d object detection},
  author={Shi, Shaoshuai and Guo, Chaoxu and Jiang, Li and Wang, Zhe and Shi, Jianping and Wang, Xiaogang and Li, Hongsheng},
  booktitle={Proceedings of the IEEE/CVF conference on computer vision and pattern recognition},
  pages={10529--10538},
  year={2020}
}

@inproceedings{voxelnext,
  title={Voxelnext: Fully sparse voxelnet for 3d object detection and tracking},
  author={Chen, Yukang and Liu, Jianhui and Zhang, Xiangyu and Qi, Xiaojuan and Jia, Jiaya},
  booktitle={Proceedings of the IEEE/CVF Conference on Computer Vision and Pattern Recognition},
  pages={21674--21683},
  year={2023}
}

#4D Radar
@inproceedings{rpfa,
  title={RPFA-Net: A 4D radar pillar feature attention network for 3D object detection},
  author={Xu, Baowei and Zhang, Xinyu and Wang, Li and Hu, Xiaomei and Li, Zhiwei and Pan, Shuyue and Li, Jun and Deng, Yongqiang},
  booktitle={2021 IEEE International Intelligent Transportation Systems Conference (ITSC)},
  pages={3061--3066},
  year={2021},
  organization={IEEE}
}

@inproceedings{mvfan,
  title={Mvfan: Multi-view feature assisted network for 4d radar object detection},
  author={Yan, Qiao and Wang, Yihan},
  booktitle={International Conference on Neural Information Processing},
  pages={493--511},
  year={2023},
  organization={Springer}
}

@article{smurf,
  title={SMURF: Spatial multi-representation fusion for 3D object detection with 4D imaging radar},
  author={Liu, Jianan and Zhao, Qiuchi and Xiong, Weiyi and Huang, Tao and Han, Qing-Long and Zhu, Bing},
  journal={IEEE Transactions on Intelligent Vehicles},
  year={2023},
  publisher={IEEE}
}

@article{smiformer,
  title={Smiformer: Learning spatial feature representation for 3d object detection from 4d imaging radar via multi-view interactive transformers},
  author={Shi, Weigang and Zhu, Ziming and Zhang, Kezhi and Chen, Huanlei and Yu, Zhuoping and Zhu, Yu},
  journal={Sensors},
  volume={23},
  number={23},
  pages={9429},
  year={2023},
  publisher={MDPI}
}

@article{radarmfnet,
  title={3-D object detection for multiframe 4-D automotive millimeter-wave radar point cloud},
  author={Tan, Bin and Ma, Zhixiong and Zhu, Xichan and Li, Sen and Zheng, Lianqing and Chen, Sihan and Huang, Libo and Bai, Jie},
  journal={IEEE Sensors Journal},
  volume={23},
  number={11},
  pages={11125--11138},
  year={2022},
  publisher={IEEE}
}

@article{srff-cbam,
  title={Sparsity-Robust Feature Fusion for Vulnerable Road-User Detection with 4D Radar},
  author={Ruddat, Leon and Reichardt, Laurenz and Ebert, Nikolas and Wasenm{\"u}ller, Oliver},
  journal={Applied Sciences},
  volume={14},
  number={7},
  pages={2781},
  year={2024},
  publisher={MDPI}
}

#4DRT, ADC, ...
@inproceedings{fftradnet,
  title={Raw high-definition radar for multi-task learning},
  author={Rebut, Julien and Ouaknine, Arthur and Malik, Waqas and P{\'e}rez, Patrick},
  booktitle={Proceedings of the IEEE/CVF Conference on Computer Vision and Pattern Recognition},
  pages={17021--17030},
  year={2022}
}

@inproceedings{t-fftradnet,
  title={T-fftradnet: Object detection with swin vision transformers from raw adc radar signals},
  author={Giroux, James and Bouchard, Martin and Laganiere, Robert},
  booktitle={Proceedings of the IEEE/CVF International Conference on Computer Vision},
  pages={4030--4039},
  year={2023}
}

@article{adcnet,
  title={ADCNet: Learning from Raw Radar Data via Distillation},
  author={Yang, Bo and Khatri, Ishan and Happold, Michael and Chen, Chulong},
  journal={arXiv preprint arXiv:2303.11420},
  year={2023}
}

@inproceedings{fftdashnet,
  title={Efficient-DASH: Automated Radar Neural Network Design Across Tasks and Datasets},
  author={Boot, Thomas and Cazin, Nicolas and Sanberg, Willem and Vanschoren, Joaquin},
  booktitle={2023 IEEE Intelligent Vehicles Symposium (IV)},
  pages={1--7},
  year={2023},
  organization={IEEE}
}

@article{attention,
  title={Attention is all you need},
  author={Vaswani, A},
  journal={Advances in Neural Information Processing Systems},
  year={2017}
}

@inproceedings{spconv,
  title={Sparse convolutional neural networks},
  author={Liu, Baoyuan and Wang, Min and Foroosh, Hassan and Tappen, Marshall and Pensky, Marianna},
  booktitle={Proceedings of the IEEE conference on computer vision and pattern recognition},
  pages={806--814},
  year={2015}
}

@article{sparse2dense,
  title={Sparse2Dense: Learning to densify 3d features for 3d object detection},
  author={Wang, Tianyu and Hu, Xiaowei and Liu, Zhengzhe and Fu, Chi-Wing},
  journal={Advances in Neural Information Processing Systems},
  volume={35},
  pages={38533--38545},
  year={2022}
}

@inproceedings{radardistill,
  title={RadarDistill: Boosting Radar-based Object Detection Performance via Knowledge Distillation from LiDAR Features},
  author={Bang, Geonho and Choi, Kwangjin and Kim, Jisong and Kum, Dongsuk and Choi, Jun Won},
  booktitle={Proceedings of the IEEE/CVF Conference on Computer Vision and Pattern Recognition},
  pages={15491--15500},
  year={2024}
}

@inproceedings{deformable,
  title={Deformable convolutional networks},
  author={Dai, Jifeng and Qi, Haozhi and Xiong, Yuwen and Li, Yi and Zhang, Guodong and Hu, Han and Wei, Yichen},
  booktitle={Proceedings of the IEEE international conference on computer vision},
  pages={764--773},
  year={2017}
}

@inproceedings{convnext,
  title={A convnet for the 2020s},
  author={Liu, Zhuang and Mao, Hanzi and Wu, Chao-Yuan and Feichtenhofer, Christoph and Darrell, Trevor and Xie, Saining},
  booktitle={Proceedings of the IEEE/CVF conference on computer vision and pattern recognition},
  pages={11976--11986},
  year={2022}
}

@inproceedings{convnext2,
  title={Convnext v2: Co-designing and scaling convnets with masked autoencoders},
  author={Woo, Sanghyun and Debnath, Shoubhik and Hu, Ronghang and Chen, Xinlei and Liu, Zhuang and Kweon, In So and Xie, Saining},
  booktitle={Proceedings of the IEEE/CVF Conference on Computer Vision and Pattern Recognition},
  pages={16133--16142},
  year={2023}
}

@article{transposed,
  title={A guide to convolution arithmetic for deep learning},
  author={Dumoulin, Vincent and Visin, Francesco},
  journal={arXiv preprint arXiv:1603.07285},
  year={2016}
}

@inproceedings{zhou2020end,
  title={End-to-end multi-view fusion for 3d object detection in lidar point clouds},
  author={Zhou, Yin and Sun, Pei and Zhang, Yu and Anguelov, Dragomir and Gao, Jiyang and Ouyang, Tom and Guo, James and Ngiam, Jiquan and Vasudevan, Vijay},
  booktitle={Conference on Robot Learning},
  pages={923--932},
  year={2020},
  organization={PMLR}
}

@article{fent2024dpft,
  title={Dpft: Dual perspective fusion transformer for camera-radar-based object detection},
  author={Fent, Felix and Palffy, Andras and Caesar, Holger},
  journal={IEEE TRANSACTIONS ON INTELLIGENT VEHICLES},
  year={2024}
}

@inproceedings{bang2024radardistill,
  title={RadarDistill: Boosting Radar-based Object Detection Performance via Knowledge Distillation from LiDAR Features},
  author={Bang, Geonho and Choi, Kwangjin and Kim, Jisong and Kum, Dongsuk and Choi, Jun Won},
  booktitle={Proceedings of the IEEE/CVF Conference on Computer Vision and Pattern Recognition},
  pages={15491--15500},
  year={2024}
}

@inproceedings{zhao2024crkd,
  title={CRKD: Enhanced Camera-Radar Object Detection with Cross-modality Knowledge Distillation},
  author={Zhao, Lingjun and Song, Jingyu and Skinner, Katherine A},
  booktitle={Proceedings of the IEEE/CVF Conference on Computer Vision and Pattern Recognition},
  pages={15470--15480},
  year={2024}
}

@inproceedings{kim2023crn,
  title={Crn: Camera radar net for accurate, robust, efficient 3d perception},
  author={Kim, Youngseok and Shin, Juyeb and Kim, Sanmin and Lee, In-Jae and Choi, Jun Won and Kum, Dongsuk},
  booktitle={Proceedings of the IEEE/CVF International Conference on Computer Vision},
  pages={17615--17626},
  year={2023}
}

@inproceedings{
zhu2021deformable,
title={Deformable {\{}DETR{\}}: Deformable Transformers for End-to-End Object Detection},
author={Xizhou Zhu and Weijie Su and Lewei Lu and Bin Li and Xiaogang Wang and Jifeng Dai},
booktitle={International Conference on Learning Representations},
year={2021},
}

@inproceedings{lin2024rcbevdet,
  title={RCBEVDet: Radar-camera Fusion in Bird's Eye View for 3D Object Detection},
  author={Lin, Zhiwei and Liu, Zhe and Xia, Zhongyu and Wang, Xinhao and Wang, Yongtao and Qi, Shengxiang and Dong, Yang and Dong, Nan and Zhang, Le and Zhu, Ce},
  booktitle={Proceedings of the IEEE/CVF Conference on Computer Vision and Pattern Recognition},
  pages={14928--14937},
  year={2024}
}

@inproceedings{wang2022interfusion,
  title={InterFusion: Interaction-based 4D radar and LiDAR fusion for 3D object detection},
  author={Wang, Li and Zhang, Xinyu and Xv, Baowei and Zhang, Jinzhao and Fu, Rong and Wang, Xiaoyu and Zhu, Lei and Ren, Haibing and Lu, Pingping and Li, Jun and others},
  booktitle={2022 IEEE/RSJ International Conference on Intelligent Robots and Systems (IROS)},
  pages={12247--12253},
  year={2022},
  organization={IEEE}
}

@inproceedings{wang2023bi,
  title={Bi-lrfusion: Bi-directional lidar-radar fusion for 3d dynamic object detection},
  author={Wang, Yingjie and Deng, Jiajun and Li, Yao and Hu, Jinshui and Liu, Cong and Zhang, Yu and Ji, Jianmin and Ouyang, Wanli and Zhang, Yanyong},
  booktitle={Proceedings of the IEEE/CVF Conference on Computer Vision and Pattern Recognition},
  pages={13394--13403},
  year={2023}
}

@article{tan20223,
  title={3-D object detection for multiframe 4-D automotive millimeter-wave radar point cloud},
  author={Tan, Bin and Ma, Zhixiong and Zhu, Xichan and Li, Sen and Zheng, Lianqing and Chen, Sihan and Huang, Libo and Bai, Jie},
  journal={IEEE Sensors Journal},
  volume={23},
  number={11},
  pages={11125--11138},
  year={2022},
  publisher={IEEE}
}

@inproceedings{caesar2020nuscenes,
  title={nuscenes: A multimodal dataset for autonomous driving},
  author={Caesar, Holger and Bankiti, Varun and Lang, Alex H and Vora, Sourabh and Liong, Venice Erin and Xu, Qiang and Krishnan, Anush and Pan, Yu and Baldan, Giancarlo and Beijbom, Oscar},
  booktitle={Proceedings of the IEEE/CVF conference on computer vision and pattern recognition},
  pages={11621--11631},
  year={2020}
}

@inproceedings{graham20183d,
  title={3d semantic segmentation with submanifold sparse convolutional networks},
  author={Graham, Benjamin and Engelcke, Martin and Van Der Maaten, Laurens},
  booktitle={Proceedings of the IEEE conference on computer vision and pattern recognition},
  pages={9224--9232},
  year={2018}
}

@inproceedings{graham2015sparse,
  title={Sparse 3D convolutional neural networks},
  author={Graham, Benjamin},
  booktitle={British Machine Vision Conference},
  year={2015}
}

@inproceedings{yin2021center,
  title={Center-based 3d object detection and tracking},
  author={Yin, Tianwei and Zhou, Xingyi and Krahenbuhl, Philipp},
  booktitle={Proceedings of the IEEE/CVF conference on computer vision and pattern recognition},
  pages={11784--11793},
  year={2021}
}

@inproceedings{tsai2023ms3d,
  title={Ms3d: Leveraging multiple detectors for unsupervised domain adaptation in 3d object detection},
  author={Tsai, Darren and Berrio, Julie Stephany and Shan, Mao and Nebot, Eduardo and Worrall, Stewart},
  booktitle={2023 IEEE 26th International Conference on Intelligent Transportation Systems (ITSC)},
  pages={140--147},
  year={2023},
  organization={IEEE}
}

@article{palffy2022multi,
  title={Multi-class road user detection with 3+ 1D radar in the View-of-Delft dataset},
  author={Palffy, Andras and Pool, Ewoud and Baratam, Srimannarayana and Kooij, Julian FP and Gavrila, Dariu M},
  journal={IEEE Robotics and Automation Letters},
  volume={7},
  number={2},
  pages={4961--4968},
  year={2022},
  publisher={IEEE}
}

@inproceedings{zheng2022tj4dradset,
  title={TJ4DRadSet: A 4D radar dataset for autonomous driving},
  author={Zheng, Lianqing and Ma, Zhixiong and Zhu, Xichan and Tan, Bin and Li, Sen and Long, Kai and Sun, Weiqi and Chen, Sihan and Zhang, Lu and Wan, Mengyue and others},
  booktitle={2022 IEEE 25th International Conference on Intelligent Transportation Systems (ITSC)},
  pages={493--498},
  year={2022},
  organization={IEEE}
}

@inproceedings{geiger2012we,
  title={Are we ready for autonomous driving? the kitti vision benchmark suite},
  author={Geiger, Andreas and Lenz, Philip and Urtasun, Raquel},
  booktitle={2012 IEEE conference on computer vision and pattern recognition},
  pages={3354--3361},
  year={2012},
  organization={IEEE}
}

@article{hinton2015distilling,
  title={Distilling the Knowledge in a Neural Network},
  author={Hinton, Geoffrey},
  journal={arXiv preprint arXiv:1503.02531},
  year={2015}
}

@article{li2023globally,
  title={Globally optimal robust radar calibration in intelligent transportation systems},
  author={Li, Xinyi and Liu, Yinlong and Lakshminarasimhan, Venkatnarayanan and Cao, Hu and Zhang, Feihu and Knoll, Alois},
  journal={IEEE Transactions on Intelligent Transportation Systems},
  volume={24},
  number={6},
  pages={6082--6095},
  year={2023},
  publisher={IEEE}
}

@article{domhof2021joint,
  title={A joint extrinsic calibration tool for radar, camera and lidar},
  author={Domhof, Joris and Kooij, Julian FP and Gavrila, Dariu M},
  journal={IEEE Transactions on Intelligent Vehicles},
  volume={6},
  number={3},
  pages={571--582},
  year={2021},
  publisher={IEEE}
}


@inproceedings{enhancedkradar,
  title={Enhanced k-radar: Optimal density reduction to improve detection performance and accessibility of 4d radar tensor-based object detection},
  author={Paek, Dong-Hee and Kong, Seung-Hyun and Wijaya, Kevin Tirta},
  booktitle={2023 IEEE Intelligent Vehicles Symposium (IV)},
  pages={1--6},
  year={2023},
  organization={IEEE}
}


@inproceedings{bijelic2018benchmark,
  title={A benchmark for lidar sensors in fog: Is detection breaking down?},
  author={Bijelic, Mario and Gruber, Tobias and Ritter, Werner},
  booktitle={2018 IEEE intelligent vehicles symposium (IV)},
  pages={760--767},
  year={2018},
  organization={IEEE}
}

@inproceedings{mirza2021robustness,
  title={Robustness of object detectors in degrading weather conditions},
  author={Mirza, Muhammad Jehanzeb and Buerkle, Cornelius and Jarquin, Julio and Opitz, Michael and Oboril, Fabian and Scholl, Kay-Ulrich and Bischof, Horst},
  booktitle={2021 IEEE International Intelligent Transportation Systems Conference (ITSC)},
  pages={2719--2724},
  year={2021},
  organization={IEEE}
}
