@article{kirchner2015frama,
  title={Frama-C: A software analysis perspective},
  author={Kirchner, Florent and Kosmatov, Nikolai and Prevosto, Virgile and Signoles, Julien and Yakobowski, Boris},
  journal={Formal aspects of computing},
  volume={27},
  number={3},
  pages={573--609},
  year={2015},
  publisher={Springer}
}

@article{lattuada2023verus,
  title={Verus: Verifying rust programs using linear ghost types},
  author={Lattuada, Andrea and Hance, Travis and Cho, Chanhee and Brun, Matthias and Subasinghe, Isitha and Zhou, Yi and Howell, Jon and Parno, Bryan and Hawblitzel, Chris},
  journal={Proceedings of the ACM on Programming Languages},
  volume={7},
  number={OOPSLA1},
  pages={286--315},
  year={2023},
  publisher={ACM New York, NY, USA}
}

@inproceedings{leino2010dafny,
  title={Dafny: An automatic program verifier for functional correctness},
  author={Leino, K Rustan M},
  booktitle={International conference on logic for programming artificial intelligence and reasoning},
  pages={348--370},
  year={2010},
  organization={Springer}
}

@inproceedings{li2024guiding,
  title={Guiding enumerative program synthesis with large language models},
  author={Li, Yixuan and Parsert, Julian and Polgreen, Elizabeth},
  booktitle={International Conference on Computer Aided Verification},
  pages={280--301},
  year={2024},
  organization={Springer}
}

@article{liao20243,
  title={A 3-CodGen: A Repository-Level Code Generation Framework for Code Reuse with Local-Aware, Global-Aware, and Third-Party-Library-Aware},
  author={Liao, Dianshu and Pan, Shidong and Sun, Xiaoyu and Ren, Xiaoxue and Huang, Qing and Xing, Zhenchang and Jin, Huan and Li, Qinying},
  journal={IEEE Transactions on Software Engineering},
  year={2024},
  publisher={IEEE}
}

@inproceedings{liu2022learning,
  title={Learning contract invariants using reinforcement learning},
  author={Liu, Junrui and Chen, Yanju and Tan, Bryan and Dillig, Isil and Feng, Yu},
  booktitle={Proceedings of the 37th IEEE/ACM International Conference on Automated Software Engineering},
  pages={1--11},
  year={2022}
}

@inproceedings{si2020code2inv,
  title={Code2inv: A deep learning framework for program verification},
  author={Si, Xujie and Naik, Aaditya and Dai, Hanjun and Naik, Mayur and Song, Le},
  booktitle={Computer Aided Verification: 32nd International Conference, CAV 2020, Los Angeles, CA, USA, July 21--24, 2020, Proceedings, Part II 32},
  pages={151--164},
  year={2020},
  organization={Springer}
}

@inproceedings{sun2024clover,
  title={Clover: Clo sed-Loop Ver ifiable Code Generation},
  author={Sun, Chuyue and Sheng, Ying and Padon, Oded and Barrett, Clark},
  booktitle={International Symposium on AI Verification},
  pages={134--155},
  year={2024},
  organization={Springer}
}

@inproceedings{wang2022learning,
  title={Learning to synthesize relational invariants},
  author={Wang, Jingbo and Wang, Chao},
  booktitle={Proceedings of the 37th IEEE/ACM International Conference on Automated Software Engineering},
  pages={1--12},
  year={2022}
}

@inproceedings{wen2024enchanting,
  title={Enchanting program specification synthesis by large language models using static analysis and program verification},
  author={Wen, Cheng and Cao, Jialun and Su, Jie and Xu, Zhiwu and Qin, Shengchao and He, Mengda and Li, Haokun and Cheung, Shing-Chi and Tian, Cong},
  booktitle={International Conference on Computer Aided Verification},
  pages={302--328},
  year={2024},
  organization={Springer}
}

@article{yang2023leandojo,
  title={Leandojo: Theorem proving with retrieval-augmented language models},
  author={Yang, Kaiyu and Swope, Aidan and Gu, Alex and Chalamala, Rahul and Song, Peiyang and Yu, Shixing and Godil, Saad and Prenger, Ryan J and Anandkumar, Animashree},
  journal={Advances in Neural Information Processing Systems},
  volume={36},
  year={2024}
}

@article{yang2024autoverus,
  title={Autoverus: Automated proof generation for rust code},
  author={Yang, Chenyuan and Li, Xuheng and Misu, Md Rakib Hossain and Yao, Jianan and Cui, Weidong and Gong, Yeyun and Hawblitzel, Chris and Lahiri, Shuvendu and Lorch, Jacob R and Lu, Shuai and others},
  journal={arXiv preprint arXiv:2409.13082},
  year={2024}
}

@article{zhang2024selene,
  title={Selene: Pioneering Automated Proof in Software Verification},
  author={Zhang, Lichen and Lu, Shuai and Duan, Nan},
  journal={arXiv preprint arXiv:2401.07663},
  year={2024}
}

