@inproceedings{Chen_Qian_2020,
    title = "Relation-Aware Collaborative Learning for Unified Aspect-Based Sentiment Analysis",
    author = "Chen, Zhuang  and
      Qian, Tieyun",
    editor = "Jurafsky, Dan  and
      Chai, Joyce  and
      Schluter, Natalie  and
      Tetreault, Joel",
    booktitle = "Proceedings of the 58th Annual Meeting of the Association for Computational Linguistics",
    month = jul,
    year = "2020",
    address = "Online",
    publisher = "Association for Computational Linguistics",
    url = "https://aclanthology.org/2020.acl-main.340/",
    doi = "10.18653/v1/2020.acl-main.340",
    pages = "3685--3694",
}

@inproceedings{barnes2016exploring,
    title = "Exploring Distributional Representations and Machine Translation for Aspect-based Cross-lingual Sentiment Classification.",
    author = "Barnes, Jeremy  and
      Lambert, Patrik  and
      Badia, Toni",
    editor = "Matsumoto, Yuji  and
      Prasad, Rashmi",
    booktitle = "Proceedings of {COLING} 2016, the 26th International Conference on Computational Linguistics: Technical Papers",
    month = dec,
    year = "2016",
    address = "Osaka, Japan",
    publisher = "The COLING 2016 Organizing Committee",
    url = "https://aclanthology.org/C16-1152/",
    pages = "1613--1623",
}

@inproceedings{chebolu-etal-2023-review,
    title = "A Review of Datasets for Aspect-based Sentiment Analysis",
    author = "Chebolu, Siva Uday Sampreeth  and
      Dernoncourt, Franck  and
      Lipka, Nedim  and
      Solorio, Thamar",
    editor = "Park, Jong C.  and
      Arase, Yuki  and
      Hu, Baotian  and
      Lu, Wei  and
      Wijaya, Derry  and
      Purwarianti, Ayu  and
      Krisnadhi, Adila Alfa",
    booktitle = "Proceedings of the 13th International Joint Conference on Natural Language Processing and the 3rd Conference of the Asia-Pacific Chapter of the Association for Computational Linguistics (Volume 1: Long Papers)",
    month = nov,
    year = "2023",
    address = "Nusa Dua, Bali",
    publisher = "Association for Computational Linguistics",
    url = "https://aclanthology.org/2023.ijcnlp-main.41/",
    doi = "10.18653/v1/2023.ijcnlp-main.41",
    pages = "611--628"
}

@article{chebolu2024roast,
  title={ROAST: Review-level Opinion Aspect Sentiment Target Joint Detection},
  author={Chebolu, Siva Uday Sampreeth and Dernoncourt, Franck and Lipka, Nedim and Solorio, Thamar},
  journal={arXiv preprint arXiv:2405.20274},
  year={2024}
}

@inproceedings{conneau2019unsupervised,
    title = "Unsupervised Cross-lingual Representation Learning at Scale",
    author = "Conneau, Alexis  and
      Khandelwal, Kartikay  and
      Goyal, Naman  and
      Chaudhary, Vishrav  and
      Wenzek, Guillaume  and
      Guzm{\'a}n, Francisco  and
      Grave, Edouard  and
      Ott, Myle  and
      Zettlemoyer, Luke  and
      Stoyanov, Veselin",
    editor = "Jurafsky, Dan  and
      Chai, Joyce  and
      Schluter, Natalie  and
      Tetreault, Joel",
    booktitle = "Proceedings of the 58th Annual Meeting of the Association for Computational Linguistics",
    month = jul,
    year = "2020",
    address = "Online",
    publisher = "Association for Computational Linguistics",
    url = "https://aclanthology.org/2020.acl-main.747/",
    doi = "10.18653/v1/2020.acl-main.747",
    pages = "8440--8451",
}

@inproceedings{devlin2018bert,
    title = "{BERT}: Pre-training of Deep Bidirectional Transformers for Language Understanding",
    author = "Devlin, Jacob  and
      Chang, Ming-Wei  and
      Lee, Kenton  and
      Toutanova, Kristina",
    editor = "Burstein, Jill  and
      Doran, Christy  and
      Solorio, Thamar",
    booktitle = "Proceedings of the 2019 Conference of the North {A}merican Chapter of the Association for Computational Linguistics: Human Language Technologies, Volume 1 (Long and Short Papers)",
    month = jun,
    year = "2019",
    address = "Minneapolis, Minnesota",
    publisher = "Association for Computational Linguistics",
    url = "https://aclanthology.org/N19-1423/",
    doi = "10.18653/v1/N19-1423",
    pages = "4171--4186",
}

@inproceedings{klinger2015instance,
    title = "Instance Selection Improves Cross-Lingual Model Training for Fine-Grained Sentiment Analysis",
    author = "Klinger, Roman  and
      Cimiano, Philipp",
    booktitle = "Proceedings of the Nineteenth Conference on Computational Natural Language Learning",
    month = jul,
    year = "2015",
    address = "Beijing, China",
    publisher = "Association for Computational Linguistics",
    url = "https://aclanthology.org/K15-1016/",
    doi = "10.18653/v1/K15-1016",
    pages = "153--163"
}

@inproceedings{lambert2015aspect,
    title = "Aspect-Level Cross-lingual Sentiment Classification with Constrained {SMT}",
    author = "Lambert, Patrik",
    editor = "Zong, Chengqing  and
      Strube, Michael",
    booktitle = "Proceedings of the 53rd Annual Meeting of the Association for Computational Linguistics and the 7th International Joint Conference on Natural Language Processing (Volume 2: Short Papers)",
    month = jul,
    year = "2015",
    address = "Beijing, China",
    publisher = "Association for Computational Linguistics",
    url = "https://aclanthology.org/P15-2128/",
    doi = "10.3115/v1/P15-2128",
    pages = "781--787"
}

@inproceedings{lango-etal-2024-polish,
    title = "{P}olish-{ASTE}: Aspect-Sentiment Triplet Extraction Datasets for {P}olish",
    author = "Lango, Marta  and
      Naglik, Borys  and
      Lango, Mateusz  and
      Naglik, Iwo",
    editor = "Calzolari, Nicoletta  and
      Kan, Min-Yen  and
      Hoste, Veronique  and
      Lenci, Alessandro  and
      Sakti, Sakriani  and
      Xue, Nianwen",
    booktitle = "Proceedings of the 2024 Joint International Conference on Computational Linguistics, Language Resources and Evaluation (LREC-COLING 2024)",
    month = may,
    year = "2024",
    address = "Torino, Italia",
    publisher = "ELRA and ICCL",
    url = "https://aclanthology.org/2024.lrec-main.1122/",
    pages = "12821--12828",
}

@inproceedings{li2019unified,
  title={A unified model for opinion target extraction and target sentiment prediction},
  author={Li, Xin and Bing, Lidong and Li, Piji and Lam, Wai},
  booktitle={Proceedings of the AAAI Conference on Artificial Intelligence},
  pages={6714--6721},
url={https://cdn.aaai.org/ojs/4643/4643-13-7682-1-10-20190707.pdf},
  year={2019}
}

@inproceedings{lin2014cross,
author = {Lin, Zheng and Jin, Xiaolong and Xu, Xueke and Wang, Weiping and Cheng, Xueqi and Wang, Yuanzhuo},
title = {A Cross-Lingual Joint Aspect/Sentiment Model for Sentiment Analysis},
year = {2014},
isbn = {9781450325981},
publisher = {Association for Computing Machinery},
address = {New York, NY, USA},
url = {https://doi.org/10.1145/2661829.2662019},
doi = {10.1145/2661829.2662019},
booktitle = {Proceedings of the 23rd ACM International Conference on Conference on Information and Knowledge Management},
pages = {1089â€“1098},
numpages = {10},
keywords = {aspect discovery, cross-lingual sentiment analysis, sentiment analysis, topic model},
location = {Shanghai, China},
series = {CIKM '14}
}

@inproceedings{muhammad2023semeval,
    title = "{S}em{E}val-2023 Task 12: Sentiment Analysis for {A}frican Languages ({A}fri{S}enti-{S}em{E}val)",
    author = "Muhammad, Shamsuddeen Hassan  and
      Abdulmumin, Idris  and
      Yimam, Seid Muhie  and
      Adelani, David Ifeoluwa  and
      Ahmad, Ibrahim Said  and
      Ousidhoum, Nedjma  and
      Ayele, Abinew Ali  and
      Mohammad, Saif  and
      Beloucif, Meriem  and
      Ruder, Sebastian",
    editor = {Ojha, Atul Kr.  and
      Do{\u{g}}ru{\"o}z, A. Seza  and
      Da San Martino, Giovanni  and
      Tayyar Madabushi, Harish  and
      Kumar, Ritesh  and
      Sartori, Elisa},
    booktitle = "Proceedings of the 17th International Workshop on Semantic Evaluation (SemEval-2023)",
    month = jul,
    year = "2023",
    address = "Toronto, Canada",
    publisher = "Association for Computational Linguistics",
    url = "https://aclanthology.org/2023.semeval-1.315/",
    doi = "10.18653/v1/2023.semeval-1.315",
    pages = "2319--2337",
}

@inproceedings{phan2021exploring,
  author={Phan, Khoa Thi-Kim and Ngoc Hao, Duong and Thin, Dang Van and Luu-Thuy Nguyen, Ngan},
  booktitle={2021 International Conference on Multimedia Analysis and Pattern Recognition (MAPR)}, 
  title={Exploring Zero-shot Cross-lingual Aspect-based Sentiment Analysis using Pre-trained Multilingual Language Models}, 
  year={2021},
  volume={},
  number={},
  pages={1-6},
  doi={10.1109/MAPR53640.2021.9585242}}

@inproceedings{pontiki-etal-2014-semeval,
    title = "{S}em{E}val-2014 Task 4: Aspect Based Sentiment Analysis",
    author = "Pontiki, Maria  and
      Galanis, Dimitris  and
      Pavlopoulos, John  and
      Papageorgiou, Harris  and
      Androutsopoulos, Ion  and
      Manandhar, Suresh",
    editor = "Nakov, Preslav  and
      Zesch, Torsten",
    booktitle = "Proceedings of the 8th International Workshop on Semantic Evaluation ({S}em{E}val 2014)",
    month = aug,
    year = "2014",
    address = "Dublin, Ireland",
    publisher = "Association for Computational Linguistics",
    url = "https://aclanthology.org/S14-2004/",
    doi = "10.3115/v1/S14-2004",
    pages = "27--35"
}

@inproceedings{pontiki-etal-2015-semeval,
    title = "{S}em{E}val-2015 Task 12: Aspect Based Sentiment Analysis",
    author = "Pontiki, Maria  and
      Galanis, Dimitris  and
      Papageorgiou, Haris  and
      Manandhar, Suresh  and
      Androutsopoulos, Ion",
    editor = "Nakov, Preslav  and
      Zesch, Torsten  and
      Cer, Daniel  and
      Jurgens, David",
    booktitle = "Proceedings of the 9th International Workshop on Semantic Evaluation ({S}em{E}val 2015)",
    month = jun,
    year = "2015",
    address = "Denver, Colorado",
    publisher = "Association for Computational Linguistics",
    url = "https://aclanthology.org/S15-2082/",
    doi = "10.18653/v1/S15-2082",
    pages = "486--495"
}

@inproceedings{pontiki-etal-2016-semeval,
    title = "{S}em{E}val-2016 Task 5: Aspect Based Sentiment Analysis",
    author = {Pontiki, Maria  and
      Galanis, Dimitris  and
      Papageorgiou, Haris  and
      Androutsopoulos, Ion  and
      Manandhar, Suresh  and
      AL-Smadi, Mohammad  and
      Al-Ayyoub, Mahmoud  and
      Zhao, Yanyan  and
      Qin, Bing  and
      De Clercq, Orph{\'e}e  and
      Hoste, V{\'e}ronique  and
      Apidianaki, Marianna  and
      Tannier, Xavier  and
      Loukachevitch, Natalia  and
      Kotelnikov, Evgeniy  and
      Bel, Nuria  and
      Jim{\'e}nez-Zafra, Salud Mar{\'\i}a  and
      Eryi{\u{g}}it, G{\"u}l{\c{s}}en},
    editor = "Bethard, Steven  and
      Carpuat, Marine  and
      Cer, Daniel  and
      Jurgens, David  and
      Nakov, Preslav  and
      Zesch, Torsten",
    booktitle = "Proceedings of the 10th International Workshop on Semantic Evaluation ({S}em{E}val-2016)",
    month = jun,
    year = "2016",
    address = "San Diego, California",
    publisher = "Association for Computational Linguistics",
    url = "https://aclanthology.org/S16-1002",
    doi = "10.18653/v1/S16-1002",
    pages = "19--30",
}

@article{wan2020target, title={Target-Aspect-Sentiment Joint Detection for Aspect-Based Sentiment Analysis}, volume={34}, url={https://ojs.aaai.org/index.php/AAAI/article/view/6447}, DOI={10.1609/aaai.v34i05.6447},  number={05}, journal={Proceedings of the AAAI Conference on Artificial Intelligence}, author={Wan, Hai and Yang, Yufei and Du, Jianfeng and Liu, Yanan and Qi, Kunxun and Pan, Jeff Z.}, year={2020}, month={Apr.}, pages={9122-9129} }

@inproceedings{wang2018transition,
  title     = {Transition-based Adversarial Network for Cross-lingual Aspect Extraction},
  author    = {Wenya Wang and Sinno Jialin Pan},
  booktitle = {Proceedings of the Twenty-Seventh International Joint Conference on
               Artificial Intelligence, {IJCAI-18}},
  publisher = {International Joint Conferences on Artificial Intelligence Organization},
  pages     = {4475--4481},
  year      = {2018},
  month     = {7},
  doi       = {10.24963/ijcai.2018/622},
  url       = {https://doi.org/10.24963/ijcai.2018/622},
}

@article{wojatzki2017germeval,
  title={Germeval 2017: Shared task on aspect-based sentiment in social media customer feedback},
  author={Wojatzki, Michael and Ruppert, Eugen and Holschneider, Sarah and Zesch, Torsten and Biemann, Chris},
  journal={Proceedings of the GermEval},
  pages={1--12},
  year={2017}
}

@article{wu2024evaluating,
  title={Evaluating Zero-Shot Multilingual Aspect-Based Sentiment Analysis with Large Language Models},
  author={Wu, Chengyan and Ma, Bolei and Zhang, Zheyu and Deng, Ningyuan and He, Yanqing and Xue, Yun},
  journal={arXiv preprint arXiv:2412.12564},
  year={2024}
}

@inproceedings{xu2019bert,
    title = "{BERT} Post-Training for Review Reading Comprehension and Aspect-based Sentiment Analysis",
    author = "Xu, Hu  and
      Liu, Bing  and
      Shu, Lei  and
      Yu, Philip",
    editor = "Burstein, Jill  and
      Doran, Christy  and
      Solorio, Thamar",
    booktitle = "Proceedings of the 2019 Conference of the North {A}merican Chapter of the Association for Computational Linguistics: Human Language Technologies, Volume 1 (Long and Short Papers)",
    month = jun,
    year = "2019",
    address = "Minneapolis, Minnesota",
    publisher = "Association for Computational Linguistics",
    url = "https://aclanthology.org/N19-1242/",
    doi = "10.18653/v1/N19-1242",
    pages = "2324--2335",
}

@inproceedings{zhang-etal-2021-towards-generative,
    title = "Towards Generative Aspect-Based Sentiment Analysis",
    author = "Zhang, Wenxuan  and
      Li, Xin  and
      Deng, Yang  and
      Bing, Lidong  and
      Lam, Wai",
    editor = "Zong, Chengqing  and
      Xia, Fei  and
      Li, Wenjie  and
      Navigli, Roberto",
    booktitle = "Proceedings of the 59th Annual Meeting of the Association for Computational Linguistics and the 11th International Joint Conference on Natural Language Processing (Volume 2: Short Papers)",
    month = aug,
    year = "2021",
    address = "Online",
    publisher = "Association for Computational Linguistics",
    url = "https://aclanthology.org/2021.acl-short.64/",
    doi = "10.18653/v1/2021.acl-short.64",
    pages = "504--510",
}

@article{zhou2015clopinionminer,
  author={Zhou, Xinjie and Wan, Xiaojun and Xiao, Jianguo},
  journal={IEEE/ACM Transactions on Audio, Speech, and Language Processing}, 
  title={CLOpinionMiner: Opinion Target Extraction in a Cross-Language Scenario}, 
  year={2015},
  volume={23},
  number={4},
  pages={619-630},
  keywords={Training;Data mining;Feature extraction;Information retrieval;Cameras;Labeling;Data models;Cross-language information extraction;opinion mining;opinion target extraction},
  doi={10.1109/TASLP.2015.2392381}}

