

% Computer Science Education (CSE)

@inproceedings{gitreporter,
  title={Attribution of Work in Programming Teams with Git Reporter},
  author={Guttmann, Michael and Karaka{\v{s}}, Aleksandar and Helic, Denis},
  booktitle={Proceedings of the 55th ACM Technical Symposium on Computer Science Education V. 1},
  pages={436--442},
  year={2024}
}

% Grading of group projects

@inproceedings{sigcse20assessingIndividualContributionsWithGitLogs,
  title={Assessing individual contributions to software engineering projects with git logs and user stories},
  author={Buffardi, Kevin},
  booktitle={Proceedings of the 51st ACM technical symposium on computer science education},
  pages={650--656},
  year={2020}
}

@inproceedings{icse03evaluatingIndividualContribution,
  title={Evaluating individual contribution toward group software engineering projects},
  author={Hayes, Jane Huffman and Lethbridge, Timothy C and Port, Daniel},
  booktitle={25th International Conference on Software Engineering, 2003. Proceedings.},
  pages={622--627},
  year={2003},
  organization={IEEE}
}

@inproceedings{sigcse21evaluatingCommitIssueAndProductQualityInTeamProjects,
  title={Evaluating commit, issue and product quality in team software development projects},
  author={Hundhausen, Christopher and Carter, Adam and Conrad, Phillip and Tariq, Ahsun and Adesope, Olusola},
  booktitle={Proceedings of the 52nd ACM Technical Symposium on Computer Science Education},
  pages={108--114},
  year={2021}
}

@article{cse20githubCaseStudy,
  title={Using GitHub in large software engineering classes. An exploratory case study},
  author={Tushev, Miroslav and Williams, Grant and Mahmoud, Anas},
  journal={Computer Science Education},
  volume={30},
  number={2},
  pages={155--186},
  year={2020},
  publisher={Taylor \& Francis}
}

@inproceedings{sigcse15individualEvaluationVsTeamEvaluation,
  title={On the evaluation of student team software development projects},
  author={Tafliovich, Anya and Petersen, Andrew and Campbell, Jennifer},
  booktitle={Proceedings of the 46th ACM technical symposium on computer science education},
  pages={494--499},
  year={2015}
}

@inproceedings{asee00ohlandLaytonPeerEvaluation,
  title={Comparing the reliability of two peer evaluation instruments},
  author={Ohland, Matthew and Layton, Richard},
  booktitle={2000 Annual Conference},
  pages={5--152},
  year={2000}
}
@inproceedings{asee01laytonOhlandPeerRatingsRevisited,
  title={Peer ratings revisited: Focus on teamwork, not ability},
  author={Layton, Richard and Ohland, Matthew},
  booktitle={2001 Annual Conference},
  pages={6--779},
  year={2001}
}

@book{sage11appliedSocialPsychology,
  title={Applied social psychology: Understanding and addressing social and practical problems},
  author={Schneider, Frank W and Gruman, Jamie A and Coutts, Larry M},
  year={2011},
  publisher={Sage}
}




% Refactoring and CSE

%% Refactoring important
@article{computer07teachingSoftwareEvolution,
  title={Teaching software evolution in open source},
  author={Petrenko, Maksym and Poshyvanyk, Denys and Rajlich, V{\'a}clav and Buchta, Joseph},
  journal={Computer},
  volume={40},
  number={11},
  pages={25--31},
  year={2007},
  publisher={IEEE}
}

@inproceedings{sigcse14softwareMaintenance,
  title={Student projects are not throwaways: Teaching practical software maintenance in a software engineering course},
  author={Szabo, Claudia},
  booktitle={Proceedings of the 45th ACM technical symposium on Computer science education},
  pages={55--60},
  year={2014}
}

%% Refactoring NOT important

@inproceedings{cseet03practicalApproachOfTeachingSoftwareEngineering,
  title={A practical approach of teaching software engineering},
  author={Gnatz, Michael and Kof, Leonid and Prilmeier, Franz and Seifert, Tilman},
  booktitle={Proceedings 16th Conference on Software Engineering Education and Training, 2003.(CSEE\&T 2003).},
  pages={120--128},
  year={2003},
  organization={IEEE}
}

@inproceedings{ectel23,
  title={Relation Between Student Characteristics, Git Usage and Success in Programming Courses},
  author={Karaka{\v{s}}, Aleksandar and Helic, Denis},
  booktitle={European Conference on Technology Enhanced Learning},
  pages={133--148},
  year={2023},
  organization={Springer}
}

% Refactoring

@inproceedings{icse76dimensionsOfMaintenance,
  title={The dimensions of maintenance},
  author={Swanson, E Burton},
  booktitle={Proceedings of the 2nd international conference on Software engineering},
  pages={492--497},
  year={1976}
}

@book{fowler2018refactoringCatalogue,
  title={Refactoring: improving the design of existing code},
  author={Fowler, Martin},
  year={2018},
  publisher={Addison-Wesley Professional}
}

@article{tose11howWeRefactor,
  title={How we refactor, and how we know it},
  author={Murphy-Hill, Emerson and Parnin, Chris and Black, Andrew P},
  journal={IEEE Transactions on Software Engineering},
  volume={38},
  number={1},
  pages={5--18},
  year={2011},
  publisher={IEEE}
}

@inproceedings{fse12understandCodeChanges,
  title={How do software engineers understand code changes? An exploratory study in industry},
  author={Tao, Yida and Dang, Yingnong and Xie, Tao and Zhang, Dongmei and Kim, Sunghun},
  booktitle={Proceedings of the ACM SIGSOFT 20th International symposium on the foundations of software engineering},
  pages={1--11},
  year={2012}
}

@phdthesis{thesis12integrationOfCommits,
  title={Supporting integration activities in object-oriented applications},
  author={G{\'o}mez, Ver{\'o}nica Isabel Uquillas},
  year={2012},
  school={Lille 1}
}

@inproceedings{ecoop12studyCodeEvolutionWithCodingTracker,
  title={Is it dangerous to use version control histories to study source code evolution?},
  author={Negara, Stas and Vakilian, Mohsen and Chen, Nicholas and Johnson, Ralph E and Dig, Danny},
  booktitle={ECOOP 2012--Object-Oriented Programming: 26th European Conference, Beijing, China, June 11-16, 2012. Proceedings 26},
  pages={79--103},
  year={2012},
  organization={Springer}
}

@inproceedings{msr13untanglingCodeChanges,
  title={The impact of tangled code changes},
  author={Herzig, Kim and Zeller, Andreas},
  booktitle={2013 10th Working Conference on Mining Software Repositories (MSR)},
  pages={121--130},
  year={2013},
  organization={IEEE}
}

@inproceedings{ecoop13refactoringStudy,
  title={A comparative study of manual and automated refactorings},
  author={Negara, Stas and Chen, Nicholas and Vakilian, Mohsen and Johnson, Ralph E and Dig, Danny},
  booktitle={ECOOP 2013--Object-Oriented Programming: 27th European Conference, Montpellier, France, July 1-5, 2013. Proceedings 27},
  pages={552--576},
  year={2013},
  organization={Springer}
}

@article{tose14refactoringStudyAtMicrosoft,
  title={An Empirical Study of Refactoring Challenges and Benefits at Microsoft},
  author={Kim, Miryung and Zimmermann, Thomas and Nagappan, Nachiappan},
  journal={IEEE Transactions on Software Engineering},
  volume={40},
  number={7},
  pages={633--649},
  year={2014},
  publisher={IEEE}
}

@inproceedings{saner15untanglingCodeChanges,
  title={Untangling fine-grained code changes},
  author={Dias, Mart{\'\i}n and Bacchelli, Alberto and Gousios, Georgios and Cassou, Damien and Ducasse, St{\'e}phane},
  booktitle={2015 IEEE 22nd International Conference on Software Analysis, Evolution, and Reengineering (SANER)},
  pages={341--350},
  year={2015},
  organization={IEEE}
}

@inproceedings{fse16whyWeRefactor,
  title={Why we refactor? confessions of github contributors},
  author={Silva, Danilo and Tsantalis, Nikolaos and Valente, Marco Tulio},
  booktitle={Proceedings of the 2016 24th acm sigsoft international symposium on foundations of software engineering},
  pages={858--870},
  year={2016}
}


@inproceedings{fse24llmRefactoringAssistant,
  title={Em-Assist: Safe Automated ExtractMethod Refactoring with LLMs},
  author={Pomian, Dorin and Bellur, Abhiram and Dilhara, Malinda and Kurbatova, Zarina and Bogomolov, Egor and Sokolov, Andrey and Bryksin, Timofey and Dig, Danny},
  booktitle={Companion Proceedings of the 32nd ACM International Conference on the Foundations of Software Engineering},
  pages={582--586},
  year={2024}
}


% MULTI-LANG
@inproceedings{ase14gumTree,
  title={Fine-grained and accurate source code differencing},
  author={Falleri, Jean-R{\'e}my and Morandat, Flor{\'e}al and Blanc, Xavier and Martinez, Matias and Monperrus, Martin},
  booktitle={Proceedings of the 29th ACM/IEEE international conference on Automated software engineering},
  pages={313--324},
  year={2014}
}

@article{ieeeTose20refdiff2multilang,
  title={Refdiff 2.0: A multi-language refactoring detection tool},
  author={Silva, Danilo and da Silva, Joao Paulo and Santos, Gustavo and Terra, Ricardo and Valente, Marco Tulio},
  journal={IEEE Transactions on Software Engineering},
  volume={47},
  number={12},
  pages={2786--2802},
  year={2021},
  publisher={IEEE}
}

@article{ieeeAccess21refdetect,
  title={RefDetect: A Multi-Language Refactoring Detection Tool based on String Alignment},
  author={Moghadam, Iman Hemati and Cinn{\'e}ide, Mel {\'O} and Zarepour, Faezeh and Jahanmir, Mohamad Aref},
  journal={IEEE Access},
  volume={9},
  pages={86698--86727},
  year={2021},
  publisher={IEEE}
}

% JAVA
@inproceedings{iwpse04javaRefactoringDetectionWithCosineSimilarity,
  title={An automatic approach to identify class evolution discontinuities},
  author={Antoniol, Giuliano and Di Penta, Massimiliano and Merlo, Ettore},
  booktitle={Proceedings. 7th International Workshop on Principles of Software Evolution, 2004.},
  pages={31--40},
  year={2004},
  organization={IEEE}
}

@inproceedings{ecoop06javaRefactoringCrawler,
  title={Automated detection of refactorings in evolving components},
  author={Dig, Danny and Comertoglu, Can and Marinov, Darko and Johnson, Ralph},
  booktitle={ECOOP 2006--Object-Oriented Programming: 20th European Conference, Nantes, France, July 3-7, 2006. Proceedings 20},
  pages={404--428},
  year={2006},
  organization={Springer}
}

@inproceedings{ase06javaRefactoringDetection,
  title={Identifying refactorings from source-code changes},
  author={Wei{\ss}gerber, Peter and Diehl, Stephan},
  booktitle={21st IEEE/ACM international conference on automated software engineering (ASE'06)},
  pages={231--240},
  year={2006},
  organization={IEEE}
}

@inproceedings{ieeeIcsm10javaTemplateBasedReconstruction,
  title={Template-based reconstruction of complex refactorings},
  author={Prete, Kyle and Rachatasumrit, Napol and Sudan, Nikita and Kim, Miryung},
  booktitle={2010 IEEE International Conference on Software Maintenance},
  pages={1--10},
  year={2010},
  organization={IEEE}
}

@inproceedings{fse10ref-finder,
  title={Ref-finder: a refactoring reconstruction tool based on logic query templates},
  author={Kim, Miryung and Gee, Matthew and Loh, Alex and Rachatasumrit, Napol},
  booktitle={Proceedings of the eighteenth ACM SIGSOFT international symposium on Foundations of software engineering},
  pages={371--372},
  year={2010}
}

@inproceedings{earlyRefactoringMiner,
  title={A multidimensional empirical study on refactoring activity.},
  author={Tsantalis, Nikolaos and Guana, Victor and Stroulia, Eleni and Hindle, Abram},
  booktitle={CASCON},
  pages={132--146},
  year={2013}
}

@inproceedings{ieeeMsr17refdiff,
  title={Refdiff: Detecting Refactorings in Version Histories},
  author={Silva, Danilo and Valente, Marco Tulio},
  booktitle={2017 IEEE/ACM 14th International Conference on Mining Software Repositories (MSR)},
  pages={269--279},
  year={2017},
  organization={IEEE}
}

@inproceedings{icse18refactoringMiner,
    author = {Tsantalis, Nikolaos and Mansouri, Matin and Eshkevari, Laleh M. and Mazinanian, Davood and Dig, Danny},
    title = {Accurate and Efficient Refactoring Detection in Commit History},
    booktitle = {Proceedings of the 40th International Conference on Software Engineering},
    series = {ICSE '18},
    year = {2018},
    isbn = {978-1-4503-5638-1},
    location = {Gothenburg, Sweden},
    pages = {483--494},
    numpages = {12},
    url = {http://doi.acm.org/10.1145/3180155.3180206},
    doi = {10.1145/3180155.3180206},
    acmid = {3180206},
    publisher = {ACM},
    address = {New York, NY, USA},
    keywords = {Git, Oracle, abstract syntax tree, accuracy, commit, refactoring},
}

@article{tse20refactoringMiner2,
  title={RefactoringMiner 2.0},
  author={Tsantalis, Nikolaos and Ketkar, Ameya and Dig, Danny},
  journal={IEEE Transactions on Software Engineering},
  volume={48},
  number={3},
  pages={930--950},
  year={2020},
  publisher={IEEE}
}

@article{tosem24refactoringMiner3,
    author = {Alikhanifard, Pouria and Tsantalis, Nikolaos},
    title = {A Novel Refactoring and Semantic Aware Abstract Syntax Tree Differencing Tool and a Benchmark for Evaluating the Accuracy of Diff Tools},
    year = {2024},
    publisher = {Association for Computing Machinery},
    address = {New York, NY, USA},
    issn = {1049-331X},
    url = {https://doi.org/10.1145/3696002},
    doi = {10.1145/3696002},
    note = {Just Accepted},
    journal = {ACM Transactions on Software Engineering and Methodology},
    month = {sep},
    keywords = {Source code differencing, Abstract Syntax Trees, Benchmark}
}


% Python
@inproceedings{pyref,
  title={PyRef: refactoring detection in Python projects},
  author={Atwi, Hassan and Lin, Bin and Tsantalis, Nikolaos and Kashiwa, Yutaro and Kamei, Yasutaka and Ubayashi, Naoyasu and Bavota, Gabriele and Lanza, Michele},
  booktitle={2021 IEEE 21st international working conference on source code analysis and manipulation (SCAM)},
  pages={136--141},
  year={2021},
  organization={IEEE}
}

@inproceedings{pythonAdaptedRefactoringMiner,
  title={Discovering repetitive code changes in ML systems},
  author={Dilhara, Malinda},
  booktitle={Proceedings of the 29th ACM Joint Meeting on European Software Engineering Conference and Symposium on the Foundations of Software Engineering},
  pages={1683--1685},
  year={2021}
}

@mastersthesis{bscThesis24pythonWithRefDetect,
  title={Support Python in RefDetect},
  author={Mukhachev, Vladislav},
  type={Bachelor's thesis},
  year={2024},
  school={University of Twente},
  url={http://essay.utwente.nl/100856/}
}

% Kotlin

@inproceedings{ase21javaKotlinRefactoringInJetBrainsIde,
  title={Refactorinsight: Enhancing IDE Representation of Changes in Git with Refactorings Information},
  author={Kurbatova, Zarina and Kovalenko, Vladimir and Savu, Ioana and Brockbernd, Bob and Andreescu, Dan and Anton, Matei and Venediktov, Roman and Tikhomirova, Elena and Bryksin, Timofey},
  booktitle={2021 36th IEEE/ACM International Conference on Automated Software Engineering (ASE)},
  pages={1276--1280},
  year={2021},
  organization={IEEE}
}

@mastersthesis{bscThesis23kotlinWithRefDetect,
  title={Support New Programming Language in RefDetect},
  author={Mintuș, Sandu-Victor},
  type={Bachelor's thesis},
  year={2023},
  school={University of Twente},
  url={http://essay.utwente.nl/96107/}
}

@inproceedings{saner24kotlinWithRefDetect,
  title={Extending Refactoring Detection to Kotlin: A Dataset and Comparative Study},
  author={Moghadam, Iman Hemati and Afkhami, Mohammad Mehdi and Kamalipour, Parsa and Zaytsev, Vadim},
  booktitle={2024 IEEE International Conference on Software Analysis, Evolution and Reengineering (SANER)},
  pages={267--271},
  year={2024},
  organization={IEEE}
}


% Go

@inproceedings{RefDiff4Go,
  title={RefDiff4Go: detecting refactorings in Go},
  author={Brito, Rodrigo and Valente, Marco Tulio},
  booktitle={Proceedings of the 14th Brazilian Symposium on Software Components, Architectures, and Reuse},
  pages={101--110},
  year={2020}
}




% resources connected to RefDetect

@article{nature13stringAlignmentAlgorithm,
  title={FOGSAA: Fast optimal global sequence alignment algorithm},
  author={Chakraborty, Angana and Bandyopadhyay, Sanghamitra},
  journal={Scientific reports},
  volume={3},
  number={1},
  pages={1746},
  year={2013},
  publisher={Nature Publishing Group UK London}
}

@online{RefDetectWebsite,
  author =       "Moghadam, Iman Hemati and Cinn{\'e}ide, Mel {\'O} and Zarepour, Faezeh and Jahanmir, Mohamad Aref",
  year =         "2021",
  title =        "RefDetect:  A Multi-Language Refactoring Detection Tool based on String Alignment",
  url =          "https://sites.google.com/view/refdetect/home",
  lastaccessed = "December 30, 2024",
}
%  month =        mar,


% AST diff

@article{tose32gumtree3,
  author={Martinez, Matias and Falleri, Jean-Rémy and Monperrus, Martin},
  journal={IEEE Transactions on Software Engineering}, 
  title={Hyperparameter Optimization for AST Differencing}, 
  year={2023},
  volume={49},
  number={10},
  pages={4814-4828},
  doi={10.1109/TSE.2023.3315935}
}

@inproceedings{icse24gumtree3,
author = {Falleri, Jean-Remy and Martinez, Matias},
title = {Fine-grained, accurate and scalable source differencing},
year = {2024},
isbn = {9798400702174},
publisher = {Association for Computing Machinery},
address = {New York, NY, USA},
url = {https://doi.org/10.1145/3597503.3639148},
doi = {10.1145/3597503.3639148},
booktitle = {Proceedings of the IEEE/ACM 46th International Conference on Software Engineering},
articleno = {231},
numpages = {12},
keywords = {software evolution, code differencing},
location = {Lisbon, Portugal},
series = {ICSE '24}
}


% Impact: new tools

@online{chromeExtensionForExplainingChangesOnGithub,
  author = {Mansour, Hassan and Tsantalis, Nikolaos},
  title = {Refactoring Aware Commit Review Chrome Extension},
  year={2019},
  urldate = {2024-10-28},
  url = {https://t.ly/J3Wr}
}

% dataset

@inproceedings{fse22codeTrackerAndDataset,
  title={Accurate method and variable tracking in commit history},
  author={Jodavi, Mehran and Tsantalis, Nikolaos},
  booktitle={Proceedings of the 30th ACM Joint European Software Engineering Conference and Symposium on the Foundations of Software Engineering},
  pages={183--195},
  year={2022}
}

% other

@inproceedings{ivme04nestedVM,
  title={Complete translation of unsafe native code to safe bytecode},
  author={Alliet, Brian and Megacz, Adam},
  booktitle={Proceedings of the 2004 workshop on Interpreters, virtual machines and emulators},
  pages={32--41},
  year={2004}
}

% C++

@article{sede14libClang,
  title={Comprehensive Analysis of C++ Applications Using the libClang API},
  author={Schaub, Stephen and Malloy, Brian A},
  journal={International Society of Computers and Their Applications (ISCA)},
  year={2014}
}

@book{meyers05effectiveCpp,
  title={Effective C++: 55 specific ways to improve your programs and designs},
  author={Meyers, Scott},
  year={2005},
  publisher={Pearson Education}
}

@article{acmSigplan04javaGenericsVsCppTemplates,
  title={Generics in Java and C++ a comparative model},
  author={Ghosh, Debasish},
  journal={ACM SIGPLAN Notices},
  volume={39},
  number={5},
  pages={40--47},
  year={2004},
  publisher={ACM New York, NY, USA}
}


@book{stroustrup22tourOfCpp,
  title={A Tour of C++},
  author={Stroustrup, Bjarne},
  year={2022},
  publisher={Addison-Wesley Professional}
}
