@article{bai2021dynamic,
  title={Dynamic bottleneck for robust self-supervised exploration},
  author={Bai, Chenjia and Wang, Lingxiao and Han, Lei and Garg, Animesh and Hao, Jianye and Liu, Peng and Wang, Zhaoran},
  journal={Advances in Neural Information Processing Systems},
  volume={34},
  pages={17007--17020},
  year={2021}
}

@article{bardera2009image,
  title={Image segmentation using information bottleneck method},
  author={Bardera, Anton and Rigau, Jaume and Boada, Imma and Feixas, Miquel and Sbert, Mateu},
  journal={IEEE Transactions on Image Processing},
  volume={18},
  number={7},
  pages={1601--1612},
  year={2009},
  publisher={IEEE}
}

@inproceedings{brohan2023rt,
  title={Rt-2: Vision-language-action models transfer web knowledge to robotic control},
  author={Brohan, Anthony and Brown, Noah and Carbajal, Justice and Chebotar, Yevgen and Chen, Xi and Choromanski, Krzysztof and Ding, Tianli and Driess, Danny and Dubey, Avinava and Finn, Chelsea and others},
  booktitle={Conference on Robot Learning},
  year={2023}
}

@article{cheang2024gr,
  title={Gr-2: A generative video-language-action model with web-scale knowledge for robot manipulation},
  author={Cheang, Chi-Lam and Chen, Guangzeng and Jing, Ya and Kong, Tao and Li, Hang and Li, Yifeng and Liu, Yuxiao and Wu, Hongtao and Xu, Jiafeng and Yang, Yichu and others},
  journal={arXiv preprint arXiv:2410.06158},
  year={2024}
}

@inproceedings{federici2019learning,
  title={Learning Robust Representations via Multi-View Information Bottleneck},
  author={Federici, Marco and Dutta, Anjan and Forr{\'e}, Patrick and Kushman, Nate and Akata, Zeynep},
  booktitle={International Conference on Learning Representations},
  year={2019}
}

@inproceedings{goyal2023rvt,
  title={Rvt: Robotic view transformer for 3d object manipulation},
  author={Goyal, Ankit and Xu, Jie and Guo, Yijie and Blukis, Valts and Chao, Yu-Wei and Fox, Dieter},
  booktitle={Conference on Robot Learning},
  pages={694--710},
  year={2023},
  organization={PMLR}
}

@inproceedings{he2024bridging,
  title={Bridging the sim-to-real gap from the information bottleneck perspective},
  author={He, Haoran and Wu, Peilin and Bai, Chenjia and Lai, Hang and Wang, Lingxiao and Pan, Ling and Hu, Xiaolin and Zhang, Weinan},
  booktitle={8th Annual Conference on Robot Learning},
  year={2024}
}

@inproceedings{jeon2021ib,
  title={Ib-gan: Disentangled representation learning with information bottleneck generative adversarial networks},
  author={Jeon, Insu and Lee, Wonkwang and Pyeon, Myeongjang and Kim, Gunhee},
  booktitle={Proceedings of the AAAI conference on artificial intelligence},
  volume={35},
  number={9},
  pages={7926--7934},
  year={2021}
}

@inproceedings{karamcheti2023language,
  title={Language-driven representation learning for robotics},
  author={Karamcheti, Siddharth and Nair, Suraj and Chen, Annie S and Kollar, Thomas and Finn, Chelsea and Sadigh, Dorsa and Liang, Percy},
  booktitle={Robotics: Science and Systems},
  year={2023}
}

@inproceedings{kim2019curiosity,
  title={Curiosity-bottleneck: Exploration by distilling task-specific novelty},
  author={Kim, Youngjin and Nam, Wontae and Kim, Hyunwoo and Kim, Ji-Hoon and Kim, Gunhee},
  booktitle={International conference on machine learning},
  pages={3379--3388},
  year={2019},
  organization={PMLR}
}

@article{lee2021reducing,
  title={Reducing information bottleneck for weakly supervised semantic segmentation},
  author={Lee, Jungbeom and Choi, Jooyoung and Mok, Jisoo and Yoon, Sungroh},
  journal={Advances in neural information processing systems},
  volume={34},
  pages={27408--27421},
  year={2021}
}

@article{majumdar2023we,
  title={Where are we in the search for an artificial visual cortex for embodied intelligence?},
  author={Majumdar, Arjun and Yadav, Karmesh and Arnaud, Sergio and Ma, Jason and Chen, Claire and Silwal, Sneha and Jain, Aryan and Berges, Vincent-Pierre and Wu, Tingfan and Vakil, Jay and others},
  journal={Advances in Neural Information Processing Systems},
  volume={36},
  pages={655--677},
  year={2023}
}

@inproceedings{nair2023r3m,
  title={R3M: A Universal Visual Representation for Robot Manipulation},
  author={Nair, Suraj and Rajeswaran, Aravind and Kumar, Vikash and Finn, Chelsea and Gupta, Abhinav},
  booktitle={Conference on Robot Learning},
  pages={892--909},
  year={2023},
  organization={PMLR}
}

@inproceedings{pastor2009learning,
  title={Learning and generalization of motor skills by learning from demonstration},
  author={Pastor, Peter and Hoffmann, Heiko and Asfour, Tamim and Schaal, Stefan},
  booktitle={2009 IEEE International Conference on Robotics and Automation},
  pages={763--768},
  year={2009},
  organization={IEEE}
}

@article{pomerleau1991efficient,
  title={Efficient training of artificial neural networks for autonomous navigation},
  author={Pomerleau, Dean A},
  journal={Neural computation},
  volume={3},
  number={1},
  pages={88--97},
  year={1991},
  publisher={MIT Press One Rogers Street, Cambridge, MA 02142-1209, USA journals-info~â€¦}
}

@article{stepputtis2020language,
  title={Language-conditioned imitation learning for robot manipulation tasks},
  author={Stepputtis, Simon and Campbell, Joseph and Phielipp, Mariano and Lee, Stefan and Baral, Chitta and Ben Amor, Heni},
  journal={Advances in Neural Information Processing Systems},
  volume={33},
  pages={13139--13150},
  year={2020}
}

@article{tian2025predictive,
  title={Predictive Inverse Dynamics Models are Scalable Learners for Robotic Manipulation},
  author={Tian, Yang and Yang, Sizhe and Zeng, Jia and Wang, Ping and Lin, Dahua and Dong, Hao and Pang, Jiangmiao},
  booktitle={International Conference on Learning Representations},
  year={2025}
}

@article{tishby2000information,
  title={The information bottleneck method},
  author={Tishby, Naftali and Pereira, Fernando C and Bialek, William},
  journal={arXiv preprint physics/0004057},
  year={1999}
}

@inproceedings{wen2023any,
  title={Any-point trajectory modeling for policy learning},
  author={Wen, Chuan and Lin, Xingyu and So, John and Chen, Kai and Dou, Qi and Gao, Yang and Abbeel, Pieter},
  booktitle={Robotics: Science and Systems},
  year={2024}
}

@inproceedings{zawalski2024robotic,
  title={Robotic Control via Embodied Chain-of-Thought Reasoning},
  author={Zawalski, Micha{\l} and Chen, William and Pertsch, Karl and Mees, Oier and Finn, Chelsea and Levine, Sergey},
  booktitle={8th Annual Conference on Robot Learning},
  year={2024}
}

