
% --------------- 1. BC ---------------
@article{pomerleau1991efficient,
  title={Efficient training of artificial neural networks for autonomous navigation},
  author={Pomerleau, Dean A},
  journal={Neural computation},
  volume={3},
  number={1},
  pages={88--97},
  year={1991},
  publisher={MIT Press One Rogers Street, Cambridge, MA 02142-1209, USA journals-info~â€¦}
}

@inproceedings{bain1995framework,
  title={A Framework for Behavioural Cloning.},
  author={Bain, Michael and Sammut, Claude},
  booktitle={Machine Intelligence 15},
  pages={103--129},
  year={1995}
}

@inproceedings{torabi2018behavioral,
  title={Behavioral cloning from observation},
  author={Torabi, Faraz and Warnell, Garrett and Stone, Peter},
  booktitle={Proceedings of the 27th International Joint Conference on Artificial Intelligence},
  pages={4950--4957},
  year={2018}
}

@article{argall2009survey,
  title={A survey of robot learning from demonstration},
  author={Argall, Brenna D and Chernova, Sonia and Veloso, Manuela and Browning, Brett},
  journal={Robotics and autonomous systems},
  volume={57},
  number={5},
  pages={469--483},
  year={2009},
  publisher={Elsevier}
}

@inproceedings{pearce2022counter,
  title={Counter-strike deathmatch with large-scale behavioural cloning},
  author={Pearce, Tim and Zhu, Jun},
  booktitle={2022 IEEE Conference on Games (CoG)},
  pages={104--111},
  year={2022},
  organization={IEEE}
}

@inproceedings{pastor2009learning,
  title={Learning and generalization of motor skills by learning from demonstration},
  author={Pastor, Peter and Hoffmann, Heiko and Asfour, Tamim and Schaal, Stefan},
  booktitle={2009 IEEE International Conference on Robotics and Automation},
  pages={763--768},
  year={2009},
  organization={IEEE}
}

@inproceedings{zhang2018deep,
  title={Deep imitation learning for complex manipulation tasks from virtual reality teleoperation},
  author={Zhang, Tianhao and McCarthy, Zoe and Jow, Owen and Lee, Dennis and Chen, Xi and Goldberg, Ken and Abbeel, Pieter},
  booktitle={2018 IEEE international conference on robotics and automation (ICRA)},
  pages={5628--5635},
  year={2018},
  organization={IEEE}
}

@article{stepputtis2020language,
  title={Language-conditioned imitation learning for robot manipulation tasks},
  author={Stepputtis, Simon and Campbell, Joseph and Phielipp, Mariano and Lee, Stefan and Baral, Chitta and Ben Amor, Heni},
  journal={Advances in Neural Information Processing Systems},
  volume={33},
  pages={13139--13150},
  year={2020}
}

% BC-Z
@inproceedings{jang2022bc,
  title={Bc-z: Zero-shot task generalization with robotic imitation learning},
  author={Jang, Eric and Irpan, Alex and Khansari, Mohi and Kappler, Daniel and Ebert, Frederik and Lynch, Corey and Levine, Sergey and Finn, Chelsea},
  booktitle={Conference on Robot Learning},
  pages={991--1002},
  year={2022},
  organization={PMLR}
}

% 
@article{ma2024contrastive,
  title={Contrastive Imitation Learning for Language-guided Multi-Task Robotic Manipulation},
  author={Ma, Teli and Zhou, Jiaming and Wang, Zifan and Qiu, Ronghe and Liang, Junwei},
  booktitle={Conference on Robot Learning},
  year={2024}
}

% RT-2
@inproceedings{brohan2023rt,
  title={Rt-2: Vision-language-action models transfer web knowledge to robotic control},
  author={Brohan, Anthony and Brown, Noah and Carbajal, Justice and Chebotar, Yevgen and Chen, Xi and Choromanski, Krzysztof and Ding, Tianli and Driess, Danny and Dubey, Avinava and Finn, Chelsea and others},
  booktitle={Conference on Robot Learning},
  year={2023}
}

% RoboFlamingo
@article{li2023vision,
  title={Vision-language foundation models as effective robot imitators},
  author={Li, Xinghang and Liu, Minghuan and Zhang, Hanbo and Yu, Cunjun and Xu, Jie and Wu, Hongtao and Cheang, Chilam and Jing, Ya and Zhang, Weinan and Liu, Huaping and others},
  booktitle={International Conference on Learning Representations},
  year={2024}
}

% GR-1
@article{wu2023unleashing,
  title={Unleashing large-scale video generative pre-training for visual robot manipulation},
  author={Wu, Hongtao and Jing, Ya and Cheang, Chilam and Chen, Guangzeng and Xu, Jiafeng and Li, Xinghang and Liu, Minghuan and Li, Hang and Kong, Tao},
  booktitle={International Conference on Learning Representations},
  year={2024}
}

% GR-2
@article{cheang2024gr,
  title={Gr-2: A generative video-language-action model with web-scale knowledge for robot manipulation},
  author={Cheang, Chi-Lam and Chen, Guangzeng and Jing, Ya and Kong, Tao and Li, Hang and Li, Yifeng and Liu, Yuxiao and Wu, Hongtao and Xu, Jiafeng and Yang, Yichu and others},
  journal={arXiv preprint arXiv:2410.06158},
  year={2024}
}

% COTPC
@inproceedings{jia2024chain,
  title={Chain-of-Thought Predictive Control},
  author={Jia, Zhiwei and Thumuluri, Vineet and Liu, Fangchen and Chen, Linghao and Huang, Zhiao and Su, Hao},
  booktitle={Forty-first International Conference on Machine Learning},
  year={2024}
}

% ATM
@inproceedings{wen2023any,
  title={Any-point trajectory modeling for policy learning},
  author={Wen, Chuan and Lin, Xingyu and So, John and Chen, Kai and Dou, Qi and Gao, Yang and Abbeel, Pieter},
  booktitle={Robotics: Science and Systems},
  year={2024}
}

% VPP
@article{hu2024video,
  title={Video Prediction Policy: A Generalist Robot Policy with Predictive Visual Representations},
  author={Hu, Yucheng and Guo, Yanjiang and Wang, Pengchao and Chen, Xiaoyu and Wang, Yen-Jen and Zhang, Jianke and Sreenath, Koushil and Lu, Chaochao and Chen, Jianyu},
  journal={arXiv preprint arXiv:2412.14803},
  year={2024}
}

@article{burns2023makes,
  title={What Makes Pre-Trained Visual Representations Successful for Robust Manipulation?},
  author={Burns, Kaylee and Witzel, Zach and Hamid, Jubayer Ibn and Yu, Tianhe and Finn, Chelsea and Hausman, Karol},
  journal={arXiv preprint arXiv:2312.12444},
  year={2023}
}

% ECOT
@inproceedings{zawalski2024robotic,
  title={Robotic Control via Embodied Chain-of-Thought Reasoning},
  author={Zawalski, Micha{\l} and Chen, William and Pertsch, Karl and Mees, Oier and Finn, Chelsea and Levine, Sergey},
  booktitle={8th Annual Conference on Robot Learning},
  year={2024}
}

% RVT
@inproceedings{goyal2023rvt,
  title={Rvt: Robotic view transformer for 3d object manipulation},
  author={Goyal, Ankit and Xu, Jie and Guo, Yijie and Blukis, Valts and Chao, Yu-Wei and Fox, Dieter},
  booktitle={Conference on Robot Learning},
  pages={694--710},
  year={2023},
  organization={PMLR}
}

% SPA
@article{zhu2024spa,
  title={Spa: 3d spatial-awareness enables effective embodied representation},
  author={Zhu, Haoyi and Yang, Honghui and Wang, Yating and Yang, Jiange and Wang, Limin and He, Tong},
  journal={arXiv preprint arXiv:2410.08208},
  year={2024}
}

% Octo
@article{team2024octo,
  title={Octo: An Open-Source Generalist Robot Policy},
  author = {{Octo Model Team} and Dibya Ghosh and Homer Walke and Karl Pertsch and Kevin Black and Oier Mees and Sudeep Dasari and Joey Hejna and Charles Xu and Jianlan Luo and Tobias Kreiman and {You Liang} Tan and Pannag Sanketi and Quan Vuong and Ted Xiao and Dorsa Sadigh and Chelsea Finn and Sergey Levine},
  booktitle = {Proceedings of Robotics: Science and Systems},
  address  = {Delft, Netherlands},
  year = {2024},
}

% OpenVLA
@article{kim2024openvla,
  title={OpenVLA: An Open-Source Vision-Language-Action Model},
  author={Kim, Moo Jin and Pertsch, Karl and Karamcheti, Siddharth and Xiao, Ted and Balakrishna, Ashwin and Nair, Suraj and Rafailov, Rafael and Foster, Ethan and Lam, Grace and Sanketi, Pannag and others},
  journal={arXiv preprint arXiv:2406.09246},
  year={2024}
}

% HPT
@inproceedings{wang2024scaling,
  title={Scaling Proprioceptive-Visual Learning with Heterogeneous Pre-trained Transformers},
  author={Wang, Lirui and Chen, Xinlei and Zhao, Jialiang and He, Kaiming},
  journal={Advances in neural information processing systems},
  year={2024}
}

@article{tian2025predictive,
  title={Predictive Inverse Dynamics Models are Scalable Learners for Robotic Manipulation},
  author={Tian, Yang and Yang, Sizhe and Zeng, Jia and Wang, Ping and Lin, Dahua and Dong, Hao and Pang, Jiangmiao},
  booktitle={International Conference on Learning Representations},
  year={2025}
}

@inproceedings{saxena2025matters,
  title={What Matters in Learning from Large-Scale Datasets for Robot Manipulation},
  author={Saxena, Vaibhav and Bronars, Matthew and Arachchige, Nadun Ranawaka and Wang, Kuancheng and Shin, Woo Chul and Nasiriany, Soroush and Mandlekar, Ajay and Xu, Danfei},
  booktitle={International Conference on Learning Representations},
  year={2025}
}

@article{wen2020fighting,
  title={Fighting copycat agents in behavioral cloning from observation histories},
  author={Wen, Chuan and Lin, Jierui and Darrell, Trevor and Jayaraman, Dinesh and Gao, Yang},
  journal={Advances in Neural Information Processing Systems},
  volume={33},
  pages={2564--2575},
  year={2020}
}



% --------------- 2. IB ---------------
@article{chen2016infogan,
  title={Infogan: Interpretable representation learning by information maximizing generative adversarial nets},
  author={Chen, Xi and Duan, Yan and Houthooft, Rein and Schulman, John and Sutskever, Ilya and Abbeel, Pieter},
  journal={Advances in neural information processing systems},
  volume={29},
  year={2016}
}

@article{tishby2000information,
  title={The information bottleneck method},
  author={Tishby, Naftali and Pereira, Fernando C and Bialek, William},
  journal={arXiv preprint physics/0004057},
  year={1999}
}

@article{yingjun2019learning,
  title={Learning representations in reinforcement learning: An information bottleneck approach},
  author={Yingjun, Pei and Xinwen, Hou},
  journal={arXiv preprint arXiv:1911.05695},
  year={2019}
}

@inproceedings{goyalinfobot,
  title={InfoBot: Transfer and Exploration via the Information Bottleneck},
  author={Goyal, Anirudh and Islam, Riashat and Strouse, DJ and Ahmed, Zafarali and Larochelle, Hugo and Botvinick, Matthew and Bengio, Yoshua and Levine, Sergey},
  booktitle={International Conference on Learning Representations},
  year={2019}
}

@inproceedings{federici2019learning,
  title={Learning Robust Representations via Multi-View Information Bottleneck},
  author={Federici, Marco and Dutta, Anjan and Forr{\'e}, Patrick and Kushman, Nate and Akata, Zeynep},
  booktitle={International Conference on Learning Representations},
  year={2019}
}

@article{bardera2009image,
  title={Image segmentation using information bottleneck method},
  author={Bardera, Anton and Rigau, Jaume and Boada, Imma and Feixas, Miquel and Sbert, Mateu},
  journal={IEEE Transactions on Image Processing},
  volume={18},
  number={7},
  pages={1601--1612},
  year={2009},
  publisher={IEEE}
}

@article{lee2021reducing,
  title={Reducing information bottleneck for weakly supervised semantic segmentation},
  author={Lee, Jungbeom and Choi, Jooyoung and Mok, Jisoo and Yoon, Sungroh},
  journal={Advances in neural information processing systems},
  volume={34},
  pages={27408--27421},
  year={2021}
}

@inproceedings{jeon2021ib,
  title={Ib-gan: Disentangled representation learning with information bottleneck generative adversarial networks},
  author={Jeon, Insu and Lee, Wonkwang and Pyeon, Myeongjang and Kim, Gunhee},
  booktitle={Proceedings of the AAAI conference on artificial intelligence},
  volume={35},
  number={9},
  pages={7926--7934},
  year={2021}
}

@inproceedings{kim2019curiosity,
  title={Curiosity-bottleneck: Exploration by distilling task-specific novelty},
  author={Kim, Youngjin and Nam, Wontae and Kim, Hyunwoo and Kim, Ji-Hoon and Kim, Gunhee},
  booktitle={International conference on machine learning},
  pages={3379--3388},
  year={2019},
  organization={PMLR}
}

@article{bai2021dynamic,
  title={Dynamic bottleneck for robust self-supervised exploration},
  author={Bai, Chenjia and Wang, Lingxiao and Han, Lei and Garg, Animesh and Hao, Jianye and Liu, Peng and Wang, Zhaoran},
  journal={Advances in Neural Information Processing Systems},
  volume={34},
  pages={17007--17020},
  year={2021}
}

@inproceedings{he2024bridging,
  title={Bridging the sim-to-real gap from the information bottleneck perspective},
  author={He, Haoran and Wu, Peilin and Bai, Chenjia and Lai, Hang and Wang, Lingxiao and Pan, Ling and Hu, Xiaolin and Zhang, Weinan},
  booktitle={8th Annual Conference on Robot Learning},
  year={2024}
}

# IB
@misc{
  IB1,
  title={{REPRESENTATION} {COMPRESSION} {AND} {GENERALIZATION} {IN} {DEEP} {NEURAL} {NETWORKS}},
  author={Ravid Shwartz-Ziv and Amichai Painsky and Naftali Tishby},
  year={2019},
  url={https://openreview.net/forum?id=SkeL6sCqK7},
}

@inproceedings{IB2,
  title={How does information bottleneck help deep learning?},
  author={Kawaguchi, Kenji and Deng, Zhun and Ji, Xu and Huang, Jiaoyang},
  booktitle={International Conference on Machine Learning},
  pages={16049--16096},
  year={2023},
  organization={PMLR}
}

@book{AEP,
  title={Elements of information theory},
  author={Cover, Thomas M},
  year={1999},
  publisher={John Wiley \& Sons}
}

@misc{theorem3,
  title={Learning Representations in Reinforcement Learning:An Information Bottleneck Approach}, 
  author={Pei Yingjun and Hou Xinwen},
  year={2019},
  eprint={1911.05695},
  archivePrefix={arXiv},
  primaryClass={cs.LG},
  url={https://arxiv.org/abs/1911.05695}, 
}

@book{Lipschitz,
  title={Basic real analysis},
  author={Sohrab, Houshang H},
  volume={231},
  year={2003},
  publisher={Springer}
}

@book{Pinskerâ€™s,
  title={Information theory: coding theorems for discrete memoryless systems},
  author={Csisz{\'a}r, Imre and K{\"o}rner, J{\'a}nos},
  year={2011},
  publisher={Cambridge University Press}
}



% --------------- 3. Basleine ---------------
% R3M
@inproceedings{nair2023r3m,
  title={R3M: A Universal Visual Representation for Robot Manipulation},
  author={Nair, Suraj and Rajeswaran, Aravind and Kumar, Vikash and Finn, Chelsea and Gupta, Abhinav},
  booktitle={Conference on Robot Learning},
  pages={892--909},
  year={2023},
  organization={PMLR}
}

% MVP
@inproceedings{radosavovic2023real,
  title={Real-world robot learning with masked visual pre-training},
  author={Radosavovic, Ilija and Xiao, Tete and James, Stephen and Abbeel, Pieter and Malik, Jitendra and Darrell, Trevor},
  booktitle={Conference on Robot Learning},
  pages={416--426},
  year={2023},
  organization={PMLR}
}

% VC-1 and CortexBench
@article{majumdar2023we,
  title={Where are we in the search for an artificial visual cortex for embodied intelligence?},
  author={Majumdar, Arjun and Yadav, Karmesh and Arnaud, Sergio and Ma, Jason and Chen, Claire and Silwal, Sneha and Jain, Aryan and Berges, Vincent-Pierre and Wu, Tingfan and Vakil, Jay and others},
  journal={Advances in Neural Information Processing Systems},
  volume={36},
  pages={655--677},
  year={2023}
}

% Voltron
@inproceedings{karamcheti2023language,
  title={Language-driven representation learning for robotics},
  author={Karamcheti, Siddharth and Nair, Suraj and Chen, Annie S and Kollar, Thomas and Finn, Chelsea and Sadigh, Dorsa and Liang, Percy},
  booktitle={Robotics: Science and Systems},
  year={2023}
}

% MPI
@article{zeng2024learning,
  title={Learning Manipulation by Predicting Interaction},
  author={Zeng, Jia and Bu, Qingwen and Wang, Bangjun and Xia, Wenke and Chen, Li and Dong, Hao and Song, Haoming and Wang, Dong and Hu, Di and Luo, Ping and others},
  booktitle={Robotics: Science and Systems},
  year={2024}
}

% Meta-world
@inproceedings{yu2020meta,
  title={Meta-world: A benchmark and evaluation for multi-task and meta reinforcement learning},
  author={Yu, Tianhe and Quillen, Deirdre and He, Zhanpeng and Julian, Ryan and Hausman, Karol and Finn, Chelsea and Levine, Sergey},
  booktitle={Conference on robot learning},
  pages={1094--1100},
  year={2020},
  organization={PMLR}
}

% Adroit
@article{rajeswaran2018learning,
  title={Learning Complex Dexterous Manipulation with Deep Reinforcement Learning and Demonstrations},
  author={Rajeswaran, Aravind and Kumar, Vikash and Gupta, Abhishek and Vezzani, Giulia and Schulman, John and Todorov, Emanuel and Levine, Sergey},
  journal={Robotics: Science and Systems},
  year={2018},
  publisher={Robotics: Science and Systems Foundation}
}

% DMControl
@article{tassa2018deepmind,
  title={Deepmind control suite},
  author={Tassa, Yuval and Doron, Yotam and Muldal, Alistair and Erez, Tom and Li, Yazhe and Casas, Diego de Las and Budden, David and Abdolmaleki, Abbas and Merel, Josh and Lefrancq, Andrew and others},
  journal={arXiv preprint arXiv:1801.00690},
  year={2018}
}

% TriFinger
@inproceedings{wuthrich2021trifinger,
  title={TriFinger: An Open-Source Robot for Learning Dexterity},
  author={Wuthrich, Manuel and Widmaier, Felix and Grimminger, Felix and Joshi, Shruti and Agrawal, Vaibhav and Hammoud, Bilal and Khadiv, Majid and Bogdanovic, Miroslav and Berenz, Vincent and Viereck, Julian and others},
  booktitle={Conference on Robot Learning},
  pages={1871--1882},
  year={2021},
  organization={PMLR}
}

% Franka-Kitchen
@inproceedings{gupta2020relay,
  title={Relay Policy Learning: Solving Long-Horizon Tasks via Imitation and Reinforcement Learning},
  author={Gupta, Abhishek and Kumar, Vikash and Lynch, Corey and Levine, Sergey and Hausman, Karol},
  booktitle={Conference on Robot Learning},
  pages={1025--1037},
  year={2020},
  organization={PMLR}
}

% LIBERO
@article{liu2024libero,
  title={Libero: Benchmarking knowledge transfer for lifelong robot learning},
  author={Liu, Bo and Zhu, Yifeng and Gao, Chongkai and Feng, Yihao and Liu, Qiang and Zhu, Yuke and Stone, Peter},
  journal={Advances in Neural Information Processing Systems},
  volume={36},
  year={2024}
}

% Ego4d
@inproceedings{grauman2022ego4d,
  title={Ego4d: Around the world in 3,000 hours of egocentric video},
  author={Grauman, Kristen and Westbury, Andrew and Byrne, Eugene and Chavis, Zachary and Furnari, Antonino and Girdhar, Rohit and Hamburger, Jackson and Jiang, Hao and Liu, Miao and Liu, Xingyu and others},
  booktitle={Proceedings of the IEEE/CVF Conference on Computer Vision and Pattern Recognition},
  pages={18995--19012},
  year={2022}
}

% ImageNet
@inproceedings{deng2009imagenet,
  title={Imagenet: A large-scale hierarchical image database},
  author={Deng, Jia and Dong, Wei and Socher, Richard and Li, Li-Jia and Li, Kai and Fei-Fei, Li},
  booktitle={2009 IEEE conference on computer vision and pattern recognition},
  pages={248--255},
  year={2009},
  organization={Ieee}
}



% --------------- 4. Component ---------------
% Diffusion policy
@article{chi2023diffusion,
  title={Diffusion policy: Visuomotor policy learning via action diffusion},
  author={Chi, Cheng and Xu, Zhenjia and Feng, Siyuan and Cousineau, Eric and Du, Yilun and Burchfiel, Benjamin and Tedrake, Russ and Song, Shuran},
  journal={The International Journal of Robotics Research},
  pages={02783649241273668},
  year={2023},
  publisher={SAGE Publications Sage UK: London, England}
}

% MDT
@inproceedings{reuss2024multimodal,
  title={Multimodal Diffusion Transformer: Learning Versatile Behavior from Multimodal Goals},
  author={Reuss, Moritz and Ya{\u{g}}murlu, {\"O}mer Erdin{\c{c}} and Wenzel, Fabian and Lioutikov, Rudolf},
  booktitle={First Workshop on Vision-Language Models for Navigation and Manipulation at ICRA 2024},
  year={2024}
}

% resNet
@inproceedings{he2016deep,
  title={Deep residual learning for image recognition},
  author={He, Kaiming and Zhang, Xiangyu and Ren, Shaoqing and Sun, Jian},
  booktitle={Proceedings of the IEEE conference on computer vision and pattern recognition},
  pages={770--778},
  year={2016}
}

% MAE
@inproceedings{he2022masked,
  title={Masked autoencoders are scalable vision learners},
  author={He, Kaiming and Chen, Xinlei and Xie, Saining and Li, Yanghao and Doll{\'a}r, Piotr and Girshick, Ross},
  booktitle={Proceedings of the IEEE/CVF conference on computer vision and pattern recognition},
  pages={16000--16009},
  year={2022}
}

% ViT
@article{dosovitskiy2020image,
  title={An image is worth 16x16 words: Transformers for image recognition at scale},
  author={Dosovitskiy, Alexey},
  booktitle={International Conference on Learning Representations},
  year={2021}
}

$ FiLM
@inproceedings{perez2018film,
  title={Film: Visual reasoning with a general conditioning layer},
  author={Perez, Ethan and Strub, Florian and De Vries, Harm and Dumoulin, Vincent and Courville, Aaron},
  booktitle={Proceedings of the AAAI conference on artificial intelligence},
  volume={32},
  year={2018}
}

% Transformer
@article{vaswani2017attention,
  title={Attention is all you need},
  author={Vaswani, A},
  journal={Advances in Neural Information Processing Systems},
  year={2017}
}


% --------------- 5. others ---------------
% KL Divergence
@article{wang2009divergence,
  title={Divergence estimation for multidimensional densities via $ k $-Nearest-Neighbor distances},
  author={Wang, Qing and Kulkarni, Sanjeev R and Verd{\'u}, Sergio},
  journal={IEEE Transactions on Information Theory},
  volume={55},
  number={5},
  pages={2392--2405},
  year={2009},
  publisher={IEEE}
}

% MINE
@inproceedings{belghazi2018mutual,
  title={Mutual information neural estimation},
  author={Belghazi, Mohamed Ishmael and Baratin, Aristide and Rajeshwar, Sai and Ozair, Sherjil and Bengio, Yoshua and Courville, Aaron and Hjelm, Devon},
  booktitle={International conference on machine learning},
  pages={531--540},
  year={2018},
  organization={PMLR}
}

@article{donsker1983asymptotic,
  title={Asymptotic evaluation of certain Markov process expectations for large time. IV},
  author={Donsker, Monroe D and Varadhan, SR Srinivasa},
  journal={Communications on pure and applied mathematics},
  volume={36},
  number={2},
  pages={183--212},
  year={1983},
  publisher={Wiley Online Library}
}

@inproceedings{ze20243d,
  title={3d diffusion policy: Generalizable visuomotor policy learning via simple 3d representations},
  author={Ze, Yanjie and Zhang, Gu and Zhang, Kangning and Hu, Chenyuan and Wang, Muhan and Xu, Huazhe},
  booktitle={ICRA 2024 Workshop on 3D Visual Representations for Robot Manipulation},
  year={2024}
}


