@article{daheim2023model,
  title={Model merging by uncertainty-based gradient matching},
  author={Daheim, Nico and M{\"o}llenhoff, Thomas and Ponti, Edoardo Maria and Gurevych, Iryna and Khan, Mohammad Emtiyaz},
  journal={arXiv preprint arXiv:2310.12808},
  year={2023}
}

@article{davari2023model,
  title={Model breadcrumbs: Scaling multi-task model merging with sparse masks},
  author={Davari, MohammadReza and Belilovsky, Eugene},
  journal={arXiv preprint arXiv:2312.06795},
  year={2023}
}

@inproceedings{guerrero2022re,
  title={Re-basin via implicit Sinkhorn differentiation. In 2023 IEEE},
  author={Guerrero Pena, Fidel A and Medeiros, Heitor R and Dubail, Thomas and Aminbeidokhti, Masih and Granger, Eric and Pedersoli, Marco},
  booktitle={CVF Conference on Computer Vision and Pattern Recognition (CVPR)},
  pages={20237--20246},
  year={2022}
}

@article{huang2024emr,
  title={EMR-Merging: Tuning-Free High-Performance Model Merging},
  author={Huang, Chenyu and Ye, Peng and Chen, Tao and He, Tong and Yue, Xiangyu and Ouyang, Wanli},
  journal={arXiv preprint arXiv:2405.17461},
  year={2024}
}

@article{ilharco2022editing,
  title={Editing models with task arithmetic},
  author={Ilharco, Gabriel and Ribeiro, Marco Tulio and Wortsman, Mitchell and Gururangan, Suchin and Schmidt, Ludwig and Hajishirzi, Hannaneh and Farhadi, Ali},
  journal={arXiv preprint arXiv:2212.04089},
  year={2022}
}

@article{imfeld2023transformer,
  title={Transformer fusion with optimal transport},
  author={Imfeld, Moritz and Graldi, Jacopo and Giordano, Marco and Hofmann, Thomas and Anagnostidis, Sotiris and Singh, Sidak Pal},
  journal={arXiv preprint arXiv:2310.05719},
  year={2023}
}

@article{matena2022merging,
  title={Merging models with fisher-weighted averaging},
  author={Matena, Michael S and Raffel, Colin A},
  journal={Advances in Neural Information Processing Systems},
  volume={35},
  pages={17703--17716},
  year={2022}
}

@article{ortiz2024task,
  title={Task arithmetic in the tangent space: Improved editing of pre-trained models},
  author={Ortiz-Jimenez, Guillermo and Favero, Alessandro and Frossard, Pascal},
  journal={Advances in Neural Information Processing Systems},
  volume={36},
  year={2024}
}

@article{tam2024merging,
  title={Merging by Matching Models in Task Parameter Subspaces},
  author={Tam, Derek and Bansal, Mohit and Raffel, Colin},
  journal={Transactions on Machine Learning Research},
  year={2024}
}

@article{yadav2024ties,
  title={Ties-merging: Resolving interference when merging models},
  author={Yadav, Prateek and Tam, Derek and Choshen, Leshem and Raffel, Colin A and Bansal, Mohit},
  journal={Advances in Neural Information Processing Systems},
  volume={36},
  year={2024}
}

@article{yang2023adamerging,
  title={Adamerging: Adaptive model merging for multi-task learning},
  author={Yang, Enneng and Wang, Zhenyi and Shen, Li and Liu, Shiwei and Guo, Guibing and Wang, Xingwei and Tao, Dacheng},
  journal={arXiv preprint arXiv:2310.02575},
  year={2023}
}

@article{yang2024model,
  title={Model merging in llms, mllms, and beyond: Methods, theories, applications and opportunities},
  author={Yang, Enneng and Shen, Li and Guo, Guibing and Wang, Xingwei and Cao, Xiaochun and Zhang, Jie and Tao, Dacheng},
  journal={arXiv preprint arXiv:2408.07666},
  year={2024}
}

@article{zhou2024metagpt,
  title={MetaGPT: Merging Large Language Models Using Model Exclusive Task Arithmetic},
  author={Zhou, Yuyan and Song, Liang and Wang, Bingning and Chen, Weipeng},
  journal={arXiv preprint arXiv:2406.11385},
  year={2024}
}

