@article{BWBVN24,
author = {Mazal Bethany and Brandon Wherry and Emet Bethany and Nishant Vishwamitra and Peyman Najafirad},
title = {{Deciphering Textual Authenticity: {A} Generalized Strategy through the Lens of Large Language Semantics for Detecting Human vs. Machine-Generated Text}},
journal = {{CoRR abs/2401.09407}},
year = {2024}
}

@inproceedings{CCNSTT22,
author = {Nicholas Carlini and Steve Chien and Milad Nasr and Shuang Song and Andreas Terzis and Florian Tram{\`{e}}r},
title = {{Membership Inference Attacks From First Principles}},
booktitle = {{IEEE Symposium on Security and Privacy (S\&P)}},
pages = {1897-1914},
publisher = {IEEE},
year = {2022}
}

@article{CKZLSR23,
author = {Yutian Chen and Hao Kang and Vivian Zhai and Liangze Li and Rita Singh and Bhiksha Raj},
title = {{GPT-Sentinel: Distinguishing Human and ChatGPT Generated Content}},
journal = {{CoRR abs/2305.07969}},
year = {2023}
}

@article{FZ21,
author = {Leon Fr{\"{o}}hling and Arkaitz Zubiaga},
title = {{Feature-based detection of automated language models: tackling GPT-2, {GPT-3} and Grover}},
journal = {{PeerJ Computer Science}},
publisher = {PeerJ Inc},
year = {2021}
}

@inproceedings{GSR19,
author = {Sebastian Gehrmann and Hendrik Strobelt and Alexander M. Rush},
title = {{{GLTR:} Statistical Detection and Visualization of Generated Text}},
booktitle = {{Annual Meeting of the Association for Computational Linguistics (ACL)}},
pages = {111-116},
publisher = {ACL},
year = {2019}
}

@article{GZWJNDYW23,
author = {Biyang Guo and Xin Zhang and Ziyuan Wang and Minqi Jiang and Jinran Nie and Yuxuan Ding and Jianwei Yue and Yupeng Wu},
title = {{How Close is ChatGPT to Human Experts? Comparison Corpus, Evaluation, and Detection}},
journal = {{CoRR abs/2301.07597}},
year = {2023}
}

@inproceedings{HSCBZ24,
author = {Xinlei He and Xinyue Shen and Zeyuan Chen and Michael Backes and Yang Zhang},
title = {{MGTBench: Benchmarking Machine-Generated Text Detection}},
booktitle = {{ACM SIGSAC Conference on Computer and Communications Security (CCS)}},
publisher = {ACM},
year = {2024}
}

@article{LYLL23,
author = {Zeyan Liu and Zijun Yao and Fengjun Li and Bo Luo},
title = {{Check Me If You Can: Detecting ChatGPT-Generated Academic Writing using CheckGPT}},
journal = {{CoRR abs/2306.05524}},
year = {2023}
}

@inproceedings{LZ21,
author = {Zheng Li and Yang Zhang},
title = {{Membership Leakage in Label-Only Exposures}},
booktitle = {{ACM SIGSAC Conference on Computer and Communications Security (CCS)}},
pages = {880-895},
publisher = {ACM},
year = {2021}
}

@article{MLKMF23,
author = {Eric Mitchell and Yoonho Lee and Alexander Khazatsky and Christopher D. Manning and Chelsea Finn},
title = {{DetectGPT: Zero-Shot Machine-Generated Text Detection using Probability Curvature}},
journal = {{CoRR abs/2301.11305}},
year = {2023}
}

@inproceedings{NSH18,
author = {Milad Nasr and Reza Shokri and Amir Houmansadr},
title = {{Machine Learning with Membership Privacy using Adversarial Regularization}},
booktitle = {{ACM SIGSAC Conference on Computer and Communications Security (CCS)}},
pages = {634-646},
publisher = {ACM},
year = {2018}
}

@inproceedings{NTNYE17,
author = {Hoang{-}Quoc Nguyen{-}Son and Ngoc{-}Dung T. Tieu and Huy H. Nguyen and Junichi Yamagishi and Isao Echizen},
title = {{Identifying computer-generated text using statistical analysis}},
booktitle = {{Asia-Pacific Signal and Information Processing Association Annual Summit and Conference (APSIPA)}},
pages = {1504-1511},
publisher = {IEEE},
year = {2017}
}

@inproceedings{SSSS17,
author = {Reza Shokri and Marco Stronati and Congzheng Song and Vitaly Shmatikov},
title = {{Membership Inference Attacks Against Machine Learning Models}},
booktitle = {{IEEE Symposium on Security and Privacy (S\&P)}},
pages = {3-18},
publisher = {IEEE},
year = {2017}
}

@inproceedings{SZHBFB19,
author = {Ahmed Salem and Yang Zhang and Mathias Humbert and Pascal Berrang and Mario Fritz and Michael Backes},
title = {{ML-Leaks: Model and Data Independent Membership Inference Attacks and Defenses on Machine Learning Models}},
booktitle = {{Network and Distributed System Security Symposium (NDSS)}},
publisher = {Internet Society},
year = {2019}
}

@article{WMISSTAMPAAHGN24,
author = {Yuxia Wang and Jonibek Mansurov and Petar Ivanov and Jinyan Su and Artem Shelmanov and Akim Tsvigun and Osama Mohanned Afzal and Tarek Mahmoud and Giovanni Puccetti and Thomas Arnold and Alham Fikri Aji and Nizar Habash and Iryna Gurevych and Preslav Nakov},
title = {{M4GT-Bench: Evaluation Benchmark for Black-Box Machine-Generated Text Detection}},
journal = {{CoRR abs/2402.11175}},
year = {2024}
}

