@article{1,
  title={Visual instruction tuning},
  author={Liu, Haotian and Li, Chunyuan and Wu, Qingyang and Lee, Yong Jae},
  journal={Advances in neural information processing systems},
  volume={36},
  year={2024}
}

@inproceedings{liu2024improved,
  title={Improved baselines with visual instruction tuning},
  author={Liu, Haotian and Li, Chunyuan and Li, Yuheng and Lee, Yong Jae},
  booktitle={Proceedings of the IEEE/CVF Conference on Computer Vision and Pattern Recognition},
  pages={26296--26306},
  year={2024}
}

@article{zhu2023minigpt,
  title={Minigpt-4: Enhancing vision-language understanding with advanced large language models},
  author={Zhu, Deyao and Chen, Jun and Shen, Xiaoqian and Li, Xiang and Elhoseiny, Mohamed},
  journal={arXiv preprint arXiv:2304.10592},
  year={2023}
}

@article{ye2023mplug,
  title={mplug-owl: Modularization empowers large language models with multimodality},
  author={Ye, Qinghao and Xu, Haiyang and Xu, Guohai and Ye, Jiabo and Yan, Ming and Zhou, Yiyang and Wang, Junyang and Hu, Anwen and Shi, Pengcheng and Shi, Yaya and others},
  journal={arXiv preprint arXiv:2304.14178},
  year={2023}
}

@inproceedings{cha2024honeybee,
  title={Honeybee: Locality-enhanced projector for multimodal llm},
  author={Cha, Junbum and Kang, Wooyoung and Mun, Jonghwan and Roh, Byungseok},
  booktitle={Proceedings of the IEEE/CVF Conference on Computer Vision and Pattern Recognition},
  pages={13817--13827},
  year={2024}
}

@inproceedings{NEURIPS2023_9a6a435e,
 author = {Dai, Wenliang and Li, Junnan and LI, DONGXU and Tiong, Anthony and Zhao, Junqi and Wang, Weisheng and Li, Boyang and Fung, Pascale N and Hoi, Steven},
 booktitle = {Advances in Neural Information Processing Systems},
 editor = {A. Oh and T. Naumann and A. Globerson and K. Saenko and M. Hardt and S. Levine},
 pages = {49250--49267},
 publisher = {Curran Associates, Inc.},
 title = {InstructBLIP: Towards General-purpose Vision-Language Models with Instruction Tuning},
 volume = {36},
 year = {2023}
}

@article{bai2023qwen,
  title={Qwen-vl: A versatile vision-language model for understanding, localization, text reading, and beyond},
  author={Bai, Jinze and Bai, Shuai and Yang, Shusheng and Wang, Shijie and Tan, Sinan and Wang, Peng and Lin, Junyang and Zhou, Chang and Zhou, Jingren},
  journal={arXiv preprint arXiv:2308.12966},
  volume={1},
  number={2},
  pages={3},
  year={2023}
}

@article{wang2023amber,
  title={Amber: An llm-free multi-dimensional benchmark for mllms hallucination evaluation},
  author={Wang, Junyang and Wang, Yuhang and Xu, Guohai and Zhang, Jing and Gu, Yukai and Jia, Haitao and Yan, Ming and Zhang, Ji and Sang, Jitao},
  journal={arXiv preprint arXiv:2311.07397},
  year={2023}
}


@inproceedings{kim2021vilt,
  title={Vilt: Vision-and-language transformer without convolution or region supervision},
  author={Kim, Wonjae and Son, Bokyung and Kim, Ildoo},
  booktitle={International conference on machine learning},
  pages={5583--5594},
  year={2021},
  organization={PMLR}
}

@inproceedings{radford2021learning,
  title={Learning transferable visual models from natural language supervision},
  author={Radford, Alec and Kim, Jong Wook and Hallacy, Chris and Ramesh, Aditya and Goh, Gabriel and Agarwal, Sandhini and Sastry, Girish and Askell, Amanda and Mishkin, Pamela and Clark, Jack and others},
  booktitle={International conference on machine learning},
  pages={8748--8763},
  year={2021},
  organization={PMLR}
}

@inproceedings{zhao2025first,
  title={The first to know: How token distributions reveal hidden knowledge in large vision-language models?},
  author={Zhao, Qinyu and Xu, Ming and Gupta, Kartik and Asthana, Akshay and Zheng, Liang and Gould, Stephen},
  booktitle={European Conference on Computer Vision},
  pages={127--142},
  year={2025},
  organization={Springer}
}


@inproceedings{li2022blip,
  title={Blip: Bootstrapping language-image pre-training for unified vision-language understanding and generation},
  author={Li, Junnan and Li, Dongxu and Xiong, Caiming and Hoi, Steven},
  booktitle={International conference on machine learning},
  pages={12888--12900},
  year={2022},
  organization={PMLR}
}


@article{parcalabescu2024vision,
  title={Do Vision \& Language Decoders use Images and Text equally? How Self-consistent are their Explanations?},
  author={Parcalabescu, Letitia and Frank, Anette},
  journal={arXiv preprint arXiv:2404.18624},
  year={2024}
}



@article{wang2024reconstructive,
  title={Reconstructive visual instruction tuning},
  author={Wang, Haochen and Zheng, Anlin and Zhao, Yucheng and Wang, Tiancai and Ge, Zheng and Zhang, Xiangyu and Zhang, Zhaoxiang},
  journal={arXiv preprint arXiv:2410.09575},
  year={2024}
}

@article{tong2024cambrian,
  title={Cambrian-1: A fully open, vision-centric exploration of multimodal llms},
  author={Tong, Shengbang and Brown, Ellis and Wu, Penghao and Woo, Sanghyun and Middepogu, Manoj and Akula, Sai Charitha and Yang, Jihan and Yang, Shusheng and Iyer, Adithya and Pan, Xichen and others},
  journal={arXiv preprint arXiv:2406.16860},
  year={2024}
}

@article{pian2024modality,
  title={Modality-Inconsistent Continual Learning of Multimodal Large Language Models},
  author={Pian, Weiguo and Deng, Shijian and Mo, Shentong and Guo, Yunhui and Tian, Yapeng},
  journal={arXiv preprint arXiv:2412.13050},
  year={2024}
}

@article{sun2023aligning,
  title={Aligning large multimodal models with factually augmented rlhf},
  author={Sun, Zhiqing and Shen, Sheng and Cao, Shengcao and Liu, Haotian and Li, Chunyuan and Shen, Yikang and Gan, Chuang and Gui, Liang-Yan and Wang, Yu-Xiong and Yang, Yiming and others},
  journal={arXiv preprint arXiv:2309.14525},
  year={2023}
}

@inproceedings{huang2024opera,
  title={Opera: Alleviating hallucination in multi-modal large language models via over-trust penalty and retrospection-allocation},
  author={Huang, Qidong and Dong, Xiaoyi and Zhang, Pan and Wang, Bin and He, Conghui and Wang, Jiaqi and Lin, Dahua and Zhang, Weiming and Yu, Nenghai},
  booktitle={Proceedings of the IEEE/CVF Conference on Computer Vision and Pattern Recognition},
  pages={13418--13427},
  year={2024}
}

@article{yin2023survey,
  title={A survey on multimodal large language models},
  author={Yin, Shukang and Fu, Chaoyou and Zhao, Sirui and Li, Ke and Sun, Xing and Xu, Tong and Chen, Enhong},
  journal={arXiv preprint arXiv:2306.13549},
  year={2023}
}

@article{schulman2022chatgpt,
  title={ChatGPT: Optimizing language models for dialogue},
  author={Schulman, John and Zoph, Barret and Kim, Christina and Hilton, Jacob and Menick, Jacob and Weng, Jiayi and Uribe, Juan Felipe Ceron and Fedus, Liam and Metz, Luke and Pokorny, Michael and others},
  journal={OpenAI blog},
  volume={2},
  number={4},
  year={2022}
}

@inproceedings{wang2023internimage,
  title={Internimage: Exploring large-scale vision foundation models with deformable convolutions},
  author={Wang, Wenhai and Dai, Jifeng and Chen, Zhe and Huang, Zhenhang and Li, Zhiqi and Zhu, Xizhou and Hu, Xiaowei and Lu, Tong and Lu, Lewei and Li, Hongsheng and others},
  booktitle={Proceedings of the IEEE/CVF conference on computer vision and pattern recognition},
  pages={14408--14419},
  year={2023}
}

@article{chen2022vision,
  title={Vision transformer adapter for dense predictions},
  author={Chen, Zhe and Duan, Yuchen and Wang, Wenhai and He, Junjun and Lu, Tong and Dai, Jifeng and Qiao, Yu},
  journal={arXiv preprint arXiv:2205.08534},
  year={2022}
}

@inproceedings{su2023towards,
  title={Towards all-in-one pre-training via maximizing multi-modal mutual information},
  author={Su, Weijie and Zhu, Xizhou and Tao, Chenxin and Lu, Lewei and Li, Bin and Huang, Gao and Qiao, Yu and Wang, Xiaogang and Zhou, Jie and Dai, Jifeng},
  booktitle={Proceedings of the IEEE/CVF Conference on Computer Vision and Pattern Recognition},
  pages={15888--15899},
  year={2023}
}

@inproceedings{wang2023image,
  title={Image as a foreign language: Beit pretraining for vision and vision-language tasks},
  author={Wang, Wenhui and Bao, Hangbo and Dong, Li and Bjorck, Johan and Peng, Zhiliang and Liu, Qiang and Aggarwal, Kriti and Mohammed, Owais Khan and Singhal, Saksham and Som, Subhojit and others},
  booktitle={Proceedings of the IEEE/CVF Conference on Computer Vision and Pattern Recognition},
  pages={19175--19186},
  year={2023}
}

@inproceedings{tao2023siamese,
  title={Siamese image modeling for self-supervised vision representation learning},
  author={Tao, Chenxin and Zhu, Xizhou and Su, Weijie and Huang, Gao and Li, Bin and Zhou, Jie and Qiao, Yu and Wang, Xiaogang and Dai, Jifeng},
  booktitle={Proceedings of the IEEE/CVF Conference on Computer Vision and Pattern Recognition},
  pages={2132--2141},
  year={2023}
}

@article{wang2024mllm,
  title={Mllm can see? dynamic correction decoding for hallucination mitigation},
  author={Wang, Chenxi and Chen, Xiang and Zhang, Ningyu and Tian, Bozhong and Xu, Haoming and Deng, Shumin and Chen, Huajun},
  journal={arXiv preprint arXiv:2410.11779},
  year={2024}
}

@article{wu2024towards,
  title={Towards Semantic Equivalence of Tokenization in Multimodal LLM},
  author={Wu, Shengqiong and Fei, Hao and Li, Xiangtai and Ji, Jiayi and Zhang, Hanwang and Chua, Tat-Seng and Yan, Shuicheng},
  journal={arXiv preprint arXiv:2406.05127},
  year={2024}
}

@inproceedings{lai2024lisa,
  title={Lisa: Reasoning segmentation via large language model},
  author={Lai, Xin and Tian, Zhuotao and Chen, Yukang and Li, Yanwei and Yuan, Yuhui and Liu, Shu and Jia, Jiaya},
  booktitle={Proceedings of the IEEE/CVF Conference on Computer Vision and Pattern Recognition},
  pages={9579--9589},
  year={2024}
}

@article{yang2023improved,
  title={An improved baseline for reasoning segmentation with large language model},
  author={Yang, Senqiao and Qu, Tianyuan and Lai, Xin and Tian, Zhuotao and Peng, Bohao and Liu, Shu and Jia, Jiaya},
  journal={arXiv e-prints},
  pages={arXiv--2312},
  year={2023}
}

@article{aflalo2024fivl,
  title={FiVL: A Framework for Improved Vision-Language Alignment},
  author={Aflalo, Estelle and Stan, Gabriela Ben Melech and Le, Tiep and Luo, Man and Rosenman, Shachar and Paul, Sayak and Tseng, Shao-Yen and Lal, Vasudev},
  journal={arXiv preprint arXiv:2412.14672},
  year={2024}
}

@article{zhao2023bubogpt,
  title={Bubogpt: Enabling visual grounding in multi-modal llms},
  author={Zhao, Yang and Lin, Zhijie and Zhou, Daquan and Huang, Zilong and Feng, Jiashi and Kang, Bingyi},
  journal={arXiv preprint arXiv:2307.08581},
  year={2023}
}

@inproceedings{lin2024vila,
  title={Vila: On pre-training for visual language models},
  author={Lin, Ji and Yin, Hongxu and Ping, Wei and Molchanov, Pavlo and Shoeybi, Mohammad and Han, Song},
  booktitle={Proceedings of the IEEE/CVF Conference on Computer Vision and Pattern Recognition},
  pages={26689--26699},
  year={2024}
}

@inproceedings{zhao2025first,
  title={The first to know: How token distributions reveal hidden knowledge in large vision-language models?},
  author={Zhao, Qinyu and Xu, Ming and Gupta, Kartik and Asthana, Akshay and Zheng, Liang and Gould, Stephen},
  booktitle={European Conference on Computer Vision},
  pages={127--142},
  year={2025},
  organization={Springer}
}

@article{liu2024rar,
  title={Rar: Retrieving and ranking augmented mllms for visual recognition},
  author={Liu, Ziyu and Sun, Zeyi and Zang, Yuhang and Li, Wei and Zhang, Pan and Dong, Xiaoyi and Xiong, Yuanjun and Lin, Dahua and Wang, Jiaqi},
  journal={arXiv preprint arXiv:2403.13805},
  year={2024}
}

@inproceedings{barbany2024leveraging,
  title={Leveraging Large Language Models for Multimodal Search},
  author={Barbany, Oriol and Huang, Michael and Zhu, Xinliang and Dhua, Arnab},
  booktitle={Proceedings of the IEEE/CVF Conference on Computer Vision and Pattern Recognition},
  pages={1201--1210},
  year={2024}
}

@article{wang2023makes,
  title={What Makes for Good Visual Tokenizers for Large Language Models?},
  author={Wang, Guangzhi and Ge, Yixiao and Ding, Xiaohan and Kankanhalli, Mohan and Shan, Ying},
  journal={arXiv preprint arXiv:2305.12223},
  year={2023}
}

@inproceedings{li2023fine,
  title={Fine-tuning multimodal llms to follow zero-shot demonstrative instructions},
  author={Li, Juncheng and Pan, Kaihang and Ge, Zhiqi and Gao, Minghe and Ji, Wei and Zhang, Wenqiao and Chua, Tat-Seng and Tang, Siliang and Zhang, Hanwang and Zhuang, Yueting},
  booktitle={The Twelfth International Conference on Learning Representations},
  year={2023}
}

@inproceedings{zhong2022regionclip,
  title={Regionclip: Region-based language-image pretraining},
  author={Zhong, Yiwu and Yang, Jianwei and Zhang, Pengchuan and Li, Chunyuan and Codella, Noel and Li, Liunian Harold and Zhou, Luowei and Dai, Xiyang and Yuan, Lu and Li, Yin and others},
  booktitle={Proceedings of the IEEE/CVF conference on computer vision and pattern recognition},
  pages={16793--16803},
  year={2022}
}




@article{yu2023reformulating,
  title={Reformulating vision-language foundation models and datasets towards universal multimodal assistants},
  author={Yu, Tianyu and Hu, Jinyi and Yao, Yuan and Zhang, Haoye and Zhao, Yue and Wang, Chongyi and Wang, Shan and Pan, Yinxv and Xue, Jiao and Li, Dahai and others},
  journal={arXiv preprint arXiv:2310.00653},
  year={2023}
}

@article{tong2024metamorph,
  title={MetaMorph: Multimodal Understanding and Generation via Instruction Tuning},
  author={Tong, Shengbang and Fan, David and Zhu, Jiachen and Xiong, Yunyang and Chen, Xinlei and Sinha, Koustuv and Rabbat, Michael and LeCun, Yann and Xie, Saining and Liu, Zhuang},
  journal={arXiv preprint arXiv:2412.14164},
  year={2024}
}

@article{fini2024multimodal,
  title={Multimodal autoregressive pre-training of large vision encoders},
  author={Fini, Enrico and Shukor, Mustafa and Li, Xiujun and Dufter, Philipp and Klein, Michal and Haldimann, David and Aitharaju, Sai and da Costa, Victor Guilherme Turrisi and B{\'e}thune, Louis and Gan, Zhe and others},
  journal={arXiv preprint arXiv:2411.14402},
  year={2024}
}

@article{li2023large,
  title={A large-scale dataset towards multi-modal multilingual instruction tuning},
  author={Li, Lei and Yin, Yuwei and Li, Shicheng and Chen, Liang and Wang, Peiyi and Ren, Shuhuai and Li, Mukai and Yang, Yazheng and Xu, Jingjing and Sun, Xu and others},
  journal={arXiv preprint arXiv:2306.04387},
  volume={3},
  year={2023}
}


@article{xu2022multiinstruct,
  title={Multiinstruct: Improving multi-modal zero-shot learning via instruction tuning},
  author={Xu, Zhiyang and Shen, Ying and Huang, Lifu},
  journal={arXiv preprint arXiv:2212.10773},
  year={2022}
}

@article{zhang2024redundancy,
  title={From Redundancy to Relevance: Enhancing Explainability in Multimodal Large Language Models},
  author={Zhang, Xiaofeng and Shen, Chen and Yuan, Xiaosong and Yan, Shaotian and Xie, Liang and Wang, Wenxiao and Gu, Chaochen and Tang, Hao and Ye, Jieping},
  journal={arXiv preprint arXiv:2406.06579},
  year={2024}
}

@article{xing2024mitigating,
  title={Mitigating object hallucination via concentric causal attention},
  author={Xing, Yun and Li, Yiheng and Laptev, Ivan and Lu, Shijian},
  journal={arXiv preprint arXiv:2410.15926},
  year={2024}
}

@inproceedings{minderer2022simple,
  title={Simple open-vocabulary object detection},
  author={Minderer, Matthias and Gritsenko, Alexey and Stone, Austin and Neumann, Maxim and Weissenborn, Dirk and Dosovitskiy, Alexey and Mahendran, Aravindh and Arnab, Anurag and Dehghani, Mostafa and Shen, Zhuoran and others},
  booktitle={European Conference on Computer Vision},
  pages={728--755},
  year={2022},
  organization={Springer}
}


@article{zhang2023llama,
  title={Llama-adapter: Efficient fine-tuning of language models with zero-init attention},
  author={Zhang, Renrui and Han, Jiaming and Liu, Chris and Gao, Peng and Zhou, Aojun and Hu, Xiangfei and Yan, Shilin and Lu, Pan and Li, Hongsheng and Qiao, Yu},
  journal={arXiv preprint arXiv:2303.16199},
  year={2023}
}

@article{gao2023llama,
  title={Llama-adapter v2: Parameter-efficient visual instruction model},
  author={Gao, Peng and Han, Jiaming and Zhang, Renrui and Lin, Ziyi and Geng, Shijie and Zhou, Aojun and Zhang, Wei and Lu, Pan and He, Conghui and Yue, Xiangyu and others},
  journal={arXiv preprint arXiv:2304.15010},
  year={2023}
}

@article{liu2024visual,
  title={Visual instruction tuning},
  author={Liu, Haotian and Li, Chunyuan and Wu, Qingyang and Lee, Yong Jae},
  journal={Advances in neural information processing systems},
  volume={36},
  year={2024}
}

@article{chen2023shikra,
  title={Shikra: Unleashing multimodal llm's referential dialogue magic},
  author={Chen, Keqin and Zhang, Zhao and Zeng, Weili and Zhang, Richong and Zhu, Feng and Zhao, Rui},
  journal={arXiv preprint arXiv:2306.15195},
  year={2023}
}

@article{chen2023minigpt,
  title={Minigpt-v2: large language model as a unified interface for vision-language multi-task learning},
  author={Chen, Jun and Zhu, Deyao and Shen, Xiaoqian and Li, Xiang and Liu, Zechun and Zhang, Pengchuan and Krishnamoorthi, Raghuraman and Chandra, Vikas and Xiong, Yunyang and Elhoseiny, Mohamed},
  journal={arXiv preprint arXiv:2310.09478},
  year={2023}
}



@article{wang2024visionllm,
  title={Visionllm: Large language model is also an open-ended decoder for vision-centric tasks},
  author={Wang, Wenhai and Chen, Zhe and Chen, Xiaokang and Wu, Jiannan and Zhu, Xizhou and Zeng, Gang and Luo, Ping and Lu, Tong and Zhou, Jie and Qiao, Yu and others},
  journal={Advances in Neural Information Processing Systems},
  volume={36},
  year={2024}
}

@article{alayrac2022flamingo,
  title={Flamingo: a visual language model for few-shot learning},
  author={Alayrac, Jean-Baptiste and Donahue, Jeff and Luc, Pauline and Miech, Antoine and Barr, Iain and Hasson, Yana and Lenc, Karel and Mensch, Arthur and Millican, Katherine and Reynolds, Malcolm and others},
  journal={Advances in neural information processing systems},
  volume={35},
  pages={23716--23736},
  year={2022}
}

@article{gong2023multimodal,
  title={Multimodal-gpt: A vision and language model for dialogue with humans},
  author={Gong, Tao and Lyu, Chengqi and Zhang, Shilong and Wang, Yudong and Zheng, Miao and Zhao, Qian and Liu, Kuikun and Zhang, Wenwei and Luo, Ping and Chen, Kai},
  journal={arXiv preprint arXiv:2305.04790},
  year={2023}
}

@misc{li2023ottermultimodalmodelincontext,
      title={Otter: A Multi-Modal Model with In-Context Instruction Tuning}, 
      author={Bo Li and Yuanhan Zhang and Liangyu Chen and Jinghao Wang and Jingkang Yang and Ziwei Liu},
      year={2023},
      eprint={2305.03726},
      archivePrefix={arXiv},
      primaryClass={cs.CV},
      url={https://arxiv.org/abs/2305.03726}, 
}


@article{li2021align,
  title={Align before fuse: Vision and language representation learning with momentum distillation},
  author={Li, Junnan and Selvaraju, Ramprasaath and Gotmare, Akhilesh and Joty, Shafiq and Xiong, Caiming and Hoi, Steven Chu Hong},
  journal={Advances in neural information processing systems},
  volume={34},
  pages={9694--9705},
  year={2021}
}

@inproceedings{li2023blip,
  title={Blip-2: Bootstrapping language-image pre-training with frozen image encoders and large language models},
  author={Li, Junnan and Li, Dongxu and Savarese, Silvio and Hoi, Steven},
  booktitle={International conference on machine learning},
  pages={19730--19742},
  year={2023},
  organization={PMLR}
}

@inproceedings{goyal2017making,
  title={Making the v in vqa matter: Elevating the role of image understanding in visual question answering},
  author={Goyal, Yash and Khot, Tejas and Summers-Stay, Douglas and Batra, Dhruv and Parikh, Devi},
  booktitle={Proceedings of the IEEE conference on computer vision and pattern recognition},
  pages={6904--6913},
  year={2017}
}


@inproceedings{marino2019ok,
  title={Ok-vqa: A visual question answering benchmark requiring external knowledge},
  author={Marino, Kenneth and Rastegari, Mohammad and Farhadi, Ali and Mottaghi, Roozbeh},
  booktitle={Proceedings of the IEEE/cvf conference on computer vision and pattern recognition},
  pages={3195--3204},
  year={2019}
}


@inproceedings{hudson2019gqa,
  title={Gqa: A new dataset for real-world visual reasoning and compositional question answering},
  author={Hudson, Drew A and Manning, Christopher D},
  booktitle={Proceedings of the IEEE/CVF conference on computer vision and pattern recognition},
  pages={6700--6709},
  year={2019}
}

@inproceedings{Bigham_Jayant_Ji_Little_Miller_Miller_Tatarowicz_White_White_Yeh_2010,   title={VizWiz},  url={http://dx.doi.org/10.1145/1805986.1806020},  DOI={10.1145/1805986.1806020},  booktitle={Proceedings of the 2010 International Cross Disciplinary Conference on Web Accessibility (W4A)},  author={Bigham, Jeffrey P. and Jayant, Chandrika and Ji, Hanjie and Little, Greg and Miller, Andrew and Miller, Robert C. and Tatarowicz, Aubrey and White, Brandyn and White, Samuel and Yeh, Tom},  year={2010},  month={Apr},  language={en-US}  }

@inproceedings{singh2019towards,
  title={Towards vqa models that can read},
  author={Singh, Amanpreet and Natarajan, Vivek and Shah, Meet and Jiang, Yu and Chen, Xinlei and Batra, Dhruv and Parikh, Devi and Rohrbach, Marcus},
  booktitle={Proceedings of the IEEE/CVF conference on computer vision and pattern recognition},
  pages={8317--8326},
  year={2019}
}


@article{lu2022learn,
  title={Learn to explain: Multimodal reasoning via thought chains for science question answering},
  author={Lu, Pan and Mishra, Swaroop and Xia, Tanglin and Qiu, Liang and Chang, Kai-Wei and Zhu, Song-Chun and Tafjord, Oyvind and Clark, Peter and Kalyan, Ashwin},
  journal={Advances in Neural Information Processing Systems},
  volume={35},
  pages={2507--2521},
  year={2022}
}


@inproceedings{liu2025mmbench,
  title={Mmbench: Is your multi-modal model an all-around player?},
  author={Liu, Yuan and Duan, Haodong and Zhang, Yuanhan and Li, Bo and Zhang, Songyang and Zhao, Wangbo and Yuan, Yike and Wang, Jiaqi and He, Conghui and Liu, Ziwei and others},
  booktitle={European conference on computer vision},
  pages={216--233},
  year={2025},
  organization={Springer}
}

@article{li2023seed,
  title={Seed-bench: Benchmarking multimodal llms with generative comprehension},
  author={Li, Bohao and Wang, Rui and Wang, Guangzhi and Ge, Yuying and Ge, Yixiao and Shan, Ying},
  journal={arXiv preprint arXiv:2307.16125},
  year={2023}
}

@article{li2023evaluating,
  title={Evaluating object hallucination in large vision-language models},
  author={Li, Yifan and Du, Yifan and Zhou, Kun and Wang, Jinpeng and Zhao, Wayne Xin and Wen, Ji-Rong},
  journal={arXiv preprint arXiv:2305.10355},
  year={2023}
}

@article{yu2023mm,
  title={Mm-vet: Evaluating large multimodal models for integrated capabilities},
  author={Yu, Weihao and Yang, Zhengyuan and Li, Linjie and Wang, Jianfeng and Lin, Kevin and Liu, Zicheng and Wang, Xinchao and Wang, Lijuan},
  journal={arXiv preprint arXiv:2308.02490},
  year={2023}
}

@inproceedings{yue2024mmmu,
  title={Mmmu: A massive multi-discipline multimodal understanding and reasoning benchmark for expert agi},
  author={Yue, Xiang and Ni, Yuansheng and Zhang, Kai and Zheng, Tianyu and Liu, Ruoqi and Zhang, Ge and Stevens, Samuel and Jiang, Dongfu and Ren, Weiming and Sun, Yuxuan and others},
  booktitle={Proceedings of the IEEE/CVF Conference on Computer Vision and Pattern Recognition},
  pages={9556--9567},
  year={2024}
}

@article{ying2024mmt,
  title={Mmt-bench: A comprehensive multimodal benchmark for evaluating large vision-language models towards multitask agi},
  author={Ying, Kaining and Meng, Fanqing and Wang, Jin and Li, Zhiqian and Lin, Han and Yang, Yue and Zhang, Hao and Zhang, Wenbo and Lin, Yuqi and Liu, Shuo and others},
  journal={arXiv preprint arXiv:2404.16006},
  year={2024}
}

@misc{fu2024mmecomprehensiveevaluationbenchmark,
      title={MME: A Comprehensive Evaluation Benchmark for Multimodal Large Language Models}, 
      author={Chaoyou Fu and Peixian Chen and Yunhang Shen and Yulei Qin and Mengdan Zhang and Xu Lin and Jinrui Yang and Xiawu Zheng and Ke Li and Xing Sun and Yunsheng Wu and Rongrong Ji},
      year={2024},
      eprint={2306.13394},
      archivePrefix={arXiv},
      primaryClass={cs.CV},
      url={https://arxiv.org/abs/2306.13394}, 
}

@inproceedings{mishra2019ocr,
  title={Ocr-vqa: Visual question answering by reading text in images},
  author={Mishra, Anand and Shekhar, Shashank and Singh, Ajeet Kumar and Chakraborty, Anirban},
  booktitle={2019 international conference on document analysis and recognition (ICDAR)},
  pages={947--952},
  year={2019},
  organization={IEEE}
}

@article{krishna2017visual,
  title={Visual genome: Connecting language and vision using crowdsourced dense image annotations},
  author={Krishna, Ranjay and Zhu, Yuke and Groth, Oliver and Johnson, Justin and Hata, Kenji and Kravitz, Joshua and Chen, Stephanie and Kalantidis, Yannis and Li, Li-Jia and Shamma, David A and others},
  journal={International journal of computer vision},
  volume={123},
  pages={32--73},
  year={2017},
  publisher={Springer}
}

@inproceedings{lin2014microsoft,
  title={Microsoft coco: Common objects in context},
  author={Lin, Tsung-Yi and Maire, Michael and Belongie, Serge and Hays, James and Perona, Pietro and Ramanan, Deva and Doll{\'a}r, Piotr and Zitnick, C Lawrence},
  booktitle={Computer Vision--ECCV 2014: 13th European Conference, Zurich, Switzerland, September 6-12, 2014, Proceedings, Part V 13},
  pages={740--755},
  year={2014},
  organization={Springer}
}

@article{zhou2024tinyllava,
  title={Tinyllava: A framework of small-scale large multimodal models},
  author={Zhou, Baichuan and Hu, Ying and Weng, Xi and Jia, Junlong and Luo, Jie and Liu, Xien and Wu, Ji and Huang, Lei},
  journal={arXiv preprint arXiv:2402.14289},
  year={2024}
}

@inproceedings{kembhavi2016diagram,
  title={A diagram is worth a dozen images},
  author={Kembhavi, Aniruddha and Salvato, Mike and Kolve, Eric and Seo, Minjoon and Hajishirzi, Hannaneh and Farhadi, Ali},
  booktitle={Computer Vision--ECCV 2016: 14th European Conference, Amsterdam, The Netherlands, October 11--14, 2016, Proceedings, Part IV 14},
  pages={235--251},
  year={2016},
  organization={Springer}
}

@misc{grok15v,
  author       = {x.ai},
  title        = {Grok-1.5 Vision Preview},
  year         = {2024},
  month        = {April},
  url          = {https://x.ai/blog/grok-1.5v},
  note         = {Accessed: 2025-01-26},
}

@misc{zhang2024lmmsevalrealitycheckevaluation,
      title={LMMs-Eval: Reality Check on the Evaluation of Large Multimodal Models}, 
      author={Kaichen Zhang and Bo Li and Peiyuan Zhang and Fanyi Pu and Joshua Adrian Cahyono and Kairui Hu and Shuai Liu and Yuanhan Zhang and Jingkang Yang and Chunyuan Li and Ziwei Liu},
      year={2024},
      eprint={2407.12772},
      archivePrefix={arXiv},
      primaryClass={cs.CL},
      url={https://arxiv.org/abs/2407.12772}, 
}


@misc{lmms_eval2024,
    title={LMMs-Eval: Accelerating the Development of Large Multimodal Models},
    url={https://github.com/EvolvingLMMs-Lab/lmms-eval},
    author={Bo Li and Peiyuan Zhang and Kaichen Zhang and Fanyi Pu and Xinrun Du and Yuhao Dong and Haotian Liu and Yuanhan Zhang and Ge Zhang and Chunyuan Li and Ziwei Liu},
    note={* indicates equal contribution},
    publisher={Zenodo},
    version={v0.1.0},
    month={March},
    year={2024}
}