@article{chang2024survey,
  title={A survey on evaluation of large language models},
  author={Chang, Yupeng and Wang, Xu and Wang, Jindong and Wu, Yuan and Yang, Linyi and Zhu, Kaijie and Chen, Hao and Yi, Xiaoyuan and Wang, Cunxiang and Wang, Yidong and others},
  journal={ACM Transactions on Intelligent Systems and Technology},
  volume={15},
  number={3},
  pages={1--45},
  year={2024},
  publisher={ACM New York, NY}
}

@article{chen2021edge,
  title={Edge-featured graph attention network},
  author={Chen, Jun and Chen, Haopeng},
  journal={arXiv preprint arXiv:2101.07671},
  year={2021}
}

@article{zhang2024mog,
  title={Graph sparsification via mixture of graphs},
  author={Zhang, Guibin and Sun, Xiangguo and Yue, Yanwei and Jiang, Chonghe and Wang, Kun and Chen, Tianlong and Pan, Shirui},
  journal={arXiv preprint arXiv:2405.14260},
  year={2024}
}

@article{ishibashi2024soa,
  title={Self-organized agents: A llm multi-agent framework toward ultra large-scale code generation and optimization},
  author={Ishibashi, Yoichi and Nishimura, Yoshimasa},
  journal={arXiv preprint arXiv:2404.02183},
  year={2024}
}


@article{minaee2024large,
  title={Large language models: A survey},
  author={Minaee, Shervin and Mikolov, Tomas and Nikzad, Narjes and Chenaghlu, Meysam and Socher, Richard and Amatriain, Xavier and Gao, Jianfeng},
  journal={arXiv preprint arXiv:2402.06196},
  year={2024}
}


@article{wang2024survey,
  title={A survey on large language model based autonomous agents},
  author={Wang, Lei and Ma, Chen and Feng, Xueyang and Zhang, Zeyu and Yang, Hao and Zhang, Jingsen and Chen, Zhiyuan and Tang, Jiakai and Chen, Xu and Lin, Yankai and others},
  journal={Frontiers of Computer Science},
  volume={18},
  number={6},
  pages={186345},
  year={2024},
  publisher={Springer}
}


@misc{autogpt,
  author = {Toran Bruce Richards and et al.},
  title = {Auto-GPT: An Autonomous GPT-4 Experiment},
  year = {2023},
  publisher = {GitHub},
  journal = {GitHub repository},
  howpublished = {\url{https://github.com/Significant-Gravitas/Auto-GPT}}
}

@article{zhang2024asb,
  title={Agent security bench (asb): Formalizing and benchmarking attacks and defenses in llm-based agents},
  author={Zhang, Hanrong and Huang, Jingyuan and Mei, Kai and Yao, Yifei and Wang, Zhenting and Zhan, Chenlu and Wang, Hongwei and Zhang, Yongfeng},
  journal={arXiv preprint arXiv:2410.02644},
  year={2024}
}


@article{guo2024large,
  title={Large language model based multi-agents: A survey of progress and challenges},
  author={Guo, Taicheng and Chen, Xiuying and Wang, Yaqi and Chang, Ruidi and Pei, Shichao and Chawla, Nitesh V and Wiest, Olaf and Zhang, Xiangliang},
  journal={arXiv preprint arXiv:2402.01680},
  year={2024}
}

@article{liu2024toolace,
  title={Toolace: Winning the points of llm function calling},
  author={Liu, Weiwen and Huang, Xu and Zeng, Xingshan and Hao, Xinlong and Yu, Shuai and Li, Dexun and Wang, Shuai and Gan, Weinan and Liu, Zhengying and Yu, Yuanqing and others},
  journal={arXiv preprint arXiv:2409.00920},
  year={2024}
}

@article{tang2023toolalpaca,
  title={Toolalpaca: Generalized tool learning for language models with 3000 simulated cases},
  author={Tang, Qiaoyu and Deng, Ziliang and Lin, Hongyu and Han, Xianpei and Liang, Qiao and Cao, Boxi and Sun, Le},
  journal={arXiv preprint arXiv:2306.05301},
  year={2023}
}

@article{zhang2024survey,
  title={A survey on the memory mechanism of large language model based agents},
  author={Zhang, Zeyu and Bo, Xiaohe and Ma, Chen and Li, Rui and Chen, Xu and Dai, Quanyu and Zhu, Jieming and Dong, Zhenhua and Wen, Ji-Rong},
  journal={arXiv preprint arXiv:2404.13501},
  year={2024}
}



@inproceedings{zhao2025see,
  title={See and think: Embodied agent in virtual environment},
  author={Zhao, Zhonghan and Chai, Wenhao and Wang, Xuan and Li, Boyi and Hao, Shengyu and Cao, Shidong and Ye, Tian and Wang, Gaoang},
  booktitle={European Conference on Computer Vision},
  pages={187--204},
  year={2025},
  organization={Springer}
}

@article{dong2024attacks,
  title={Attacks, defenses and evaluations for llm conversation safety: A survey},
  author={Dong, Zhichen and Zhou, Zhanhui and Yang, Chao and Shao, Jing and Qiao, Yu},
  journal={arXiv preprint arXiv:2402.09283},
  year={2024}
}

@inproceedings{greshake2023not,
  title={Not what you've signed up for: Compromising real-world llm-integrated applications with indirect prompt injection},
  author={Greshake, Kai and Abdelnabi, Sahar and Mishra, Shailesh and Endres, Christoph and Holz, Thorsten and Fritz, Mario},
  booktitle={Proceedings of the 16th ACM Workshop on Artificial Intelligence and Security},
  pages={79--90},
  year={2023}
}

@article{yu2024llm,
  title={LLM-Virus: Evolutionary Jailbreak Attack on Large Language Models},
  author={Yu, Miao and Fang, Junfeng and Zhou, Yingjie and Fan, Xing and Wang, Kun and Pan, Shirui and Wen, Qingsong},
  journal={arXiv preprint arXiv:2501.00055},
  year={2024}
}

@article{andriushchenko2024agentharm,
  title={Agentharm: A benchmark for measuring harmfulness of llm agents},
  author={Andriushchenko, Maksym and Souly, Alexandra and Dziemian, Mateusz and Duenas, Derek and Lin, Maxwell and Wang, Justin and Hendrycks, Dan and Zou, Andy and Kolter, Zico and Fredrikson, Matt and others},
  journal={arXiv preprint arXiv:2410.09024},
  year={2024}
}

@article{chen2024agentpoison,
  title={Agentpoison: Red-teaming llm agents via poisoning memory or knowledge bases},
  author={Chen, Zhaorun and Xiang, Zhen and Xiao, Chaowei and Song, Dawn and Li, Bo},
  journal={arXiv preprint arXiv:2407.12784},
  year={2024}
}





































@article{zhan2024injecagent,
  title={Injecagent: Benchmarking indirect prompt injections in tool-integrated large language model agents},
  author={Zhan, Qiusi and Liang, Zhixiang and Ying, Zifan and Kang, Daniel},
  journal={arXiv preprint arXiv:2403.02691},
  year={2024}
}

@article{tian2023evil,
  title={Evil geniuses: Delving into the safety of llm-based agents},
  author={Tian, Yu and Yang, Xiao and Zhang, Jingyuan and Dong, Yinpeng and Su, Hang},
  journal={arXiv preprint arXiv:2311.11855},
  year={2023}
}



@article{qian2023communicative,
  title={Communicative agents for software development},
  author={Qian, Chen and Cong, Xin and Yang, Cheng and Chen, Weize and Su, Yusheng and Xu, Juyuan and Liu, Zhiyuan and Sun, Maosong},
  journal={arXiv preprint arXiv:2307.07924},
  volume={6},
  number={3},
  year={2023}
}

@article{li2023camel,
  title={Camel: Communicative agents for" mind" exploration of large language model society},
  author={Li, Guohao and Hammoud, Hasan and Itani, Hani and Khizbullin, Dmitrii and Ghanem, Bernard},
  journal={Advances in Neural Information Processing Systems},
  volume={36},
  pages={51991--52008},
  year={2023}
}

@article{zhang2024psysafe,
  title={Psysafe: A comprehensive framework for psychological-based attack, defense, and evaluation of multi-agent system safety},
  author={Zhang, Zaibin and Zhang, Yongting and Li, Lijun and Gao, Hongzhi and Wang, Lijun and Lu, Huchuan and Zhao, Feng and Qiao, Yu and Shao, Jing},
  journal={arXiv preprint arXiv:2401.11880},
  year={2024}
}


@article{wang2020minilm,
  title={Minilm: Deep self-attention distillation for task-agnostic compression of pre-trained transformers},
  author={Wang, Wenhui and Wei, Furu and Dong, Li and Bao, Hangbo and Yang, Nan and Zhou, Ming},
  journal={Advances in Neural Information Processing Systems},
  volume={33},
  pages={5776--5788},
  year={2020}
}


@misc{amazonBuildGenerative,
	author = {Amazon},
	title = {{B}uild {G}enerative {A}{I} {A}pplications with {F}oundation {M}odels - {A}mazon {B}edrock - {A}{W}{S} --- aws.amazon.com},
	howpublished = {\url{https://aws.amazon.com/bedrock/?nc1=h_ls}},
	year = {2025},
	note = {[Accessed 15-02-2025]},
}

@article{han2024wildguard,
  title={Wildguard: Open one-stop moderation tools for safety risks, jailbreaks, and refusals of llms},
  author={Han, Seungju and Rao, Kavel and Ettinger, Allyson and Jiang, Liwei and Lin, Bill Yuchen and Lambert, Nathan and Choi, Yejin and Dziri, Nouha},
  journal={arXiv preprint arXiv:2406.18495},
  year={2024}
}

@article{inan2023llama,
  title={Llama guard: Llm-based input-output safeguard for human-ai conversations},
  author={Inan, Hakan and Upasani, Kartikeya and Chi, Jianfeng and Rungta, Rashi and Iyer, Krithika and Mao, Yuning and Tontchev, Michael and Hu, Qing and Fuller, Brian and Testuggine, Davide and others},
  journal={arXiv preprint arXiv:2312.06674},
  year={2023}
}

@article{gu2024agent,
  title={Agent smith: A single image can jailbreak one million multimodal llm agents exponentially fast},
  author={Gu, Xiangming and Zheng, Xiaosen and Pang, Tianyu and Du, Chao and Liu, Qian and Wang, Ye and Jiang, Jing and Lin, Min},
  journal={arXiv preprint arXiv:2402.08567},
  year={2024}
}


@article{yu2024netsafe,
  title={Netsafe: Exploring the topological safety of multi-agent networks},
  author={Yu, Miao and Wang, Shilong and Zhang, Guibin and Mao, Junyuan and Yin, Chenlong and Liu, Qijiong and Wen, Qingsong and Wang, Kun and Wang, Yang},
  journal={arXiv preprint arXiv:2410.15686},
  year={2024}
}

@article{chern2024combating,
  title={Combating Adversarial Attacks with Multi-Agent Debate},
  author={Chern, Steffi and Fan, Zhen and Liu, Andy},
  journal={arXiv preprint arXiv:2401.05998},
  year={2024}
}

@article{tan2024wolf,
  title={The Wolf Within: Covert Injection of Malice into MLLM Societies via an MLLM Operative},
  author={Tan, Zhen and Zhao, Chengshuai and Moraffah, Raha and Li, Yifan and Kong, Yu and Chen, Tianlong and Liu, Huan},
  journal={arXiv preprint arXiv:2402.14859},
  year={2024}
}

@article{xie2023defending,
  title={Defending chatgpt against jailbreak attack via self-reminders},
  author={Xie, Yueqi and Yi, Jingwei and Shao, Jiawei and Curl, Justin and Lyu, Lingjuan and Chen, Qifeng and Xie, Xing and Wu, Fangzhao},
  journal={Nature Machine Intelligence},
  volume={5},
  number={12},
  pages={1486--1496},
  year={2023},
  publisher={Nature Publishing Group UK London}
}

@article{liu2024protecting,
  title={Protecting your llms with information bottleneck},
  author={Liu, Zichuan and Wang, Zefan and Xu, Linjie and Wang, Jinyu and Song, Lei and Wang, Tianchun and Chen, Chunlin and Cheng, Wei and Bian, Jiang},
  journal={arXiv preprint arXiv:2404.13968},
  year={2024}
}

@article{zhang2024intention,
  title={Intention analysis prompting makes large language models a good jailbreak defender},
  author={Zhang, Yuqi and Ding, Liang and Zhang, Lefei and Tao, Dacheng},
  journal={arXiv preprint arXiv:2401.06561},
  year={2024}
}

@article{zhang2024parden,
  title={PARDEN, Can You Repeat That? Defending against Jailbreaks via Repetition},
  author={Zhang, Ziyang and Zhang, Qizhen and Foerster, Jakob},
  journal={arXiv preprint arXiv:2405.07932},
  year={2024}
}

@article{phute2023llm,
  title={Llm self defense: By self examination, llms know they are being tricked},
  author={Phute, Mansi and Helbling, Alec and Hull, Matthew and Peng, ShengYun and Szyller, Sebastian and Cornelius, Cory and Chau, Duen Horng},
  journal={arXiv preprint arXiv:2308.07308},
  year={2023}
}

@article{touvron2023llama,
  title={Llama 2: Open foundation and fine-tuned chat models},
  author={Touvron, Hugo and Martin, Louis and Stone, Kevin and Albert, Peter and Almahairi, Amjad and Babaei, Yasmine and Bashlykov, Nikolay and Batra, Soumya and Bhargava, Prajjwal and Bhosale, Shruti and others},
  journal={arXiv preprint arXiv:2307.09288},
  year={2023}
}


@article{chan2023chateval,
  title={Chateval: Towards better llm-based evaluators through multi-agent debate},
  author={Chan, Chi-Min and Chen, Weize and Su, Yusheng and Yu, Jianxuan and Xue, Wei and Zhang, Shanghang and Fu, Jie and Liu, Zhiyuan},
  journal={arXiv preprint arXiv:2308.07201},
  year={2023}
}


@article{chen2023gamegpt,
  title={Gamegpt: Multi-agent collaborative framework for game development},
  author={Chen, Dake and Wang, Hanbin and Huo, Yunhao and Li, Yuzhao and Zhang, Haoyang},
  journal={arXiv preprint arXiv:2310.08067},
  year={2023}
}

@article{cohen2023lm,
  title={Lm vs lm: Detecting factual errors via cross examination},
  author={Cohen, Roi and Hamri, May and Geva, Mor and Globerson, Amir},
  journal={arXiv preprint arXiv:2305.13281},
  year={2023}
}

@article{chen2023agentverse,
  title={Agentverse: Facilitating multi-agent collaboration and exploring emergent behaviors in agents},
  author={Chen, Weize and Su, Yusheng and Zuo, Jingwei and Yang, Cheng and Yuan, Chenfei and Qian, Chen and Chan, Chi-Min and Qin, Yujia and Lu, Yaxi and Xie, Ruobing and others},
  journal={arXiv preprint arXiv:2308.10848},
  volume={2},
  number={4},
  pages={6},
  year={2023}
}

@article{hua2023war,
  title={War and peace (waragent): Large language model-based multi-agent simulation of world wars},
  author={Hua, Wenyue and Fan, Lizhou and Li, Lingyao and Mei, Kai and Ji, Jianchao and Ge, Yingqiang and Hemphill, Libby and Zhang, Yongfeng},
  journal={arXiv preprint arXiv:2311.17227},
  year={2023}
}

@inproceedings{park2023generative,
  title={Generative agents: Interactive simulacra of human behavior},
  author={Park, Joon Sung and O'Brien, Joseph and Cai, Carrie Jun and Morris, Meredith Ringel and Liang, Percy and Bernstein, Michael S},
  booktitle={Proceedings of the 36th annual acm symposium on user interface software and technology},
  pages={1--22},
  year={2023}
}

@article{liu2023dynamic,
  title={Dynamic llm-agent network: An llm-agent collaboration framework with agent team optimization},
  author={Liu, Zijun and Zhang, Yanzhe and Li, Peng and Liu, Yang and Yang, Diyi},
  journal={arXiv preprint arXiv:2310.02170},
  year={2023}
}

@article{qian2024scaling,
  title={Scaling Large-Language-Model-based Multi-Agent Collaboration},
  author={Qian, Chen and Xie, Zihao and Wang, Yifei and Liu, Wei and Dang, Yufan and Du, Zhuoyun and Chen, Weize and Yang, Cheng and Liu, Zhiyuan and Sun, Maosong},
  journal={arXiv preprint arXiv:2406.07155},
  year={2024}
}


@article{wu2023autogen,
  title={Autogen: Enabling next-gen llm applications via multi-agent conversation framework},
  author={Wu, Qingyun and Bansal, Gagan and Zhang, Jieyu and Wu, Yiran and Zhang, Shaokun and Zhu, Erkang and Li, Beibin and Jiang, Li and Zhang, Xiaoyun and Wang, Chi},
  journal={arXiv preprint arXiv:2308.08155},
  year={2023}
}


@article{zelikman2023self,
  title={Self-taught optimizer (stop): Recursively self-improving code generation},
  author={Zelikman, Eric and Lorch, Eliana and Mackey, Lester and Kalai, Adam Tauman},
  journal={arXiv preprint arXiv:2310.02304},
  year={2023}
}

@article{khattab2023dspy,
  title={Dspy: Compiling declarative language model calls into self-improving pipelines},
  author={Khattab, Omar and Singhvi, Arnav and Maheshwari, Paridhi and Zhang, Zhiyuan and Santhanam, Keshav and Vardhamanan, Sri and Haq, Saiful and Sharma, Ashutosh and Joshi, Thomas T and Moazam, Hanna and others},
  journal={arXiv preprint arXiv:2310.03714},
  year={2023}
}


@article{hao2023chatllm,
  title={Chatllm network: More brains, more intelligence},
  author={Hao, Rui and Hu, Linmei and Qi, Weijian and Wu, Qingliu and Zhang, Yirui and Nie, Liqiang},
  journal={arXiv preprint arXiv:2304.12998},
  year={2023}
}

@article{zhang2024cut,
  title={Cut the crap: An economical communication pipeline for llm-based multi-agent systems},
  author={Zhang, Guibin and Yue, Yanwei and Li, Zhixun and Yun, Sukwon and Wan, Guancheng and Wang, Kun and Cheng, Dawei and Yu, Jeffrey Xu and Chen, Tianlong},
  journal={arXiv preprint arXiv:2410.02506},
  year={2024}
}

@article{zhang2024g,
  title={G-designer: Architecting multi-agent communication topologies via graph neural networks},
  author={Zhang, Guibin and Yue, Yanwei and Sun, Xiangguo and Wan, Guancheng and Yu, Miao and Fang, Junfeng and Wang, Kun and Cheng, Dawei},
  journal={arXiv preprint arXiv:2410.11782},
  year={2024}
}








@article{perez2022ignore,
  title={Ignore previous prompt: Attack techniques for language models},
  author={Perez, F{\'a}bio and Ribeiro, Ian},
  journal={arXiv preprint arXiv:2211.09527},
  year={2022}
}

@inproceedings{kang2024exploiting,
  title={Exploiting programmatic behavior of llms: Dual-use through standard security attacks},
  author={Kang, Daniel and Li, Xuechen and Stoica, Ion and Guestrin, Carlos and Zaharia, Matei and Hashimoto, Tatsunori},
  booktitle={2024 IEEE Security and Privacy Workshops (SPW)},
  pages={132--143},
  year={2024},
  organization={IEEE}
}

@article{liu2023prompt,
  title={Prompt Injection attack against LLM-integrated Applications},
  author={Liu, Yi and Deng, Gelei and Li, Yuekang and Wang, Kailong and Wang, Zihao and Wang, Xiaofeng and Zhang, Tianwei and Liu, Yepang and Wang, Haoyu and Zheng, Yan and others},
  journal={arXiv preprint arXiv:2306.05499},
  year={2023}
}

@article{fu2024imprompter,
  title={Imprompter: Tricking LLM Agents into Improper Tool Use},
  author={Fu, Xiaohan and Li, Shuheng and Wang, Zihan and Liu, Yihao and Gupta, Rajesh K and Berg-Kirkpatrick, Taylor and Fernandes, Earlence},
  journal={arXiv preprint arXiv:2410.14923},
  year={2024}
}

@inproceedings{zhugegptswarm,
  title={GPTSwarm: Language Agents as Optimizable Graphs},
  author={Zhuge, Mingchen and Wang, Wenyi and Kirsch, Louis and Faccio, Francesco and Khizbullin, Dmitrii and Schmidhuber, J{\"u}rgen},
  booktitle={Forty-first International Conference on Machine Learning},
  year={2024}
}

@article{toyer2023tensor,
  title={Tensor trust: Interpretable prompt injection attacks from an online game},
  author={Toyer, Sam and Watkins, Olivia and Mendes, Ethan Adrian and Svegliato, Justin and Bailey, Luke and Wang, Tiffany and Ong, Isaac and Elmaaroufi, Karim and Abbeel, Pieter and Darrell, Trevor and others},
  journal={arXiv preprint arXiv:2311.01011},
  year={2023}
}

@inproceedings{hua2024trustagent,
  title={TrustAgent: Towards Safe and Trustworthy LLM-based Agents},
  author={Hua, Wenyue and Yang, Xianjun and Jin, Mingyu and Li, Zelong and Cheng, Wei and Tang, Ruixiang and Zhang, Yongfeng},
  booktitle={Findings of the Association for Computational Linguistics: EMNLP 2024},
  pages={10000--10016},
  year={2024}
}

@article{zhang2024privacyasst,
  title={Privacyasst: Safeguarding user privacy in tool-using large language model agents},
  author={Zhang, Xinyu and Xu, Huiyu and Ba, Zhongjie and Wang, Zhibo and Hong, Yuan and Liu, Jian and Qin, Zhan and Ren, Kui},
  journal={IEEE Transactions on Dependable and Secure Computing},
  year={2024},
  publisher={IEEE}
}


@article{yi2023benchmarking,
  title={Benchmarking and defending against indirect prompt injection attacks on large language models},
  author={Yi, Jingwei and Xie, Yueqi and Zhu, Bin and Kiciman, Emre and Sun, Guangzhong and Xie, Xing and Wu, Fangzhao},
  journal={arXiv preprint arXiv:2312.14197},
  year={2023}
}

@article{reimers2019sentence,
  title={Sentence-BERT: Sentence Embeddings using Siamese BERT-Networks},
  author={Reimers, N},
  journal={arXiv preprint arXiv:1908.10084},
  year={2019}
}

@article{liu2023dylan,
  title={Dynamic llm-agent network: An llm-agent collaboration framework with agent team optimization},
  author={Liu, Zijun and Zhang, Yanzhe and Li, Peng and Liu, Yang and Yang, Diyi},
  journal={arXiv preprint arXiv:2310.02170},
  year={2023}
}

@article{wu2020comprehensive,
  title={A comprehensive survey on graph neural networks},
  author={Wu, Zonghan and Pan, Shirui and Chen, Fengwen and Long, Guodong and Zhang, Chengqi and Philip, S Yu},
  journal={IEEE transactions on neural networks and learning systems},
  volume={32},
  number={1},
  pages={4--24},
  year={2020},
  publisher={IEEE}
}


@article{talmor2018commonsenseqa,
  title={Commonsenseqa: A question answering challenge targeting commonsense knowledge},
  author={Talmor, Alon and Herzig, Jonathan and Lourie, Nicholas and Berant, Jonathan},
  journal={arXiv preprint arXiv:1811.00937},
  year={2018}
}

@article{cobbe2021training,
  title={Training verifiers to solve math word problems, 2021},
  author={Cobbe, Karl and Kosaraju, Vineet and Bavarian, Mohammad and Chen, Mark and Jun, Heewoo and Kaiser, Lukasz and Plappert, Matthias and Tworek, Jerry and Hilton, Jacob and Nakano, Reiichiro and others},
  journal={URL https://arxiv. org/abs/2110.14168},
  year={2021}
}


@article{hendrycks2020measuring,
  title={Measuring massive multitask language understanding},
  author={Hendrycks, Dan and Burns, Collin and Basart, Steven and Zou, Andy and Mazeika, Mantas and Song, Dawn and Steinhardt, Jacob},
  journal={arXiv preprint arXiv:2009.03300},
  year={2020}
}


@article{dubey2024llama,
  title={The llama 3 herd of models},
  author={Dubey, Abhimanyu and Jauhri, Abhinav and Pandey, Abhinav and Kadian, Abhishek and Al-Dahle, Ahmad and Letman, Aiesha and Mathur, Akhil and Schelten, Alan and Yang, Amy and Fan, Angela and others},
  journal={arXiv preprint arXiv:2407.21783},
  year={2024}
}

@article{liu2024deepseek,
  title={DeepSeek-V3 Technical Report},
  author={Liu, Aixin and Feng, Bei and Xue, Bing and Wang, Bingxuan and Wu, Bochao and Lu, Chengda and Zhao, Chenggang and Deng, Chengqi and Zhang, Chenyu and Ruan, Chong and others},
  journal={arXiv preprint arXiv:2412.19437},
  year={2024}
}

@article{nazary2025poison,
  title={Poison-RAG: Adversarial Data Poisoning Attacks on Retrieval-Augmented Generation in Recommender Systems},
  author={Nazary, Fatemeh and Deldjoo, Yashar and di Noia, Tommaso},
  journal={arXiv preprint arXiv:2501.11759},
  year={2025}
}