@article{chan2023chateval,
  title={Chateval: Towards better llm-based evaluators through multi-agent debate},
  author={Chan, Chi-Min and Chen, Weize and Su, Yusheng and Yu, Jianxuan and Xue, Wei and Zhang, Shanghang and Fu, Jie and Liu, Zhiyuan},
  journal={arXiv preprint arXiv:2308.07201},
  year={2023}
}

@article{chen2023agentverse,
  title={Agentverse: Facilitating multi-agent collaboration and exploring emergent behaviors in agents},
  author={Chen, Weize and Su, Yusheng and Zuo, Jingwei and Yang, Cheng and Yuan, Chenfei and Qian, Chen and Chan, Chi-Min and Qin, Yujia and Lu, Yaxi and Xie, Ruobing and others},
  journal={arXiv preprint arXiv:2308.10848},
  volume={2},
  number={4},
  pages={6},
  year={2023}
}

@article{chen2023gamegpt,
  title={Gamegpt: Multi-agent collaborative framework for game development},
  author={Chen, Dake and Wang, Hanbin and Huo, Yunhao and Li, Yuzhao and Zhang, Haoyang},
  journal={arXiv preprint arXiv:2310.08067},
  year={2023}
}

@article{chern2024combating,
  title={Combating Adversarial Attacks with Multi-Agent Debate},
  author={Chern, Steffi and Fan, Zhen and Liu, Andy},
  journal={arXiv preprint arXiv:2401.05998},
  year={2024}
}

@article{cohen2023lm,
  title={Lm vs lm: Detecting factual errors via cross examination},
  author={Cohen, Roi and Hamri, May and Geva, Mor and Globerson, Amir},
  journal={arXiv preprint arXiv:2305.13281},
  year={2023}
}

@inproceedings{greshake2023not,
  title={Not what you've signed up for: Compromising real-world llm-integrated applications with indirect prompt injection},
  author={Greshake, Kai and Abdelnabi, Sahar and Mishra, Shailesh and Endres, Christoph and Holz, Thorsten and Fritz, Mario},
  booktitle={Proceedings of the 16th ACM Workshop on Artificial Intelligence and Security},
  pages={79--90},
  year={2023}
}

@article{gu2024agent,
  title={Agent smith: A single image can jailbreak one million multimodal llm agents exponentially fast},
  author={Gu, Xiangming and Zheng, Xiaosen and Pang, Tianyu and Du, Chao and Liu, Qian and Wang, Ye and Jiang, Jing and Lin, Min},
  journal={arXiv preprint arXiv:2402.08567},
  year={2024}
}

@article{guo2024large,
  title={Large language model based multi-agents: A survey of progress and challenges},
  author={Guo, Taicheng and Chen, Xiuying and Wang, Yaqi and Chang, Ruidi and Pei, Shichao and Chawla, Nitesh V and Wiest, Olaf and Zhang, Xiangliang},
  journal={arXiv preprint arXiv:2402.01680},
  year={2024}
}

@article{hua2023war,
  title={War and peace (waragent): Large language model-based multi-agent simulation of world wars},
  author={Hua, Wenyue and Fan, Lizhou and Li, Lingyao and Mei, Kai and Ji, Jianchao and Ge, Yingqiang and Hemphill, Libby and Zhang, Yongfeng},
  journal={arXiv preprint arXiv:2311.17227},
  year={2023}
}

@article{inan2023llama,
  title={Llama guard: Llm-based input-output safeguard for human-ai conversations},
  author={Inan, Hakan and Upasani, Kartikeya and Chi, Jianfeng and Rungta, Rashi and Iyer, Krithika and Mao, Yuning and Tontchev, Michael and Hu, Qing and Fuller, Brian and Testuggine, Davide and others},
  journal={arXiv preprint arXiv:2312.06674},
  year={2023}
}

@article{li2023camel,
  title={Camel: Communicative agents for" mind" exploration of large language model society},
  author={Li, Guohao and Hammoud, Hasan and Itani, Hani and Khizbullin, Dmitrii and Ghanem, Bernard},
  journal={Advances in Neural Information Processing Systems},
  volume={36},
  pages={51991--52008},
  year={2023}
}

@article{liu2023dynamic,
  title={Dynamic llm-agent network: An llm-agent collaboration framework with agent team optimization},
  author={Liu, Zijun and Zhang, Yanzhe and Li, Peng and Liu, Yang and Yang, Diyi},
  journal={arXiv preprint arXiv:2310.02170},
  year={2023}
}

@article{liu2023prompt,
  title={Prompt Injection attack against LLM-integrated Applications},
  author={Liu, Yi and Deng, Gelei and Li, Yuekang and Wang, Kailong and Wang, Zihao and Wang, Xiaofeng and Zhang, Tianwei and Liu, Yepang and Wang, Haoyu and Zheng, Yan and others},
  journal={arXiv preprint arXiv:2306.05499},
  year={2023}
}

@article{liu2024protecting,
  title={Protecting your llms with information bottleneck},
  author={Liu, Zichuan and Wang, Zefan and Xu, Linjie and Wang, Jinyu and Song, Lei and Wang, Tianchun and Chen, Chunlin and Cheng, Wei and Bian, Jiang},
  journal={arXiv preprint arXiv:2404.13968},
  year={2024}
}

@inproceedings{park2023generative,
  title={Generative agents: Interactive simulacra of human behavior},
  author={Park, Joon Sung and O'Brien, Joseph and Cai, Carrie Jun and Morris, Meredith Ringel and Liang, Percy and Bernstein, Michael S},
  booktitle={Proceedings of the 36th annual acm symposium on user interface software and technology},
  pages={1--22},
  year={2023}
}

@article{phute2023llm,
  title={Llm self defense: By self examination, llms know they are being tricked},
  author={Phute, Mansi and Helbling, Alec and Hull, Matthew and Peng, ShengYun and Szyller, Sebastian and Cornelius, Cory and Chau, Duen Horng},
  journal={arXiv preprint arXiv:2308.07308},
  year={2023}
}

@article{qian2023communicative,
  title={Communicative agents for software development},
  author={Qian, Chen and Cong, Xin and Yang, Cheng and Chen, Weize and Su, Yusheng and Xu, Juyuan and Liu, Zhiyuan and Sun, Maosong},
  journal={arXiv preprint arXiv:2307.07924},
  volume={6},
  number={3},
  year={2023}
}

@article{qian2024scaling,
  title={Scaling Large-Language-Model-based Multi-Agent Collaboration},
  author={Qian, Chen and Xie, Zihao and Wang, Yifei and Liu, Wei and Dang, Yufan and Du, Zhuoyun and Chen, Weize and Yang, Cheng and Liu, Zhiyuan and Sun, Maosong},
  journal={arXiv preprint arXiv:2406.07155},
  year={2024}
}

@article{tian2023evil,
  title={Evil geniuses: Delving into the safety of llm-based agents},
  author={Tian, Yu and Yang, Xiao and Zhang, Jingyuan and Dong, Yinpeng and Su, Hang},
  journal={arXiv preprint arXiv:2311.11855},
  year={2023}
}

@article{wang2024survey,
  title={A survey on large language model based autonomous agents},
  author={Wang, Lei and Ma, Chen and Feng, Xueyang and Zhang, Zeyu and Yang, Hao and Zhang, Jingsen and Chen, Zhiyuan and Tang, Jiakai and Chen, Xu and Lin, Yankai and others},
  journal={Frontiers of Computer Science},
  volume={18},
  number={6},
  pages={186345},
  year={2024},
  publisher={Springer}
}

@article{wu2023autogen,
  title={Autogen: Enabling next-gen llm applications via multi-agent conversation framework},
  author={Wu, Qingyun and Bansal, Gagan and Zhang, Jieyu and Wu, Yiran and Zhang, Shaokun and Zhu, Erkang and Li, Beibin and Jiang, Li and Zhang, Xiaoyun and Wang, Chi},
  journal={arXiv preprint arXiv:2308.08155},
  year={2023}
}

@article{xie2023defending,
  title={Defending chatgpt against jailbreak attack via self-reminders},
  author={Xie, Yueqi and Yi, Jingwei and Shao, Jiawei and Curl, Justin and Lyu, Lingjuan and Chen, Qifeng and Xie, Xing and Wu, Fangzhao},
  journal={Nature Machine Intelligence},
  volume={5},
  number={12},
  pages={1486--1496},
  year={2023},
  publisher={Nature Publishing Group UK London}
}

@article{yu2024netsafe,
  title={Netsafe: Exploring the topological safety of multi-agent networks},
  author={Yu, Miao and Wang, Shilong and Zhang, Guibin and Mao, Junyuan and Yin, Chenlong and Liu, Qijiong and Wen, Qingsong and Wang, Kun and Wang, Yang},
  journal={arXiv preprint arXiv:2410.15686},
  year={2024}
}

@article{zhang2024cut,
  title={Cut the crap: An economical communication pipeline for llm-based multi-agent systems},
  author={Zhang, Guibin and Yue, Yanwei and Li, Zhixun and Yun, Sukwon and Wan, Guancheng and Wang, Kun and Cheng, Dawei and Yu, Jeffrey Xu and Chen, Tianlong},
  journal={arXiv preprint arXiv:2410.02506},
  year={2024}
}

@article{zhang2024intention,
  title={Intention analysis prompting makes large language models a good jailbreak defender},
  author={Zhang, Yuqi and Ding, Liang and Zhang, Lefei and Tao, Dacheng},
  journal={arXiv preprint arXiv:2401.06561},
  year={2024}
}

@article{zhang2024parden,
  title={PARDEN, Can You Repeat That? Defending against Jailbreaks via Repetition},
  author={Zhang, Ziyang and Zhang, Qizhen and Foerster, Jakob},
  journal={arXiv preprint arXiv:2405.07932},
  year={2024}
}

@article{zhang2024psysafe,
  title={Psysafe: A comprehensive framework for psychological-based attack, defense, and evaluation of multi-agent system safety},
  author={Zhang, Zaibin and Zhang, Yongting and Li, Lijun and Gao, Hongzhi and Wang, Lijun and Lu, Huchuan and Zhao, Feng and Qiao, Yu and Shao, Jing},
  journal={arXiv preprint arXiv:2401.11880},
  year={2024}
}

@inproceedings{zhugegptswarm,
  title={GPTSwarm: Language Agents as Optimizable Graphs},
  author={Zhuge, Mingchen and Wang, Wenyi and Kirsch, Louis and Faccio, Francesco and Khizbullin, Dmitrii and Schmidhuber, J{\"u}rgen},
  booktitle={Forty-first International Conference on Machine Learning},
  year={2024}
}

