@article{wang2024data,
  title={Data quality-aware mixed-precision quantization via hybrid reinforcement learning},
  author={Wang, Yingchun and Guo, Song and Guo, Jingcai and Zhang, Yuanhong and Zhang, Weizhan and Zheng, Qinghua and Zhang, Jie},
  journal={IEEE Transactions on Neural Networks and Learning Systems},
  year={2024},
  publisher={IEEE}
}

@inproceedings{zhao2021distribution,
  title={Distribution-aware adaptive multi-bit quantization},
  author={Zhao, Sijie and Yue, Tao and Hu, Xuemei},
  booktitle={Proceedings of the IEEE/CVF Conference on Computer Vision and Pattern Recognition},
  pages={9281--9290},
  year={2021}
}

@article{zellers2018swag,
  title={Swag: A large-scale adversarial dataset for grounded commonsense inference},
  author={Zellers, Rowan and Bisk, Yonatan and Schwartz, Roy and Choi, Yejin},
  journal={arXiv preprint arXiv:1808.05326},
  year={2018}
}

@article{rajpurkar2016squad,
  title={Squad: 100,000+ questions for machine comprehension of text},
  author={Rajpurkar, Pranav and Zhang, Jian and Lopyrev, Konstantin and Liang, Percy},
  journal={arXiv preprint arXiv:1606.05250},
  year={2016}
}

@article{williams2017broad,
  title={A broad-coverage challenge corpus for sentence understanding through inference},
  author={Williams, Adina and Nangia, Nikita and Bowman, Samuel R},
  journal={arXiv preprint arXiv:1704.05426},
  year={2017}
}

@article{2019HAQ,
  title={HAQ: Hardware-Aware Automated Quantization With Mixed Precision},
  author={ Wang, Kuan  and  Liu, Zhijian  and  Lin, Yujun  and  Lin, Ji  and  Han, Song },
  year={2019},
}

@article{krizhevsky2017imagenet,
  title={ImageNet classification with deep convolutional neural networks},
  author={Krizhevsky, Alex and Sutskever, Ilya and Hinton, Geoffrey E},
  journal={Communications of the ACM},
  volume={60},
  number={6},
  pages={84--90},
  year={2017},
  publisher={AcM New York, NY, USA}
}

@article{2019HAWQ,
  title={HAWQ: Hessian AWare Quantization of Neural Networks with Mixed-Precision},
  author={ Dong, Z.  and  Yao, Z.  and  Gholami, A.  and  Mahoney, M.  and  Keutzer, K. },
  journal={IEEE},
  year={2019},
}
@inproceedings{he2016deep,
  title={Deep residual learning for image recognition},
  author={He, Kaiming and Zhang, Xiangyu and Ren, Shaoqing and Sun, Jian},
  booktitle={Proceedings of the IEEE conference on computer vision and pattern recognition},
  pages={770--778},
  year={2016}
}

@book{hartshorne2013algebraic,
  title={Algebraic geometry},
  author={Hartshorne, Robin},
  volume={52},
  year={2013},
  publisher={Springer Science \& Business Media}
}

@article{zhang2024fp,
  title={FP= xINT: A Low-Bit Series Expansion Algorithm for Post-Training Quantization},
  author={Zhang, Boyang and Cheng, Daning and Zhang, Yunquan and Liu, Fangmin},
  journal={arXiv preprint arXiv:2412.06865},
  year={2024}
}

@article{lou2019autoq,
  title={Autoq: Automated kernel-wise neural network quantization},
  author={Lou, Qian and Guo, Feng and Liu, Lantao and Kim, Minje and Jiang, Lei},
  journal={arXiv preprint arXiv:1902.05690},
  year={2019}
}

@article{wu2018mixed,
  title={Mixed precision quantization of convnets via differentiable neural architecture search},
  author={Wu, Bichen and Wang, Yanghan and Zhang, Peizhao and Tian, Yuandong and Vajda, Peter and Keutzer, Kurt},
  journal={arXiv preprint arXiv:1812.00090},
  year={2018}
}

@inproceedings{wang2019haq,
  title={Haq: Hardware-aware automated quantization with mixed precision},
  author={Wang, Kuan and Liu, Zhijian and Lin, Yujun and Lin, Ji and Han, Song},
  booktitle={Proceedings of the IEEE/CVF Conference on Computer Vision and Pattern Recognition},
  pages={8612--8620},
  year={2019}
}

@inproceedings{cai2020zeroq,
  title={Zeroq: A novel zero shot quantization framework},
  author={Cai, Yaohui and Yao, Zhewei and Dong, Zhen and Gholami, Amir and Mahoney, Michael W and Keutzer, Kurt},
  booktitle={Proceedings of the IEEE/CVF conference on computer vision and pattern recognition},
  pages={13169--13178},
  year={2020}
}

@article{dong2019hawq,
  title={Hawq-v2: Hessian aware trace-weighted quantization of neural networks},
  author={Dong, Zhen and Yao, Zhewei and Cai, Yaohui and Arfeen, Daiyaan and Gholami, Amir and Mahoney, Michael W and Keutzer, Kurt},
  journal={arXiv preprint arXiv:1911.03852},
  year={2019}
}

@article{2020HAWQV3,
  title={HAWQV3: Dyadic Neural Network Quantization},
  author={ Yao, Z.  and  Dong, Z.  and  Zheng, Z.  and  Gholami, A.  and  Keutzer, K. },
  year={2020},
}

@inproceedings{chen2021towards,
  title={Towards mixed-precision quantization of neural networks via constrained optimization},
  author={Chen, Weihan and Wang, Peisong and Cheng, Jian},
  booktitle={Proceedings of the IEEE/CVF International Conference on Computer Vision},
  pages={5350--5359},
  year={2021}
}

@inproceedings{tang2022mixed,
  title={Mixed-precision neural network quantization via learned layer-wise importance},
  author={Tang, Chen and Ouyang, Kai and Wang, Zhi and Zhu, Yifei and Ji, Wen and Wang, Yaowei and Zhu, Wenwu},
  booktitle={European Conference on Computer Vision},
  pages={259--275},
  year={2022},
  organization={Springer}
}

@inproceedings{zhang2018lq,
  title={Lq-nets: Learned quantization for highly accurate and compact deep neural networks},
  author={Zhang, Dongqing and Yang, Jiaolong and Ye, Dongqiangzi and Hua, Gang},
  booktitle={Proceedings of the European conference on computer vision (ECCV)},
  pages={365--382},
  year={2018}
}

@article{lin2017towards,
  title={Towards accurate binary convolutional neural network},
  author={Lin, Xiaofan and Zhao, Cong and Pan, Wei},
  journal={Advances in neural information processing systems},
  volume={30},
  year={2017}
}

@article{zhou2016dorefa,
  title={Dorefa-net: Training low bitwidth convolutional neural networks with low bitwidth gradients},
  author={Zhou, Shuchang and Wu, Yuxin and Ni, Zekun and Zhou, Xinyu and Wen, He and Zou, Yuheng},
  journal={arXiv preprint arXiv:1606.06160},
  year={2016}
}

@article{choi2018pact,
  title={Pact: Parameterized clipping activation for quantized neural networks},
  author={Choi, Jungwook and Wang, Zhuo and Venkataramani, Swagath and Chuang, Pierce I-Jen and Srinivasan, Vijayalakshmi and Gopalakrishnan, Kailash},
  journal={arXiv preprint arXiv:1805.06085},
  year={2018}
}

@article{han2015deep,
  title={Deep compression: Compressing deep neural networks with pruning, trained quantization and huffman coding},
  author={Han, Song and Mao, Huizi and Dally, William J},
  journal={arXiv preprint arXiv:1510.00149},
  year={2015}
}