@article{2019HAWQ,
  title={HAWQ: Hessian AWare Quantization of Neural Networks with Mixed-Precision},
  author={ Dong, Z.  and  Yao, Z.  and  Gholami, A.  and  Mahoney, M.  and  Keutzer, K. },
  journal={IEEE},
  year={2019},
}

@article{2020HAWQV3,
  title={HAWQV3: Dyadic Neural Network Quantization},
  author={ Yao, Z.  and  Dong, Z.  and  Zheng, Z.  and  Gholami, A.  and  Keutzer, K. },
  year={2020},
}

@inproceedings{cai2020zeroq,
  title={Zeroq: A novel zero shot quantization framework},
  author={Cai, Yaohui and Yao, Zhewei and Dong, Zhen and Gholami, Amir and Mahoney, Michael W and Keutzer, Kurt},
  booktitle={Proceedings of the IEEE/CVF conference on computer vision and pattern recognition},
  pages={13169--13178},
  year={2020}
}

@inproceedings{chen2021towards,
  title={Towards mixed-precision quantization of neural networks via constrained optimization},
  author={Chen, Weihan and Wang, Peisong and Cheng, Jian},
  booktitle={Proceedings of the IEEE/CVF International Conference on Computer Vision},
  pages={5350--5359},
  year={2021}
}

@article{dong2019hawq,
  title={Hawq-v2: Hessian aware trace-weighted quantization of neural networks},
  author={Dong, Zhen and Yao, Zhewei and Cai, Yaohui and Arfeen, Daiyaan and Gholami, Amir and Mahoney, Michael W and Keutzer, Kurt},
  journal={arXiv preprint arXiv:1911.03852},
  year={2019}
}

@article{lou2019autoq,
  title={Autoq: Automated kernel-wise neural network quantization},
  author={Lou, Qian and Guo, Feng and Liu, Lantao and Kim, Minje and Jiang, Lei},
  journal={arXiv preprint arXiv:1902.05690},
  year={2019}
}

@inproceedings{tang2022mixed,
  title={Mixed-precision neural network quantization via learned layer-wise importance},
  author={Tang, Chen and Ouyang, Kai and Wang, Zhi and Zhu, Yifei and Ji, Wen and Wang, Yaowei and Zhu, Wenwu},
  booktitle={European Conference on Computer Vision},
  pages={259--275},
  year={2022},
  organization={Springer}
}

@inproceedings{wang2019haq,
  title={Haq: Hardware-aware automated quantization with mixed precision},
  author={Wang, Kuan and Liu, Zhijian and Lin, Yujun and Lin, Ji and Han, Song},
  booktitle={Proceedings of the IEEE/CVF Conference on Computer Vision and Pattern Recognition},
  pages={8612--8620},
  year={2019}
}

@article{wu2018mixed,
  title={Mixed precision quantization of convnets via differentiable neural architecture search},
  author={Wu, Bichen and Wang, Yanghan and Zhang, Peizhao and Tian, Yuandong and Vajda, Peter and Keutzer, Kurt},
  journal={arXiv preprint arXiv:1812.00090},
  year={2018}
}

