@inproceedings{babenko2016efficient,
  title={Efficient indexing of billion-scale datasets of deep descriptors},
  author={Babenko, Artem and Lempitsky, Victor},
  booktitle={Proceedings of the IEEE Conference on Computer Vision and Pattern Recognition},
  pages={2055--2063},
  year={2016}
}

@inproceedings{ben2015approximate,
  title={Approximate nearest neighbor fields in video},
  author={Ben-Zrihem, Nir and Zelnik-Manor, Lihi},
  booktitle={Proceedings of the IEEE Conference on Computer Vision and Pattern Recognition},
  pages={5233--5242},
  year={2015}
}

@inproceedings{chen2022approximate,
  title={Approximate nearest neighbor search under neural similarity metric for large-scale recommendation},
  author={Chen, Rihan and Liu, Bin and Zhu, Han and Wang, Yaoxuan and Li, Qi and Ma, Buting and Hua, Qingbo and Jiang, Jun and Xu, Yunlong and Deng, Hongbo and others},
  booktitle={Proceedings of the 31st ACM International Conference on Information \& Knowledge Management},
  pages={3013--3022},
  year={2022}
}

@inproceedings{ferhatosmanoglu2001approximate,
  title={Approximate nearest neighbor searching in multimedia databases},
  author={Ferhatosmanoglu, Hakan and Tuncel, Ertem and Agrawal, Divyakant and El Abbadi, Amr},
  booktitle={Proceedings 17th International Conference on Data Engineering},
  pages={503--511},
  year={2001},
  organization={IEEE}
}

@article{friedman1977algorithm,
  title={An algorithm for finding best matches in logarithmic expected time},
  author={Friedman, Jerome H and Bentley, Jon Louis and Finkel, Raphael Ari},
  journal={ACM Transactions on Mathematical Software (TOMS)},
  volume={3},
  number={3},
  pages={209--226},
  year={1977},
  publisher={ACM New York, NY, USA}
}

@article{fu2016efanna,
  title={Efanna: An extremely fast approximate nearest neighbor search algorithm based on knn graph},
  author={Fu, Cong and Cai, Deng},
  journal={arXiv preprint arXiv:1609.07228},
  year={2016}
}

@inproceedings{he2017neural,
  title={Neural collaborative filtering},
  author={He, Xiangnan and Liao, Lizi and Zhang, Hanwang and Nie, Liqiang and Hu, Xia and Chua, Tat-Seng},
  booktitle={Proceedings of the 26th international conference on world wide web},
  pages={173--182},
  year={2017}
}

@inproceedings{indyk1998approximate,
  title={Approximate nearest neighbors: towards removing the curse of dimensionality},
  author={Indyk, Piotr and Motwani, Rajeev},
  booktitle={Proceedings of the thirtieth annual ACM symposium on Theory of computing},
  pages={604--613},
  year={1998}
}

@article{jayaram2019diskann,
  title={Diskann: Fast accurate billion-point nearest neighbor search on a single node},
  author={Jayaram Subramanya, Suhas and Devvrit, Fnu and Simhadri, Harsha Vardhan and Krishnawamy, Ravishankar and Kadekodi, Rohan},
  journal={Advances in Neural Information Processing Systems},
  volume={32},
  year={2019}
}

@article{ko2022survey,
  title={A survey of recommendation systems: recommendation models, techniques, and application fields},
  author={Ko, Hyeyoung and Lee, Suyeon and Park, Yoonseo and Choi, Anna},
  journal={Electronics},
  volume={11},
  number={1},
  pages={141},
  year={2022},
  publisher={MDPI}
}

@article{liu2004investigation,
  title={An investigation of practical approximate nearest neighbor algorithms},
  author={Liu, Ting and Moore, Andrew and Yang, Ke and Gray, Alexander},
  journal={Advances in neural information processing systems},
  volume={17},
  year={2004}
}

@article{malkov2014approximate,
  title={Approximate nearest neighbor algorithm based on navigable small world graphs},
  author={Malkov, Yury and Ponomarenko, Alexander and Logvinov, Andrey and Krylov, Vladimir},
  journal={Information Systems},
  volume={45},
  pages={61--68},
  year={2014},
  publisher={Elsevier}
}

@article{malkov2018efficient,
  title={Efficient and robust approximate nearest neighbor search using hierarchical navigable small world graphs},
  author={Malkov, Yu A and Yashunin, Dmitry A},
  journal={IEEE transactions on pattern analysis and machine intelligence},
  volume={42},
  number={4},
  pages={824--836},
  year={2018},
  publisher={IEEE}
}

@inproceedings{silpa2008optimised,
  title={Optimised KD-trees for fast image descriptor matching},
  author={Silpa-Anan, Chanop and Hartley, Richard},
  booktitle={2008 IEEE Conference on Computer Vision and Pattern Recognition},
  pages={1--8},
  year={2008},
  organization={IEEE}
}

@inproceedings{tan2020fast,
  title={Fast item ranking under neural network based measures},
  author={Tan, Shulong and Zhou, Zhixin and Xu, Zhaozhuo and Li, Ping},
  booktitle={Proceedings of the 13th International Conference on Web Search and Data Mining},
  pages={591--599},
  year={2020}
}

@inproceedings{wang2017irgan,
  title={Irgan: A minimax game for unifying generative and discriminative information retrieval models},
  author={Wang, Jun and Yu, Lantao and Zhang, Weinan and Gong, Yu and Xu, Yinghui and Wang, Benyou and Zhang, Peng and Zhang, Dell},
  booktitle={Proceedings of the 40th International ACM SIGIR conference on Research and Development in Information Retrieval},
  pages={515--524},
  year={2017}
}

@article{wang2021comprehensive,
  title={A comprehensive survey and experimental comparison of graph-based approximate nearest neighbor search},
  author={Wang, Mengzhao and Xu, Xiaoliang and Yue, Qiang and Wang, Yuxiang},
  journal={Proceedings of the VLDB Endowment},
  volume={14},
  number={11},
  pages={1964--1978},
  year={2021},
  publisher={VLDB Endowment}
}

@article{xue2019deep,
  title={Deep item-based collaborative filtering for top-n recommendation},
  author={Xue, Feng and He, Xiangnan and Wang, Xiang and Xu, Jiandong and Liu, Kai and Hong, Richang},
  journal={ACM Transactions on Information Systems (TOIS)},
  volume={37},
  number={3},
  pages={1--25},
  year={2019},
  publisher={ACM New York, NY, USA}
}

@inproceedings{yang2020mixed,
  title={Mixed negative sampling for learning two-tower neural networks in recommendations},
  author={Yang, Ji and Yi, Xinyang and Zhiyuan Cheng, Derek and Hong, Lichan and Li, Yang and Xiaoming Wang, Simon and Xu, Taibai and Chi, Ed H},
  booktitle={Companion proceedings of the web conference 2020},
  pages={441--447},
  year={2020}
}

@inproceedings{zhang2017hashtag,
  title={Hashtag recommendation for multimodal microblog using co-attention network},
  author={Zhang, Qi and Wang, Jiawen and Huang, Haoran and Huang, Xuanjing and Gong, Yeyun},
  booktitle={Proceedings of the 26th International Joint Conference on Artificial Intelligence},
  pages={3420--3426},
  year={2017}
}

@article{zhang2019deep,
  title={Deep learning based recommender system: A survey and new perspectives},
  author={Zhang, Shuai and Yao, Lina and Sun, Aixin and Tay, Yi},
  journal={ACM computing surveys (CSUR)},
  volume={52},
  number={1},
  pages={1--38},
  year={2019},
  publisher={ACM New York, NY, USA}
}

@article{zhang2020alleviating,
  title={Alleviating new user cold-start in user-based collaborative filtering via bipartite network},
  author={Zhang, Zhipeng and Dong, Mianxiong and Ota, Kaoru and Kudo, Yasuo},
  journal={IEEE Transactions on Computational Social Systems},
  volume={7},
  number={3},
  pages={672--685},
  year={2020},
  publisher={IEEE}
}

