@article{malkov2018efficient,
  title={Efficient and robust approximate nearest neighbor search using hierarchical navigable small world graphs},
  author={Malkov, Yu A and Yashunin, Dmitry A},
  journal={IEEE transactions on pattern analysis and machine intelligence},
  volume={42},
  number={4},
  pages={824--836},
  year={2018},
  publisher={IEEE}
}

@article{wang2021comprehensive,
  title={A comprehensive survey and experimental comparison of graph-based approximate nearest neighbor search},
  author={Wang, Mengzhao and Xu, Xiaoliang and Yue, Qiang and Wang, Yuxiang},
  journal={Proceedings of the VLDB Endowment},
  volume={14},
  number={11},
  pages={1964--1978},
  year={2021},
  publisher={VLDB Endowment}
}

@article{malkov2014approximate,
  title={Approximate nearest neighbor algorithm based on navigable small world graphs},
  author={Malkov, Yury and Ponomarenko, Alexander and Logvinov, Andrey and Krylov, Vladimir},
  journal={Information Systems},
  volume={45},
  pages={61--68},
  year={2014},
  publisher={Elsevier}
}

@inproceedings{covington2016deep,
  title={Deep neural networks for youtube recommendations},
  author={Covington, Paul and Adams, Jay and Sargin, Emre},
  booktitle={Proceedings of the 10th ACM conference on recommender systems},
  pages={191--198},
  year={2016}
}

@inproceedings{borisyuk2016casmos,
  title={CaSMoS: A framework for learning candidate selection models over structured queries and documents},
  author={Borisyuk, Fedor and Kenthapadi, Krishnaram and Stein, David and Zhao, Bo},
  booktitle={Proceedings of the 22nd ACM SIGKDD International Conference on Knowledge Discovery and Data Mining},
  pages={441--450},
  year={2016}
}

@inproceedings{eksombatchai2018pixie,
  title={Pixie: A system for recommending 3+ billion items to 200+ million users in real-time},
  author={Eksombatchai, Chantat and Jindal, Pranav and Liu, Jerry Zitao and Liu, Yuchen and Sharma, Rahul and Sugnet, Charles and Ulrich, Mark and Leskovec, Jure},
  booktitle={Proceedings of the 2018 world wide web conference},
  pages={1775--1784},
  year={2018}
}

@inproceedings{cheng2016wide,
  title={Wide \& deep learning for recommender systems},
  author={Cheng, Heng-Tze and Koc, Levent and Harmsen, Jeremiah and Shaked, Tal and Chandra, Tushar and Aradhye, Hrishi and Anderson, Glen and Corrado, Greg and Chai, Wei and Ispir, Mustafa and others},
  booktitle={Proceedings of the 1st workshop on deep learning for recommender systems},
  pages={7--10},
  year={2016}
}

@inproceedings{ma2020off,
  title={Off-policy learning in two-stage recommender systems},
  author={Ma, Jiaqi and Zhao, Zhe and Yi, Xinyang and Yang, Ji and Chen, Minmin and Tang, Jiaxi and Hong, Lichan and Chi, Ed H},
  booktitle={Proceedings of The Web Conference 2020},
  pages={463--473},
  year={2020}
}

@article{zhang2019deep,
  title={Deep learning based recommender system: A survey and new perspectives},
  author={Zhang, Shuai and Yao, Lina and Sun, Aixin and Tay, Yi},
  journal={ACM computing surveys (CSUR)},
  volume={52},
  number={1},
  pages={1--38},
  year={2019},
  publisher={ACM New York, NY, USA}
}

@inproceedings{he2017neural,
  title={Neural collaborative filtering},
  author={He, Xiangnan and Liao, Lizi and Zhang, Hanwang and Nie, Liqiang and Hu, Xia and Chua, Tat-Seng},
  booktitle={Proceedings of the 26th international conference on world wide web},
  pages={173--182},
  year={2017}
}

@inproceedings{zhang2017hashtag,
  title={Hashtag recommendation for multimodal microblog using co-attention network},
  author={Zhang, Qi and Wang, Jiawen and Huang, Haoran and Huang, Xuanjing and Gong, Yeyun},
  booktitle={Proceedings of the 26th International Joint Conference on Artificial Intelligence},
  pages={3420--3426},
  year={2017}
}

@inproceedings{wang2017irgan,
  title={Irgan: A minimax game for unifying generative and discriminative information retrieval models},
  author={Wang, Jun and Yu, Lantao and Zhang, Weinan and Gong, Yu and Xu, Yinghui and Wang, Benyou and Zhang, Peng and Zhang, Dell},
  booktitle={Proceedings of the 40th International ACM SIGIR conference on Research and Development in Information Retrieval},
  pages={515--524},
  year={2017}
}

@inproceedings{yang2020mixed,
  title={Mixed negative sampling for learning two-tower neural networks in recommendations},
  author={Yang, Ji and Yi, Xinyang and Zhiyuan Cheng, Derek and Hong, Lichan and Li, Yang and Xiaoming Wang, Simon and Xu, Taibai and Chi, Ed H},
  booktitle={Companion proceedings of the web conference 2020},
  pages={441--447},
  year={2020}
}

@article{ko2022survey,
  title={A survey of recommendation systems: recommendation models, techniques, and application fields},
  author={Ko, Hyeyoung and Lee, Suyeon and Park, Yoonseo and Choi, Anna},
  journal={Electronics},
  volume={11},
  number={1},
  pages={141},
  year={2022},
  publisher={MDPI}
}

@article{xue2019deep,
  title={Deep item-based collaborative filtering for top-n recommendation},
  author={Xue, Feng and He, Xiangnan and Wang, Xiang and Xu, Jiandong and Liu, Kai and Hong, Richang},
  journal={ACM Transactions on Information Systems (TOIS)},
  volume={37},
  number={3},
  pages={1--25},
  year={2019},
  publisher={ACM New York, NY, USA}
}

@article{zhang2020alleviating,
  title={Alleviating new user cold-start in user-based collaborative filtering via bipartite network},
  author={Zhang, Zhipeng and Dong, Mianxiong and Ota, Kaoru and Kudo, Yasuo},
  journal={IEEE Transactions on Computational Social Systems},
  volume={7},
  number={3},
  pages={672--685},
  year={2020},
  publisher={IEEE}
}

@inproceedings{ferhatosmanoglu2001approximate,
  title={Approximate nearest neighbor searching in multimedia databases},
  author={Ferhatosmanoglu, Hakan and Tuncel, Ertem and Agrawal, Divyakant and El Abbadi, Amr},
  booktitle={Proceedings 17th International Conference on Data Engineering},
  pages={503--511},
  year={2001},
  organization={IEEE}
}

@inproceedings{ben2015approximate,
  title={Approximate nearest neighbor fields in video},
  author={Ben-Zrihem, Nir and Zelnik-Manor, Lihi},
  booktitle={Proceedings of the IEEE Conference on Computer Vision and Pattern Recognition},
  pages={5233--5242},
  year={2015}
}

@article{liu2004investigation,
  title={An investigation of practical approximate nearest neighbor algorithms},
  author={Liu, Ting and Moore, Andrew and Yang, Ke and Gray, Alexander},
  journal={Advances in neural information processing systems},
  volume={17},
  year={2004}
}

@article{friedman1977algorithm,
  title={An algorithm for finding best matches in logarithmic expected time},
  author={Friedman, Jerome H and Bentley, Jon Louis and Finkel, Raphael Ari},
  journal={ACM Transactions on Mathematical Software (TOMS)},
  volume={3},
  number={3},
  pages={209--226},
  year={1977},
  publisher={ACM New York, NY, USA}
}

@inproceedings{silpa2008optimised,
  title={Optimised KD-trees for fast image descriptor matching},
  author={Silpa-Anan, Chanop and Hartley, Richard},
  booktitle={2008 IEEE Conference on Computer Vision and Pattern Recognition},
  pages={1--8},
  year={2008},
  organization={IEEE}
}

@inproceedings{indyk1998approximate,
  title={Approximate nearest neighbors: towards removing the curse of dimensionality},
  author={Indyk, Piotr and Motwani, Rajeev},
  booktitle={Proceedings of the thirtieth annual ACM symposium on Theory of computing},
  pages={604--613},
  year={1998}
}

@inproceedings{gionis1999similarity,
  title={Similarity Search in High Dimensions via Hashing},
  author={Gionis, Aristides and Indyk, Piotr and Motwani, Rajeev},
  booktitle={Proceedings of the 25th International Conference on Very Large Data Bases},
  pages={518--529},
  year={1999}
}

@article{fu2016efanna,
  title={Efanna: An extremely fast approximate nearest neighbor search algorithm based on knn graph},
  author={Fu, Cong and Cai, Deng},
  journal={arXiv preprint arXiv:1609.07228},
  year={2016}
}

@article{jayaram2019diskann,
  title={Diskann: Fast accurate billion-point nearest neighbor search on a single node},
  author={Jayaram Subramanya, Suhas and Devvrit, Fnu and Simhadri, Harsha Vardhan and Krishnawamy, Ravishankar and Kadekodi, Rohan},
  journal={Advances in Neural Information Processing Systems},
  volume={32},
  year={2019}
}

@inproceedings{babenko2016efficient,
  title={Efficient indexing of billion-scale datasets of deep descriptors},
  author={Babenko, Artem and Lempitsky, Victor},
  booktitle={Proceedings of the IEEE Conference on Computer Vision and Pattern Recognition},
  pages={2055--2063},
  year={2016}
}

@inproceedings{niu2021dnnfusion,
  title={Dnnfusion: accelerating deep neural networks execution with advanced operator fusion},
  author={Niu, Wei and Guan, Jiexiong and Wang, Yanzhi and Agrawal, Gagan and Ren, Bin},
  booktitle={Proceedings of the 42nd ACM SIGPLAN International Conference on Programming Language Design and Implementation},
  pages={883--898},
  year={2021}
}

@inproceedings{chen2022approximate,
  title={Approximate nearest neighbor search under neural similarity metric for large-scale recommendation},
  author={Chen, Rihan and Liu, Bin and Zhu, Han and Wang, Yaoxuan and Li, Qi and Ma, Buting and Hua, Qingbo and Jiang, Jun and Xu, Yunlong and Deng, Hongbo and others},
  booktitle={Proceedings of the 31st ACM International Conference on Information \& Knowledge Management},
  pages={3013--3022},
  year={2022}
}

@article{wu2022survey,
  title={A survey on accuracy-oriented neural recommendation: From collaborative filtering to information-rich recommendation},
  author={Wu, Le and He, Xiangnan and Wang, Xiang and Zhang, Kun and Wang, Meng},
  journal={IEEE Transactions on Knowledge and Data Engineering},
  volume={35},
  number={5},
  pages={4425--4445},
  year={2022},
  publisher={IEEE}
}

@inproceedings{tan2020fast,
  title={Fast item ranking under neural network based measures},
  author={Tan, Shulong and Zhou, Zhixin and Xu, Zhaozhuo and Li, Ping},
  booktitle={Proceedings of the 13th International Conference on Web Search and Data Mining},
  pages={591--599},
  year={2020}
}

@inproceedings{dehghani2017neural,
  title={Neural ranking models with weak supervision},
  author={Dehghani, Mostafa and Zamani, Hamed and Severyn, Aliaksei and Kamps, Jaap and Croft, W Bruce},
  booktitle={Proceedings of the 40th international ACM SIGIR conference on research and development in information retrieval},
  pages={65--74},
  year={2017}
}

@inproceedings{tay2018latent,
  title={Latent relational metric learning via memory-based attention for collaborative ranking},
  author={Tay, Yi and Anh Tuan, Luu and Hui, Siu Cheung},
  booktitle={Proceedings of the 2018 world wide web conference},
  pages={729--739},
  year={2018}
}

@article{li2019approximate,
  title={Approximate nearest neighbor search on high dimensional data—experiments, analyses, and improvement},
  author={Li, Wen and Zhang, Ying and Sun, Yifang and Wang, Wei and Li, Mingjie and Zhang, Wenjie and Lin, Xuemin},
  journal={IEEE Transactions on Knowledge and Data Engineering},
  volume={32},
  number={8},
  pages={1475--1488},
  year={2019},
  publisher={IEEE}
}

@inproceedings{lang2021architecture,
  title={Architecture and operation adaptive network for online recommendations},
  author={Lang, Lang and Zhu, Zhenlong and Liu, Xuanye and Zhao, Jianxin and Xu, Jixing and Shan, Minghui},
  booktitle={Proceedings of the 27th ACM SIGKDD Conference on Knowledge Discovery \& Data Mining},
  pages={3139--3149},
  year={2021}
}

@inproceedings{liu2021jizhi,
  title={Jizhi: A fast and cost-effective model-as-a-service system for web-scale online inference at baidu},
  author={Liu, Hao and Gao, Qian and Li, Jiang and Liao, Xiaochao and Xiong, Hao and Chen, Guangxing and Wang, Wenlin and Yang, Guobao and Zha, Zhiwei and Dong, Daxiang and others},
  booktitle={Proceedings of the 27th ACM SIGKDD Conference on Knowledge Discovery \& Data Mining},
  pages={3289--3298},
  year={2021}
}

@inproceedings{el2016klap,
  title={KLAP: Kernel launch aggregation and promotion for optimizing dynamic parallelism},
  author={El Hajj, Izzat and G{\'o}mez-Luna, Juan and Li, Cheng and Chang, Li-Wen and Milojicic, Dejan and Hwu, Wen-mei},
  booktitle={2016 49th Annual IEEE/ACM International Symposium on Microarchitecture (MICRO)},
  pages={1--12},
  year={2016},
  organization={IEEE}
}

@inproceedings{wang2014characterization,
  title={Characterization and analysis of dynamic parallelism in unstructured GPU applications},
  author={Wang, Jin and Yalamanchili, Sudhakar},
  booktitle={2014 IEEE International Symposium on Workload Characterization (IISWC)},
  pages={51--60},
  year={2014},
  organization={IEEE}
}

@article{batmaz2019review,
  title={A review on deep learning for recommender systems: challenges and remedies},
  author={Batmaz, Zeynep and Yurekli, Ali and Bilge, Alper and Kaleli, Cihan},
  journal={Artificial Intelligence Review},
  volume={52},
  pages={1--37},
  year={2019},
  publisher={Springer}
}

@inproceedings{zhu2018learning,
  title={Learning tree-based deep model for recommender systems},
  author={Zhu, Han and Li, Xiang and Zhang, Pengye and Li, Guozheng and He, Jie and Li, Han and Gai, Kun},
  booktitle={Proceedings of the 24th ACM SIGKDD international conference on knowledge discovery \& data mining},
  pages={1079--1088},
  year={2018}
}

@inproceedings{liu2022lion,
  title={Lion: A GPU-accelerated online serving system for web-scale recommendation at Baidu},
  author={Liu, Hao and Gao, Qian and Liao, Xiaochao and Chen, Guangxing and Xiong, Hao and Ren, Silin and Yang, Guobao and Zha, Zhiwei},
  booktitle={Proceedings of the 28th ACM SIGKDD Conference on Knowledge Discovery and Data Mining},
  pages={3388--3397},
  year={2022}
}

@inproceedings{ootomo2024cagra,
  title={Cagra: Highly parallel graph construction and approximate nearest neighbor search for gpus},
  author={Ootomo, Hiroyuki and Naruse, Akira and Nolet, Corey and Wang, Ray and Feher, Tamas and Wang, Yong},
  booktitle={2024 IEEE 40th International Conference on Data Engineering (ICDE)},
  pages={4236--4247},
  year={2024},
  organization={IEEE}
}

@inproceedings{pan2023recom,
  title={Recom: A compiler approach to accelerating recommendation model inference with massive embedding columns},
  author={Pan, Zaifeng and Zheng, Zhen and Zhang, Feng and Wu, Ruofan and Liang, Hao and Wang, Dalin and Qiu, Xiafei and Bai, Junjie and Lin, Wei and Du, Xiaoyong},
  booktitle={Proceedings of the 28th ACM International Conference on Architectural Support for Programming Languages and Operating Systems, Volume 4},
  pages={268--286},
  year={2023}
}