@inproceedings{achille2019task2vec,
  title={Task2vec: Task embedding for meta-learning},
  author={Achille, Alessandro and Lam, Michael and Tewari, Rahul and Ravichandran, Avinash and Maji, Subhransu and Fowlkes, Charless C and Soatto, Stefano and Perona, Pietro},
  booktitle=CVPR,
  year={2019}
}

@inproceedings{bao2019information,
  title={An information-theoretic approach to transferability in task transfer learning},
  author={Bao, Yajie and Li, Yang and Huang, Shao-Lun and Zhang, Lin and Zheng, Lizhong and Zamir, Amir and Guibas, Leonidas},
  booktitle=ICIP,
  year={2019}
}

@article{bell2022effect,
  title={The effect of task ordering in continual learning},
  author={Bell, Samuel J and Lawrence, Neil D},
  journal={arXiv preprint arXiv:2205.13323},
  year={2022}
}

@inproceedings{bellitto2024saliency,
  title={Saliency-driven experience replay for continual learning},
  author={Bellitto, Giovanni and Salanitri, Federica Proietto and Pennisi, Matteo and Boschini, Matteo and Bonicelli, Lorenzo and Porrello, Angelo and Calderara, Simone and Palazzo, Simone and Spampinato, Concetto},
  booktitle=NIPS,
  year={2024}
}

@inproceedings{bian2024make,
  title={Make continual learning stronger via {C-Flat}},
  author={Bian, Ang and Li, Wei and Yuan, Hangjie and Yu, Chengrong and Zhao, Zixiang and Wang, Mang and Lu, Aojun and Feng, Tao},
  booktitle=NIPS,
  year={2024}
}

@inproceedings{buzzega2020dark,
  title={Dark experience for general continual learning: a strong, simple baseline},
  author={Buzzega, Pietro and Boschini, Matteo and Porrello, Angelo and Abati, Davide and Calderara, Simone},
  booktitle=NIPS,
  year={2020}
}

@inproceedings{caccia2022anytime,
  title={On anytime learning at macroscale},
  author={Caccia, Lucas and Xu, Jing and Ott, Myle and Ranzato, Marcaurelio and Denoyer, Ludovic},
  booktitle={CoLLAs},
  year={2022}
}

@inproceedings{chaudhry2019tiny,
  title={On tiny episodic memories in continual learning},
  author={Chaudhry, Arslan and Rohrbach, Marcus and Elhoseiny, Mohamed and Ajanthan, Thalaiyasingam and Dokania, Puneet K and Torr, Philip HS and Ranzato, Marc'Aurelio},
  booktitle=ICMLw,
  year={2019},
}

@inproceedings{chen2023forgetting,
  title={Is forgetting less a good inductive bias for forward transfer?},
  author={Chen, Jiefeng and Nguyen, Timothy and Gorur, Dilan and Chaudhry, Arslan},
  booktitle=ICLR,
  year={2023}
}

@inproceedings{farajtabar2020orthogonal,
  title={Orthogonal gradient descent for continual learning},
  author={Farajtabar, Mehrdad and Azizan, Navid and Mott, Alex and Li, Ang},
  booktitle=AISTATS,
  year={2020},
}

@inproceedings{gholami2023etran,
  title={{ETran}: Energy-Based Transferability Estimation},
  author={Gholami, Mohsen and Akbari, Mohammad and Wang, Xinglu and Kamranian, Behnam and Zhang, Yong},
  booktitle=ICCV,
  year={2023}
}

@article{hai2024continual,
  title={Continual variational dropout: a view of auxiliary local variables in continual learning},
  author={Hai, Nam Le and Nguyen, Trang and Van, Linh Ngo and Nguyen, Thien Huu and Than, Khoat},
  journal={Machine Learning},
  year={2024}
}

@inproceedings{huang2022frustratingly,
  title={Frustratingly easy transferability estimation},
  author={Huang, Long-Kai and Huang, Junzhou and Rong, Yu and Yang, Qiang and Wei, Ying},
  booktitle=ICML,
  year={2022}
}

@inproceedings{li2021ranking,
  title={Ranking neural checkpoints},
  author={Li, Yandong and Jia, Xuhui and Sang, Ruoxin and Zhu, Yukun and Green, Bradley and Wang, Liqiang and Gong, Boqing},
  booktitle=CVPR,
  year={2021}
}

@inproceedings{li2023exploring,
  title={Exploring model transferability through the lens of potential energy},
  author={Li, Xiaotong and Hu, Zixuan and Ge, Yixiao and Shan, Ying and Duan, Ling-Yu},
  booktitle=ICCV,
  year={2023}
}

@inproceedings{lin2022beyond,
  title={Beyond not-forgetting: Continual learning with backward knowledge transfer},
  author={Lin, Sen and Yang, Li and Fan, Deliang and Zhang, Junshan},
  booktitle=NIPS,
  year={2022}
}

@inproceedings{lopez2017gradient,
  title={Gradient episodic memory for continual learning},
  author={Lopez-Paz, David and Ranzato, Marc'Aurelio},
  booktitle=NIPS,
  year={2017}
}

@inproceedings{mallya2018packnet,
  title={{PackNet}: Adding multiple tasks to a single network by iterative pruning},
  author={Mallya, Arun and Lazebnik, Svetlana},
  booktitle=CVPR,
  year={2018}
}

@article{mccloskey1989catastrophic,
  title={Catastrophic interference in connectionist networks: The sequential learning problem},
  author={McCloskey, Michael and Cohen, Neal J},
  journal={Psychology of Learning and Motivation},
  volume={24},
  pages={109--165},
  year={1989},
  publisher={Elsevier}
}

@inproceedings{nguyen2020leep,
  title={{LEEP}: A new measure to evaluate transferability of learned representations},
  author={Nguyen, Cuong V and Hassner, Tal and Seeger, Matthias and Archambeau, Cedric},
  booktitle=ICML,
  year={2020}
}

@incollection{nguyen2024lifelong,
  title={{Lifelong learning for deep neural networks with Bayesian principles}},
  author={Nguyen, Cuong V and Swaroop, Siddharth and Bui, Thang D and Li, Yingzhen and Turner, Richard E},
  booktitle={Towards Human Brain Inspired Lifelong Learning},
  pages={51--72},
  year={2024},
  publisher={World Scientific}
}

@inproceedings{pandy2022transferability,
  title={{Transferability estimation using Bhattacharyya class separability}},
  author={P{\'a}ndy, Michal and Agostinelli, Andrea and Uijlings, Jasper and Ferrari, Vittorio and Mensink, Thomas},
  booktitle=CVPR,
  year={2022}
}

@inproceedings{prado2022theory,
  title={A theory for knowledge transfer in continual learning},
  author={Prado, Diana Benavides and Riddle, Patricia},
  booktitle=CoLLAs,
  year={2022}
}

@inproceedings{raghavan2021formalizing,
  title={Formalizing the generalization-forgetting trade-off in continual learning},
  author={Raghavan, Krishnan and Balaprakash, Prasanna},
  booktitle=NIPS,
  year={2021}
}

@phdthesis{ring1994continual,
  title={Continual learning in reinforcement environments},
  author={Ring, Mark Bishop},
  year={1994},
  school={University of Texas at Austin},
  type={PhD thesis}
}

@inproceedings{snell2017prototypical,
  title={Prototypical networks for few-shot learning},
  author={Snell, Jake and Swersky, Kevin and Zemel, Richard},
  booktitle=NIPS,
  year={2017}
}

@inproceedings{tan2021otce,
  title={{OTCE}: A transferability metric for cross-domain cross-task representations},
  author={Tan, Yang and Li, Yang and Huang, Shao-Lun},
  booktitle=CVPR,
  year={2021}
}

@inproceedings{tang2025mind,
  title={Mind the interference: Retaining pre-trained knowledge in parameter efficient continual learning of vision-language models},
  author={Tang, Longxiang and Tian, Zhuotao and Li, Kai and He, Chunming and Zhou, Hantao and Zhao, Hengshuang and Li, Xiu and Jia, Jiaya},
  booktitle=ECCV,
  year={2024}
}

@article{thrun1995lifelong,
  title={A lifelong learning perspective for mobile robot control},
  author={Thrun, Sebastian},
  journal={Intelligent Robots and Systems},
  pages={201--214},
  year={1995}
}

@inproceedings{tran2019transferability,
  title={Transferability and hardness of supervised classification tasks},
  author={Tran, Anh T and Nguyen, Cuong V and Hassner, Tal},
  booktitle=ICCV,
  year={2019}
}

@inproceedings{vinyals2016matching,
  title={Matching networks for one shot learning},
  author={Vinyals, Oriol and Blundell, Charles and Lillicrap, Timothy and Kavukcuoglu, Koray and Wierstra, Daan},
  booktitle=NIPS,
  year={2016}
}

@inproceedings{wan2022continual,
  title={Continual learning for visual search with backward consistent feature embedding},
  author={Wan, Timmy ST and Chen, Jun-Cheng and Wu, Tzer-Yi and Chen, Chu-Song},
  booktitle=CVPR,
  year={2022}
}

@inproceedings{xu2023fast,
  title={Fast and Accurate Transferability Measurement by Evaluating Intra-class Feature Variance},
  author={Xu, Huiwen and Kang, U},
  booktitle=ICCV,
  year={2023}
}

@inproceedings{yang2023pick,
  title={Pick the best pre-trained model: Towards transferability estimation for medical image segmentation},
  author={Yang, Yuncheng and Wei, Meng and He, Junjun and Yang, Jie and Ye, Jin and Gu, Yun},
  booktitle={MICCAI},
  year={2023}
}

@article{yin2020optimization,
  title={Optimization and generalization of regularization-based continual learning: a loss approximation viewpoint},
  author={Yin, Dong and Farajtabar, Mehrdad and Li, Ang and Levine, Nir and Mott, Alex},
  journal={arXiv preprint arXiv:2006.10974},
  year={2021}
}

@inproceedings{yoon2017lifelong,
  title={Lifelong learning with dynamically expandable networks},
  author={Yoon, Jaehong and Yang, Eunho and Lee, Jeongtae and Hwang, Sung Ju},
  booktitle=ICLR,
  year={2018}
}

@inproceedings{you2021logme,
  title={{LogME}: Practical assessment of pre-trained models for transfer learning},
  author={You, Kaichao and Liu, Yong and Wang, Jianmin and Long, Mingsheng},
  booktitle=ICML,
  year={2021}
}

