@String(PAMI = {IEEE Trans. Pattern Anal. Mach. Intell.})
@String(IJCV = {Int. J. Comput. Vis.})
@String(CVPR= {IEEE Conf. Comput. Vis. Pattern Recog.})
@String(ICCV= {Int. Conf. Comput. Vis.})
@String(ECCV= {Eur. Conf. Comput. Vis.})
@String(NIPS= {Adv. Neural Inform. Process. Syst.})
@String(ICPR = {Int. Conf. Pattern Recog.})
@String(BMVC= {Brit. Mach. Vis. Conf.})
@String(TOG= {ACM Trans. Graph.})
@String(TIP  = {IEEE Trans. Image Process.})
@String(TVCG  = {IEEE Trans. Vis. Comput. Graph.})
@String(TMM  = {IEEE Trans. Multimedia})
@String(ACMMM= {ACM Int. Conf. Multimedia})
@String(ICME = {Int. Conf. Multimedia and Expo})
@String(ICASSP=	{ICASSP})
@String(ICIP = {IEEE Int. Conf. Image Process.})
@String(CoLLAs = {Conf. on Lifelong Learning Agents})
@String(ACCV  = {Asian Conf. Comput. Vis.})
@String(ICLR = {Int. Conf. Learn. Represent.})
@String(IJCAI = {IJCAI})
@String(PR   = {Pattern Recognition})
@String(AAAI = {AAAI})
@String(CVPRW= {IEEE Conf. Comput. Vis. Pattern Recog. Worksh.})
@String(CSVT = {IEEE Trans. Circuit Syst. Video Technol.})
@String(ICML = {Int. Conf. Mach. Learn.})
@String(SPL	= {IEEE Sign. Process. Letters})
@String(VR   = {Vis. Res.})
@String(JOV	 = {J. Vis.})
@String(TVC  = {The Vis. Comput.})
@String(JCST  = {J. Comput. Sci. Tech.})
@String(CGF  = {Comput. Graph. Forum})
@String(CVM = {Computational Visual Media})
@String(PNAS = {Proceeding of National Academy of Sci.})

@String(PAMI = {TPAMI})
@String(IJCV = {IJCV})
@String(CVPR = {CVPR})
@String(CoLLAs = {CoLLAs})
@String(UAI = {UAI})
@String(AISTATS = {AISTATS})
@String(ICCV = {ICCV})
@String(ECCV = {ECCV})
@String(NIPS = {NeurIPS})
@String(ICPR = {ICPR})
@String(BMVC =	{BMVC})
@String(TOG = {ACM TOG})
@String(TIP = {IEEE TIP})
@String(TVCG = {IEEE TVCG})
@String(TCSVT = {IEEE TCSVT})
@String(TMM = {IEEE TMM})
@String(ACMMM = {ACM MM})
@String(ICME = {ICME})
@String(ICASSP = {ICASSP})
@String(ICIP = {ICIP})
@String(ACCV = {ACCV})
@String(ICLR = {ICLR})
@String(IJCAI = {IJCAI})
@String(PR = {PR})
@String(AAAI = {AAAI})
@String(CVPRW = {CVPR Workshops})
@String(ICCVW = {ICCV Workshops})
@String(CSVT = {IEEE TCSVT})
@String(ICML = {ICML})
@String(ICMLw = {ICML Workshops})
@String(NIPSw = {NeurIPS Workshops})
@String(PNAS = {PNAS})



@inproceedings{achille2019task2vec,
  title={Task2vec: Task embedding for meta-learning},
  author={Achille, Alessandro and Lam, Michael and Tewari, Rahul and Ravichandran, Avinash and Maji, Subhransu and Fowlkes, Charless C and Soatto, Stefano and Perona, Pietro},
  booktitle=CVPR,
  year={2019}
}

@inproceedings{agostinelli2022stable,
  title={How stable are transferability metrics evaluations?},
  author={Agostinelli, Andrea and P{\'a}ndy, Michal and Uijlings, Jasper and Mensink, Thomas and Ferrari, Vittorio},
  booktitle=ECCV,
  year={2022}
}

@inproceedings{bao2019information,
  title={An information-theoretic approach to transferability in task transfer learning},
  author={Bao, Yajie and Li, Yang and Huang, Shao-Lun and Zhang, Lin and Zheng, Lizhong and Zamir, Amir and Guibas, Leonidas},
  booktitle=ICIP,
  year={2019}
}

@article{bell2022effect,
  title={The effect of task ordering in continual learning},
  author={Bell, Samuel J and Lawrence, Neil D},
  journal={arXiv preprint arXiv:2205.13323},
  year={2022}
}

@article{boschini2022class,
  title={Class-incremental continual learning into the extended der-verse},
  author={Boschini, Matteo and Bonicelli, Lorenzo and Buzzega, Pietro and Porrello, Angelo and Calderara, Simone},
  journal=PAMI,
  year={2022}
}

@article{bottou1998online,
  title={Online algorithms and stochastic approximations},
  author={Bottou, L{\'e}on},
  journal={Online learning in neural networks},
  year={1998},
  publisher={Cambridge University Press}
}

@inproceedings{buzzega2020dark,
  title={Dark experience for general continual learning: a strong, simple baseline},
  author={Buzzega, Pietro and Boschini, Matteo and Porrello, Angelo and Abati, Davide and Calderara, Simone},
  booktitle=NIPS,
  year={2020}
}

@inproceedings{caccia2022anytime,
  title={On anytime learning at macroscale},
  author={Caccia, Lucas and Xu, Jing and Ott, Myle and Ranzato, Marcaurelio and Denoyer, Ludovic},
  booktitle={CoLLAs},
  year={2022}
}

@inproceedings{carta2023comprehensive,
  title={A comprehensive empirical evaluation on online continual learning},
  author={Carta, Antonio and Cossu, Andrea and Hurtado, Julio and Lomonaco, Vincenzo and Van de Weijer, Joost and Hemati, Hamed and others},
  booktitle=ICCVW,
  year={2023}
}

@inproceedings{chaudhry2018efficient,
  title={Efficient lifelong learning with {A-GEM}},
  author={Chaudhry, Arslan and Ranzato, Marc'Aurelio and Rohrbach, Marcus and Elhoseiny, Mohamed},
  booktitle=ICLR,
  year={2019}
}

@inproceedings{chaudhry2019tiny,
  title={On tiny episodic memories in continual learning},
  author={Chaudhry, Arslan and Rohrbach, Marcus and Elhoseiny, Mohamed and Ajanthan, Thalaiyasingam and Dokania, Puneet K and Torr, Philip HS and Ranzato, Marc'Aurelio},
  booktitle=ICMLw,
  year={2019},
}

@inproceedings{chen2023forgetting,
  title={Is forgetting less a good inductive bias for forward transfer?},
  author={Chen, Jiefeng and Nguyen, Timothy and Gorur, Dilan and Chaudhry, Arslan},
  booktitle=ICLR,
  year={2023}
}

@article{de2021continual,
  title={A continual learning survey: Defying forgetting in classification tasks},
  author={De Lange, Matthias and Aljundi, Rahaf and Masana, Marc and Parisot, Sarah and Jia, Xu and Leonardis, Ale{\v{s}} and Slabaugh, Gregory and Tuytelaars, Tinne},
  journal=PAMI,
  year={2021}
}

@inproceedings{diethe2019continual,
  title={Continual learning in practice},
  author={Diethe, Tom and Borchert, Tom and Thereska, Eno and Balle, Borja and Lawrence, Neil},
  booktitle=NIPSw,
  year={2018}
}

@inproceedings{farajtabar2020orthogonal,
  title={Orthogonal gradient descent for continual learning},
  author={Farajtabar, Mehrdad and Azizan, Navid and Mott, Alex and Li, Ang},
  booktitle=AISTATS,
  year={2020},
}

@inproceedings{gholami2023etran,
  title={{ETran}: Energy-Based Transferability Estimation},
  author={Gholami, Mohsen and Akbari, Mohammad and Wang, Xinglu and Kamranian, Behnam and Zhang, Yong},
  booktitle=ICCV,
  year={2023}
}

@article{hayes2021replay,
  title={Replay in deep learning: Current approaches and missing biological elements},
  author={Hayes, Tyler L and Krishnan, Giri P and Bazhenov, Maxim and Siegelmann, Hava T and Sejnowski, Terrence J and Kanan, Christopher},
  journal={Neural Computation},
  year={2021}
}

@inproceedings{he2016deep,
  title={Deep residual learning for image recognition},
  author={He, Kaiming and Zhang, Xiangyu and Ren, Shaoqing and Sun, Jian},
  booktitle=CVPR,
  year={2016}
}

@inproceedings{huang2022frustratingly,
  title={Frustratingly easy transferability estimation},
  author={Huang, Long-Kai and Huang, Junzhou and Rong, Yu and Yang, Qiang and Wei, Ying},
  booktitle=ICML,
  year={2022}
}

@article{kirkpatrick2017overcoming,
  title={Overcoming catastrophic forgetting in neural networks},
  author={Kirkpatrick, James and Pascanu, Razvan and Rabinowitz, Neil and Veness, Joel and Desjardins, Guillaume and Rusu, Andrei A and Milan, Kieran and Quan, John and Ramalho, Tiago and Grabska-Barwinska, Agnieszka and others},
  journal=PNAS,
  year={2017}
}

@inproceedings{knoblauch2020optimal,
  title={Optimal continual learning has perfect memory and is {NP}-hard},
  author={Knoblauch, Jeremias and Husain, Hisham and Diethe, Tom},
  booktitle=ICML,
  year={2020}
}

@phdthesis{krizhevsky2009learning,
  title={Learning multiple layers of features from tiny images},
  author={Krizhevsky, Alex},
  year={2009},
  school={University of Toronto},
  type={Master's thesis} 
}

@inproceedings{bellitto2024saliency,
  title={Saliency-driven experience replay for continual learning},
  author={Bellitto, Giovanni and Salanitri, Federica Proietto and Pennisi, Matteo and Boschini, Matteo and Bonicelli, Lorenzo and Porrello, Angelo and Calderara, Simone and Palazzo, Simone and Spampinato, Concetto},
  booktitle=NIPS,
  year={2024}
}

@inproceedings{tang2025mind,
  title={Mind the interference: Retaining pre-trained knowledge in parameter efficient continual learning of vision-language models},
  author={Tang, Longxiang and Tian, Zhuotao and Li, Kai and He, Chunming and Zhou, Hantao and Zhao, Hengshuang and Li, Xiu and Jia, Jiaya},
  booktitle=ECCV,
  year={2024}
}

@article{hai2024continual,
  title={Continual variational dropout: a view of auxiliary local variables in continual learning},
  author={Hai, Nam Le and Nguyen, Trang and Van, Linh Ngo and Nguyen, Thien Huu and Than, Khoat},
  journal={Machine Learning},
  year={2024}
}

@inproceedings{yang2023pick,
  title={Pick the best pre-trained model: Towards transferability estimation for medical image segmentation},
  author={Yang, Yuncheng and Wei, Meng and He, Junjun and Yang, Jie and Ye, Jin and Gu, Yun},
  booktitle={MICCAI},
  year={2023}
}

@inproceedings{bian2024make,
  title={Make continual learning stronger via {C-Flat}},
  author={Bian, Ang and Li, Wei and Yuan, Hangjie and Yu, Chengrong and Zhao, Zixiang and Wang, Mang and Lu, Aojun and Feng, Tao},
  booktitle=NIPS,
  year={2024}
}

@inproceedings{li2021ranking,
  title={Ranking neural checkpoints},
  author={Li, Yandong and Jia, Xuhui and Sang, Ruoxin and Zhu, Yukun and Green, Bradley and Wang, Liqiang and Gong, Boqing},
  booktitle=CVPR,
  year={2021}
}

@inproceedings{li2023exploring,
  title={Exploring model transferability through the lens of potential energy},
  author={Li, Xiaotong and Hu, Zixuan and Ge, Yixiao and Shan, Ying and Duan, Ling-Yu},
  booktitle=ICCV,
  year={2023}
}

@inproceedings{lin2022beyond,
  title={Beyond not-forgetting: Continual learning with backward knowledge transfer},
  author={Lin, Sen and Yang, Li and Fan, Deliang and Zhang, Junshan},
  booktitle=NIPS,
  year={2022}
}

@inproceedings{lin2023theory,
  title={Theory on Forgetting and Generalization of Continual Learning},
  author={Lin, Sen and Ju, Peizhong and Liang, Yingbin and Shroff, Ness},
  booktitle=ICML,
  year={2023}
}

@inproceedings{lopez2017gradient,
  title={Gradient episodic memory for continual learning},
  author={Lopez-Paz, David and Ranzato, Marc'Aurelio},
  booktitle=NIPS,
  year={2017}
}

@inproceedings{mahdisoltani2018more,
  title={The more fine-grained, the better for transfer learning},
  author={Mahdisoltani, Farzaneh and Berger, Guillaume and Gharbieh, Waseem and Memisevic, Roland and Fleet, David},
  booktitle=NIPSw,
  year={2018}
}

@inproceedings{mallya2018packnet,
  title={{PackNet}: Adding multiple tasks to a single network by iterative pruning},
  author={Mallya, Arun and Lazebnik, Svetlana},
  booktitle=CVPR,
  year={2018}
}

@inproceedings{mallya2018piggyback,
  title={Piggyback: Adapting a single network to multiple tasks by learning to mask weights},
  author={Mallya, Arun and Davis, Dillon and Lazebnik, Svetlana},
  booktitle=ECCV,
  year={2018}
}

@article{masana2022class,
  title={Class-incremental learning: Survey and performance evaluation on image classification},
  author={Masana, Marc and Liu, Xialei and Twardowski, Bart{\l}omiej and Menta, Mikel and Bagdanov, Andrew D and Van De Weijer, Joost},
  journal=PAMI,
  year={2023}
}

@article{mccloskey1989catastrophic,
  title={Catastrophic interference in connectionist networks: The sequential learning problem},
  author={McCloskey, Michael and Cohen, Neal J},
  journal={Psychology of Learning and Motivation},
  volume={24},
  pages={109--165},
  year={1989},
  publisher={Elsevier}
}

@inproceedings{mirzadeh2020understanding,
  title={Understanding the role of training regimes in continual learning},
  author={Mirzadeh, Seyed Iman and Farajtabar, Mehrdad and Pascanu, Razvan and Ghasemzadeh, Hassan},
  booktitle=NIPS,
  year={2020}
}

@article{nguyen2019toward,
  title={Toward understanding catastrophic forgetting in continual learning},
  author={Nguyen, Cuong V and Achille, Alessandro and Lam, Michael and Hassner, Tal and Mahadevan, Vijay and Soatto, Stefano},
  journal={arXiv preprint arXiv:1908.01091},
  year={2019}
}

@inproceedings{nguyen2020leep,
  title={{LEEP}: A new measure to evaluate transferability of learned representations},
  author={Nguyen, Cuong V and Hassner, Tal and Seeger, Matthias and Archambeau, Cedric},
  booktitle=ICML,
  year={2020}
}

@inproceedings{nguyen2023simple,
  title={Simple transferability estimation for regression tasks},
  author={Nguyen, Cuong N and Tran, Phong and Ho, Lam Si Tung and Dinh, Vu and Tran, Anh T and Hassner, Tal and Nguyen, Cuong V},
  booktitle=UAI,
  year={2023}
}

@incollection{nguyen2024lifelong,
  title={{Lifelong learning for deep neural networks with Bayesian principles}},
  author={Nguyen, Cuong V and Swaroop, Siddharth and Bui, Thang D and Li, Yingzhen and Turner, Richard E},
  booktitle={Towards Human Brain Inspired Lifelong Learning},
  pages={51--72},
  year={2024},
  publisher={World Scientific}
}

@inproceedings{pandy2022transferability,
  title={{Transferability estimation using Bhattacharyya class separability}},
  author={P{\'a}ndy, Michal and Agostinelli, Andrea and Uijlings, Jasper and Ferrari, Vittorio and Mensink, Thomas},
  booktitle=CVPR,
  year={2022}
}

@article{parisi2019continual,
  title={Continual lifelong learning with neural networks: A review},
  author={Parisi, German I and Kemker, Ronald and Part, Jose L and Kanan, Christopher and Wermter, Stefan},
  journal={Neural Networks},
  year={2019}
}

@inproceedings{pentina2015lifelong,
  title={Lifelong learning with non-iid tasks},
  author={Pentina, Anastasia and Lampert, Christoph H},
  booktitle=NIPS,
  year={2015}
}

@inproceedings{prado2022theory,
  title={A theory for knowledge transfer in continual learning},
  author={Prado, Diana Benavides and Riddle, Patricia},
  booktitle=CoLLAs,
  year={2022}
}

@inproceedings{raghavan2021formalizing,
  title={Formalizing the generalization-forgetting trade-off in continual learning},
  author={Raghavan, Krishnan and Balaprakash, Prasanna},
  booktitle=NIPS,
  year={2021}
}

@inproceedings{rajasegaran2019random,
  title={Random path selection for continual learning},
  author={Rajasegaran, Jathushan and Hayat, Munawar and Khan, Salman H and Khan, Fahad Shahbaz and Shao, Ling},
  booktitle=NIPS,
  year={2019}
}

@inproceedings{rebuffi2017icarl,
  title={{iCaRL: Incremental classifier and representation learning}},
  author={Rebuffi, Sylvestre-Alvise and Kolesnikov, Alexander and Sperl, Georg and Lampert, Christoph H},
  booktitle=CVPR,
  year={2017}
}

@phdthesis{ring1994continual,
  title={Continual learning in reinforcement environments},
  author={Ring, Mark Bishop},
  year={1994},
  school={University of Texas at Austin},
  type={PhD thesis}
}

@inproceedings{snell2017prototypical,
  title={Prototypical networks for few-shot learning},
  author={Snell, Jake and Swersky, Kevin and Zemel, Richard},
  booktitle=NIPS,
  year={2017}
}

@inproceedings{tan2021otce,
  title={{OTCE}: A transferability metric for cross-domain cross-task representations},
  author={Tan, Yang and Li, Yang and Huang, Shao-Lun},
  booktitle=CVPR,
  year={2021}
}

@article{thrun1995lifelong,
  title={A lifelong learning perspective for mobile robot control},
  author={Thrun, Sebastian},
  journal={Intelligent Robots and Systems},
  pages={201--214},
  year={1995}
}

@inproceedings{tran2019transferability,
  title={Transferability and hardness of supervised classification tasks},
  author={Tran, Anh T and Nguyen, Cuong V and Hassner, Tal},
  booktitle=ICCV,
  year={2019}
}

@inproceedings{vinyals2016matching,
  title={Matching networks for one shot learning},
  author={Vinyals, Oriol and Blundell, Charles and Lillicrap, Timothy and Kavukcuoglu, Koray and Wierstra, Daan},
  booktitle=NIPS,
  year={2016}
}

@inproceedings{wan2022continual,
  title={Continual learning for visual search with backward consistent feature embedding},
  author={Wan, Timmy ST and Chen, Jun-Cheng and Wu, Tzer-Yi and Chen, Chu-Song},
  booktitle=CVPR,
  year={2022}
}

@article{wang2023comprehensive,
  title={A comprehensive survey of continual learning: Theory, method and application},
  author={Wang, Liyuan and Zhang, Xingxing and Su, Hang and Zhu, Jun},
  journal=PAMI,
  year={2024}
}

@inproceedings{wu2019large,
  title={Large scale incremental learning},
  author={Wu, Yue and Chen, Yinpeng and Wang, Lijuan and Ye, Yuancheng and Liu, Zicheng and Guo, Yandong and Fu, Yun},
  booktitle=CVPR,
  year={2019}
}

@inproceedings{xu2023fast,
  title={Fast and Accurate Transferability Measurement by Evaluating Intra-class Feature Variance},
  author={Xu, Huiwen and Kang, U},
  booktitle=ICCV,
  year={2023}
}

@article{yin2020optimization,
  title={Optimization and generalization of regularization-based continual learning: a loss approximation viewpoint},
  author={Yin, Dong and Farajtabar, Mehrdad and Li, Ang and Levine, Nir and Mott, Alex},
  journal={arXiv preprint arXiv:2006.10974},
  year={2021}
}

@inproceedings{yoon2017lifelong,
  title={Lifelong learning with dynamically expandable networks},
  author={Yoon, Jaehong and Yang, Eunho and Lee, Jeongtae and Hwang, Sung Ju},
  booktitle=ICLR,
  year={2018}
}

@inproceedings{you2021logme,
  title={{LogME}: Practical assessment of pre-trained models for transfer learning},
  author={You, Kaichao and Liu, Yong and Wang, Jianmin and Long, Mingsheng},
  booktitle=ICML,
  year={2021}
}

@inproceedings{zenke2017continual,
  title={Continual learning through synaptic intelligence},
  author={Zenke, Friedemann and Poole, Ben and Ganguli, Surya},
  booktitle={ICML},
  year={2017}
}

@article{li2017learning,
  title={Learning without forgetting},
  author={Li, Zhizhong and Hoiem, Derek},
  journal=PAMI,
  year={2017}
}

@inproceedings{loo2021generalized,
  title={Generalized variational continual learning},
  author={Loo, Noel and Swaroop, Siddharth and Turner, Richard E},
  booktitle=ICLR,
  year={2021}
}
