@article{akbar2023beware,
  title={Beware of diffusion models for synthesizing medical images-a comparison with GANs in terms of memorizing brain MRI and chest x-ray images},
  author={Akbar, Muhammad Usman and Wang, Wuhao and Eklund, Anders},
  journal={Available at SSRN 4611613},
  year={2023}
}

@inproceedings{carlini2023extracting,
  title={Extracting training data from diffusion models},
  author={Carlini, Nicolas and Hayes, Jamie and Nasr, Milad and Jagielski, Matthew and Sehwag, Vikash and Tramer, Florian and Balle, Borja and Ippolito, Daphne and Wallace, Eric},
  booktitle={32nd USENIX Security Symposium (USENIX Security 23)},
}

@inproceedings{dar2023investigating,
  title={Investigating data memorization in 3d latent diffusion models for medical image synthesis},
  author={Dar, Salman Ul Hassan and Ghanaat, Arman and Kahmann, Jannik and Ayx, Isabelle and Papavassiliu, Theano and Schoenberg, Stefan O and Engelhardt, Sandy},
  booktitle={International Conference on Medical Image Computing and Computer-Assisted Intervention},
}

@article{dutt2024capacity,
  title={Capacity Control is an Effective Memorization Mitigation Mechanism in Text-Conditional Diffusion Models},
  author={Dutt, Raman and Sanchez, Pedro and Bohdal, Ondrej and Tsaftaris, Sotirios A and Hospedales, Timothy},
  journal={arXiv preprint arXiv:2410.22149},
  year={2024}
}

@article{dutt2024memcontrol,
  title={MemControl: Mitigating Memorization in Medical Diffusion Models via Automated Parameter Selection},
  author={Dutt, Raman and Sanchez, Pedro and Bohdal, Ondrej and Tsaftaris, Sotirios A and Hospedales, Timothy},
  journal={arXiv preprint arXiv:2405.19458},
  year={2024}
}

@article{fernandez2023privacy,
  title={Privacy distillation: reducing re-identification risk of multimodal diffusion models},
  author={Fernandez, Virginia and Sanchez, Pedro and Pinaya, Walter Hugo Lopez and Jacenk{\'o}w, Grzegorz and Tsaftaris, Sotirios A and Cardoso, Jorge},
  journal={arXiv:2306.01322},
  year={2023}
}

@inproceedings{goodfellow,
 author = {Goodfellow, Ian and Pouget-Abadie, Jean and Mirza, Mehdi and Xu, Bing and Warde-Farley, David and Ozair, Sherjil and Courville, Aaron and Bengio, Yoshua},
 booktitle = {Advances in Neural Information Processing Systems},
 editor = {Z. Ghahramani and M. Welling and C. Cortes and N. Lawrence and K.Q. Weinberger},
 pages = {},
 publisher = {Curran Associates, Inc.},
 title = {Generative Adversarial Nets},
 url = {https://proceedings.neurips.cc/paper_files/paper/2014/file/5ca3e9b122f61f8f06494c97b1afccf3-Paper.pdf},
 volume = {27},
 year = {2014}
}

@article{ren2024unveiling,
  title={Unveiling and Mitigating Memorization in Text-to-image Diffusion Models through Cross Attention},
  author={Ren, Jie and Li, Yaxin and Zen, Shenglai and Xu, Han and Lyu, Lingjuan and Xing, Yue and Tang, Jiliang},
  journal={arXiv:2403.11052},
  year={2024}
}

@inproceedings{somepalli2023diffusion,
  title={Diffusion art or digital forgery? investigating data replication in diffusion models},
  author={Somepalli, Gowthami and Singla, Vasu and Goldblum, Micah and Geiping, Jonas and Goldstein, Tom},
  booktitle={Proceedings of the IEEE/CVF Conference on Computer Vision and Pattern Recognition},
  pages={6048--6058},
  year={2023}
}

@article{somepalli2023understanding,
  title={Understanding and mitigating copying in diffusion models},
  author={Somepalli, Gowthami and Singla, Vasu and Goldblum, Micah and Geiping, Jonas and Goldstein, Tom},
  journal={Advances in Neural Information Processing Systems},
  volume={36},
  year={2023}
}

@inproceedings{wen2024detecting,
  title={Detecting, explaining, and mitigating memorization in diffusion models},
  author={Wen, Yuxin and Liu, Yuchen and Chen, Chen and Lyu, Lingjuan},
  booktitle={The Twelfth International Conference on Learning Representations},
  year={2024}
}

