@article{dutt2024memcontrol,
  title={MemControl: Mitigating Memorization in Medical Diffusion Models via Automated Parameter Selection},
  author={Dutt, Raman and Sanchez, Pedro and Bohdal, Ondrej and Tsaftaris, Sotirios A and Hospedales, Timothy},
  journal={arXiv preprint arXiv:2405.19458},
  year={2024}
}

@inproceedings{wen2024detecting,
  title={Detecting, explaining, and mitigating memorization in diffusion models},
  author={Wen, Yuxin and Liu, Yuchen and Chen, Chen and Lyu, Lingjuan},
  booktitle={The Twelfth International Conference on Learning Representations},
  year={2024}
}

@inproceedings{somepalli2023diffusion,
  title={Diffusion art or digital forgery? investigating data replication in diffusion models},
  author={Somepalli, Gowthami and Singla, Vasu and Goldblum, Micah and Geiping, Jonas and Goldstein, Tom},
  booktitle={Proceedings of the IEEE/CVF Conference on Computer Vision and Pattern Recognition},
  pages={6048--6058},
  year={2023}
}


@inproceedings{perez2024radedit,
  title={RadEdit: stress-testing biomedical vision models via diffusion image editing},
  author={P{\'e}rez-Garc{\'\i}a, Fernando and Bond-Taylor, Sam and Sanchez, Pedro P and van Breugel, Boris and Castro, Daniel C and Sharma, Harshita and Salvatelli, Valentina and Wetscherek, Maria TA and Richardson, Hannah and Lungren, Matthew P and others},
  booktitle={European Conference on Computer Vision},
  pages={358--376},
  year={2024},
  organization={Springer}
}

@inproceedings{bannur2023learning,
    title={Learning to Exploit Temporal Structure for Biomedical Vision{\textendash}Language Processing},
    author={Shruthi Bannur and Stephanie Hyland and Qianchu Liu and Fernando P\'{e}rez-Garc\'{i}a and Maximilian Ilse and Daniel C. Castro and Benedikt Boecking and Harshita Sharma and Kenza Bouzid and Anja Thieme and Anton Schwaighofer and Maria Wetscherek and Matthew P. Lungren and Aditya Nori and Javier Alvarez-Valle and Ozan Oktay},
    booktitle={Conference on Computer Vision and Pattern Recognition 2023},
    year={2023},
    url={https://openreview.net/forum?id=5jScn5xsbo}
}

@article{podell2023sdxl,
  title={Sdxl: Improving latent diffusion models for high-resolution image synthesis},
  author={Podell, Dustin and English, Zion and Lacey, Kyle and Blattmann, Andreas and Dockhorn, Tim and M{\"u}ller, Jonas and Penna, Joe and Rombach, Robin},
  journal={arXiv preprint arXiv:2307.01952},
  year={2023}
}

@article{johnson2019mimic,
  title={MIMIC-CXR, a de-identified publicly available database of chest radiographs with free-text reports},
  author={Johnson, Alistair EW and Pollard, Tom J and Berkowitz, Seth J and Greenbaum, Nathaniel R and Lungren, Matthew P and Deng, Chih-ying and Mark, Roger G and Horng, Steven},
  journal={Scientific data},
  volume={6},
  number={1},
  pages={317},
  year={2019},
  publisher={Nature Publishing Group UK London}
}

@phdthesis{douglass2005computer,
  title={Computer-assisted de-identification of free-text nursing notes},
  author={Douglass, Margaret},
  year={2005},
  school={Massachusetts Institute of Technology}
}

@inproceedings{douglass2005identification,
  title={De-identification algorithm for free-text nursing notes},
  author={Douglass, MM and Cliffford, GD and Reisner, Andrew and Long, WJ and Moody, GB and Mark, RG},
  booktitle={Computers in Cardiology, 2005},
  pages={331--334},
  year={2005},
  organization={IEEE}
}

@article{neamatullah2008automated,
  title={Automated de-identification of free-text medical records},
  author={Neamatullah, Ishna and Douglass, Margaret M and Lehman, Li-Wei H and Reisner, Andrew and Villarroel, Mauricio and Long, William J and Szolovits, Peter and Moody, George B and Mark, Roger G and Clifford, Gari D},
  journal={BMC medical informatics and decision making},
  volume={8},
  pages={1--17},
  year={2008},
  publisher={Springer}
}

@inproceedings{
dosovitskiy2020image,
title={An Image is Worth 16x16 Words: Transformers for Image Recognition at Scale},
author={Alexey Dosovitskiy and Lucas Beyer and Alexander Kolesnikov and Dirk Weissenborn and Xiaohua Zhai and Thomas Unterthiner and Mostafa Dehghani and Matthias Minderer and Georg Heigold and Sylvain Gelly and Jakob Uszkoreit and Neil Houlsby},
booktitle={International Conference on Learning Representations},
year={2021},
url={https://openreview.net/forum?id=YicbFdNTTy}
}
@InProceedings{kornblith2019better,
  author    = {Kornblith, Simon and Shlens, Jonathon and Le, Quoc V},
  booktitle = {CVPR},
  title     = {Do better imagenet models transfer better?},
  year      = {2019},
}
@INPROCEEDINGS{ImageNet,
  author={Deng, Jia and Dong, Wei and Socher, Richard and Li, Li-Jia and Kai Li and Li Fei-Fei},
  booktitle={CVPR}, 
  title={ImageNet: A large-scale hierarchical image database}, 
  year={2009}}

@inproceedings{houlsby2019parameter,
  title={Parameter-efficient transfer learning for NLP},
  author={Houlsby, Neil and Giurgiu, Andrei and Jastrzebski, Stanislaw and Morrone, Bruna and De Laroussilhe, Quentin and Gesmundo, Andrea and Attariyan, Mona and Gelly, Sylvain},
  booktitle={ICML},
  year={2019},
}

@inproceedings{
hu2022lora,
title={Lo{RA}: Low-rank adaptation of large language models},
author={Edward J Hu and yelong shen and Phillip Wallis and Zeyuan Allen-Zhu and Yuanzhi Li and Shean Wang and Lu Wang and Weizhu Chen},
booktitle={ICLR},
year={2022},
}

@inproceedings{bitfit,
    title = "{B}it{F}it: Simple Parameter-efficient Fine-tuning for Transformer-based Masked Language-models",
    author = "Ben Zaken, Elad  and
      Goldberg, Yoav  and
      Ravfogel, Shauli",
    booktitle = "ACL",
    month = may,
    year = "2022",
}


@inproceedings{lian2022scaling,
 author = {Lian, Dongze and Zhou, Daquan and Feng, Jiashi and Wang, Xinchao},
 booktitle = {Advances in Neural Information Processing Systems},
 editor = {S. Koyejo and S. Mohamed and A. Agarwal and D. Belgrave and K. Cho and A. Oh},
}

@article{chen2022adaptformer,
  title={Adaptformer: Adapting vision transformers for scalable visual recognition},
  author={Chen, Shoufa and Ge, Chongjian and Tong, Zhan and Wang, Jiangliu and Song, Yibing and Wang, Jue and Luo, Ping},
  journal={arXiv},
  year={2022}
}

@article{chen2022conv,
  title={Conv-adapter: Exploring parameter efficient transfer learning for convnets},
  author={Chen, Hao and Tao, Ran and Zhang, Han and Wang, Yidong and Ye, Wei and Wang, Jindong and Hu, Guosheng and Savvides, Marios},
  journal={arXiv},
  year={2022}
}

@article{basu2023strong,
  title={Strong baselines for parameter efficient few-shot fine-tuning},
  author={Basu, Samyadeep and Massiceti, Daniela and Hu, Shell Xu and Feizi, Soheil},
  journal={arXiv},
  year={2023}
}

@inproceedings{touvron2022three,
  title={Three things everyone should know about vision transformers},
  author={Touvron, Hugo and Cord, Matthieu and El-Nouby, Alaaeldin and Verbeek, Jakob and J{\'e}gou, Herv{\'e}},
  booktitle={ECCV},
  year={2022},
}

@article{kirillov2023segment,
  title={Segment anything},
  author={Kirillov, Alexander and Mintun, Eric and Ravi, Nikhila and Mao, Hanzi and Rolland, Chloe and Gustafson, Laura and Xiao, Tete and Whitehead, Spencer and Berg, Alexander C and Lo, Wan-Yen and others},
  journal={arXiv},
  year={2023}
}

@article{ma2023segment,
  title={Segment anything in medical images},
  author={Ma, Jun and Wang, Bo},
  journal={arXiv},
  year={2023}
}

@article{wu2023medical,
  title={Medical sam adapter: Adapting segment anything model for medical image segmentation},
  author={Wu, Junde and Fu, Rao and Fang, Huihui and Liu, Yuanpei and Wang, Zhaowei and Xu, Yanwu and Jin, Yueming and Arbel, Tal},
  journal={arXiv},
  year={2023}
}

@article{fischer2022prompt,
  title={Prompt Tuning for Parameter-efficient Medical Image Segmentation},
  author={Fischer, Marc and Bartler, Alexander and Yang, Bin},
  journal={arXiv},
  year={2022}
}

@article{silva2023transductive,
  title={Transductive few-shot adapters for medical image segmentation},
  author={Silva-Rodr{\'\i}guez, Julio and Dolz, Jose and Ayed, Ismail Ben},
  journal={arXiv},
  year={2023}
}

@article{zhang2023customized,
  title={Customized segment anything model for medical image segmentation},
  author={Zhang, Kaidong and Liu, Dong},
  journal={arXiv},
  year={2023}
}

@inproceedings{
dutt2023parameter,
title={Parameter-Efficient Fine-Tuning for Medical Image Analysis: The Missed Opportunity},
author={Raman Dutt and Linus Ericsson and Pedro Sanchez and Sotirios A. Tsaftaris and Timothy Hospedales},
booktitle={Medical Imaging with Deep Learning},
year={2024},
url={https://openreview.net/forum?id=LVRhXa0q5r}
}

@InProceedings{tang2022self,
  author    = {Tang, Yucheng and Yang, Dong and Li, Wenqi and Roth, Holger R and Landman, Bennett and Xu, Daguang and Nath, Vishwesh and Hatamizadeh, Ali},
  booktitle = {CVPR},
  title     = {Self-supervised pre-training of swin transformers for 3d medical image analysis},
  year      = {2022},
}

@article{ba2016layer,
  title={Layer normalization},
  author={Ba, Jimmy Lei and Kiros, Jamie Ryan and Hinton, Geoffrey E},
  journal={arXiv},
  year={2016}
}

@misc{rw2019timm,
  author = {Ross Wightman},
  title = {PyTorch Image Models},
  year = {2019},
  publisher = {GitHub},
  journal = {GitHub repository},
  howpublished = {\url{https://github.com/rwightman/pytorch-image-models}}
}

@article{burlina2021addressing,
  title={Addressing artificial intelligence bias in retinal diagnostics},
  author={Burlina, Philippe and Joshi, Neil and Paul, William and Pacheco, Katia D and Bressler, Neil M},
  journal={Translational Vision Science \& Technology},
  volume={10},
  number={2},
  year={2021},
  publisher={The Association for Research in Vision and Ophthalmology}
}

@article{bergstra2012random,
  title={Random search for hyper-parameter optimization.},
  author={Bergstra, James and Bengio, Yoshua},
  journal={Journal of machine learning research},
  volume={13},
  number={2},
  year={2012}
}

@article{bergstra2011algorithms,
  title={Algorithms for hyper-parameter optimization},
  author={Bergstra, James and Bardenet, R{\'e}mi and Bengio, Yoshua and K{\'e}gl, Bal{\'a}zs},
  journal={NeurIPS},
  year={2011}
}

@inproceedings{
bohdal2023pasha,
title={{PASHA}: Efficient {HPO} and {NAS} with Progressive Resource Allocation},
author={Ondrej Bohdal and Lukas Balles and Martin Wistuba and Beyza Ermis and Cedric Archambeau and Giovanni Zappella},
booktitle={ICLR},
year={2023},
}

@article{ASHA,
  title={A system for massively parallel hyperparameter tuning},
  author={Li, Liam and Jamieson, Kevin and Rostamizadeh, Afshin and Gonina, Ekaterina and Ben-Tzur, Jonathan and Hardt, Moritz and Recht, Benjamin and Talwalkar, Ameet},
  journal={MLSys},
  year={2020}
}

@article{li2017hyperband,
  title={Hyperband: A novel bandit-based approach to hyperparameter optimization},
  author={Li, Lisha and Jamieson, Kevin and DeSalvo, Giulia and Rostamizadeh, Afshin and Talwalkar, Ameet},
  journal={JMLR},
  volume={18},
  number={1},
  year={2017},
}


@inproceedings{cruz2021promoting,
  title={Promoting fairness through hyperparameter optimization},
  author={Cruz, Andr{\'e} F and Saleiro, Pedro and Bel{\'e}m, Catarina and Soares, Carlos and Bizarro, Pedro},
  booktitle={ICDM},
  year={2021},
}

@book{Hutter2019AutomatedML,
  title={Automated machine learning},
  subtitle = {Methods, systems, challenges},
  author={Frank Hutter and Lars Kotthoff and Joaquin Vanschoren},
  publisher={Springer},
  year={2019}
}


@inproceedings{Ozaki2020MultiobjectiveProblems,
    title = {{Multiobjective tree-structured parzen estimator for computationally expensive optimization problems}},
    year = {2020},
    booktitle = {Genetic and Evolutionary Computation Conference},
    author = {Ozaki, Yoshihiko and Tanigaki, Yuki and Watanabe, Shuhei and Onishi, Masaki}
}


@inproceedings{bohdal2023meta-calibration,
  title={Meta-Calibration: Learning of model calibration using differentiable expected calibration error},
  author={Bohdal, Ondrej and Yang, Yongxin and Hospedales, Timothy},
  booktitle={TMLR},
  year={2023}
}

@article{seyyed2021underdiagnosis,
  title={Underdiagnosis bias of artificial intelligence algorithms applied to chest radiographs in under-served patient populations},
  author={Seyyed-Kalantari, Laleh and Zhang, Haoran and McDermott, Matthew BA and Chen, Irene Y and Ghassemi, Marzyeh},
  journal={Nature medicine},
  volume={27},
  number={12},
  year={2021},
}

@article{ricci2022addressing,
  title={Addressing fairness in artificial intelligence for medical imaging},
  author={Ricci Lara, Mar{\'\i}a Agustina and Echeveste, Rodrigo and Ferrante, Enzo},
  journal={Nature Communications},
  volume={13},
  number={1},
  year={2022},
}

@article{maier2018rankings,
  title={Why rankings of biomedical image analysis competitions should be interpreted with care},
  author={Maier-Hein, Lena and Eisenmann, Matthias and Reinke, Annika and Onogur, Sinan and Stankovic, Marko and Scholz, Patrick and Arbel, Tal and Bogunovic, Hrvoje and Bradley, Andrew P and Carass, Aaron and others},
  journal={Nature communications},
  volume={9},
  number={1},
  year={2018},
}

@inproceedings{deng2023fairness,
  title={On fairness of medical image classification with multiple sensitive attributes via learning orthogonal representations},
  author={Deng, Wenlong and Zhong, Yuan and Dou, Qi and Li, Xiaoxiao},
  booktitle={International Conference on Information Processing in Medical Imaging},
  year={2023},
}

@inproceedings{adeli2021representation,
  title={Representation learning with statistical independence to mitigate bias},
  author={Adeli, Ehsan and Zhao, Qingyu and Pfefferbaum, Adolf and Sullivan, Edith V and Fei-Fei, Li and Niebles, Juan Carlos and Pohl, Kilian M},
  booktitle={WACV},
  year={2021}
}

@article{dullerud2022fairness,
  title={Is fairness only metric deep? Evaluating and addressing subgroup gaps in deep metric learning},
  author={Dullerud, Natalie and Roth, Karsten and Hamidieh, Kimia and Papernot, Nicolas and Ghassemi, Marzyeh},
  journal={arXiv},
  year={2022}
}

@inproceedings{sarhan2020fairness,
  title={Fairness by learning orthogonal disentangled representations},
  author={Sarhan, Mhd Hasan and Navab, Nassir and Eslami, Abouzar and Albarqouni, Shadi},
  booktitle={ECCV},
  year={2020},
}

@article{shui2022learning,
  title={On learning fairness and accuracy on multiple subgroups},
  author={Shui, Changjian and Xu, Gezheng and Chen, Qi and Li, Jiaqi and Ling, Charles X and Arbel, Tal and Wang, Boyu and Gagn{\'e}, Christian},
  journal={NeurIPS},
  year={2022}
}

@inproceedings{deng2023fairness,
  title={On fairness of medical image classification with multiple sensitive attributes via learning orthogonal representations},
  author={Deng, Wenlong and Zhong, Yuan and Dou, Qi and Li, Xiaoxiao},
  booktitle={International Conference on Information Processing in Medical Imaging},
  year={2023},
}

@article{jeong2023emory,
  title={The EMory BrEast imaging Dataset (EMBED): A racially diverse, granular dataset of 3.4 million screening and diagnostic mammographic images},
  author={Jeong, Jiwoong J and Vey, Brianna L and Bhimireddy, Ananth and Kim, Thomas and Santos, Thiago and Correa, Ramon and Dutt, Raman and Mosunjac, Marina and Oprea-Ilies, Gabriela and Smith, Geoffrey and others},
  journal={Radiology: Artificial Intelligence},
  volume={5},
  number={1},
  year={2023},
}

@article{hospedales2021meta,
  title={Meta-learning in neural networks: A survey},
  author={Hospedales, Timothy and Antoniou, Antreas and Micaelli, Paul and Storkey, Amos},
  journal={IEEE transactions on pattern analysis and machine intelligence},
  volume={44},
  number={9},
  year={2021},
}

@inproceedings{huang2019addressing,
  title={Addressing the loss-metric mismatch with adaptive loss alignment},
  author={Huang, Chen and Zhai, Shuangfei and Talbott, Walter and Martin, Miguel Bautista and Sun, Shih-Yu and Guestrin, Carlos and Susskind, Josh},
  booktitle={ICML},
  year={2019},
}

@inproceedings{trabucco2024effective,
title={Effective Data Augmentation With Diffusion Models},
author={Brandon Trabucco and Kyle Doherty and Max A Gurinas and Ruslan Salakhutdinov},
booktitle={The Twelfth International Conference on Learning Representations},
year={2024},
url={https://openreview.net/forum?id=ZWzUA9zeAg}
}

@inproceedings{
kumar2024monitoring,
title={Monitoring Disease Progression with Stable Diffusion- A Visual Approach},
author={Sourav Kumar and Shell Xu Hu and Timothy Hospedales and Praveer Singh and Jayashree Kalpathy-cramer},
booktitle={Medical Imaging with Deep Learning},
year={2024},
url={https://openreview.net/forum?id=6RCm2tH2tE}
}

@article{cubuk2018autoaugment,
  title={Autoaugment: Learning augmentation policies from data},
  author={Cubuk, Ekin D and Zoph, Barret and Mane, Dandelion and Vasudevan, Vijay and Le, Quoc V},
  journal={arXiv},
  year={2018}
}

@phdthesis{schmidhuber1987evolutionary,
  title={Evolutionary principles in self-referential learning, or on learning how to learn: the meta-meta-... hook},
  author={Schmidhuber, J{\"u}rgen},
  year={1987},
  school={Technische Universit{\"a}t M{\"u}nchen}
}

@article{stanley2019designing,
  title={Designing neural networks through neuroevolution},
  author={Stanley, Kenneth O and Clune, Jeff and Lehman, Joel and Miikkulainen, Risto},
  journal={Nature Machine Intelligence},
  volume={1},
  number={1},
  year={2019},
}

@article{salimans2017evolution,
  title={Evolution strategies as a scalable alternative to reinforcement learning},
  author={Salimans, Tim and Ho, Jonathan and Chen, Xi and Sidor, Szymon and Sutskever, Ilya},
  journal={arXiv},
  year={2017}
}

@inproceedings{ravi2016optimization,
  title={Optimization as a model for few-shot learning},
  author={Ravi, Sachin and Larochelle, Hugo},
  booktitle={ICLR},
  year={2016}
}

@inproceedings{finn2017model,
  title={Model-agnostic meta-learning for fast adaptation of deep networks},
  author={Finn, Chelsea and Abbeel, Pieter and Levine, Sergey},
  booktitle={ICML},
  year={2017},
}

@inproceedings{li2019feature,
  title={Feature-critic networks for heterogeneous domain generalization},
  author={Li, Yiying and Yang, Yongxin and Zhou, Wei and Hospedales, Timothy},
  booktitle={ICML},
  year={2019},
}

@inproceedings{franceschi2017forward,
  title={Forward and reverse gradient-based hyperparameter optimization},
  author={Franceschi, Luca and Donini, Michele and Frasconi, Paolo and Pontil, Massimiliano},
  booktitle={ICML},
  year={2017},
}

@article{xu2023progress,
      title={Progress and prospects for fairness in healthcare and medical image analysis}, 
      author={Zikang Xu and Jun Li and Qingsong Yao and S. Kevin Zhou},
      year={2023},
      journal={arXiv},
}

@inproceedings{irvin2019chexpert,
  title={Chexpert: A large chest radiograph dataset with uncertainty labels and expert comparison},
  author={Irvin, Jeremy and Rajpurkar, Pranav and Ko, Michael and Yu, Yifan and Ciurea-Ilcus, Silviana and Chute, Chris and Marklund, Henrik and Haghgoo, Behzad and Ball, Robyn and Shpanskaya, Katie and others},
  booktitle={AAAI},
  year={2019}
}


@InProceedings{yosinski2014howTransferable,
  Title                    = {How transferable are features in deep neural networks?},
  Author                   = {Jason Yosinski and Jeff Clune and Yoshua Bengio and Hod Lipson},
  Booktitle                = {NIPS},
  Year                     = {2014}
}

@inproceedings{sagawa2020groupDRO,
title={Distributionally robust neural networks},
author={Shiori Sagawa and Pang Wei Koh and Tatsunori B. Hashimoto and Percy Liang},
booktitle={ICLR},
year={2020},
}

@inproceedings{zhang2022improving,
  title={Improving the fairness of chest x-ray classifiers},
  author={Zhang, Haoran and Dullerud, Natalie and Roth, Karsten and Oakden-Rayner, Lauren and Pfohl, Stephen and Ghassemi, Marzyeh},
  booktitle={Conference on Health, Inference, and Learning},
  year={2022},
}

@article{sudlow2015uk,
  title={UK biobank: an open access resource for identifying the causes of a wide range of complex diseases of middle and old age},
  author={Sudlow, Cathie and Gallacher, John and Allen, Naomi and Beral, Valerie and Burton, Paul and Danesh, John and Downey, Paul and Elliott, Paul and Green, Jane and Landray, Martin and others},
  journal={PLoS medicine},
  volume={12},
  number={3},
  year={2015},
}

@article{liu2021unifiedBiLevel,
  author        = {Risheng Liu and Jiaxin Gao and Jin Zhang and Deyu Meng and Zhouchen Lin},
  title         = {Investigating bi-Level optimization for learning and vision from a unified perspective: A survey and beyond},
  journal = {arXiv},
  year          = {2021},
}

@article{feurer2019hyperparameter,
  title={Hyperparameter optimization},
  author={Feurer, Matthias and Hutter, Frank},
  journal={Automated machine learning: Methods, systems, challenges},
  year={2019},
  publisher={Springer International Publishing}
}

@Article{sinha2018bilevelSurvey,
  author   = {A. {Sinha} and P. {Malo} and K. {Deb}},
  title    = {A review on bilevel optimization: From classical to evolutionary approaches and applications},
  journal  = {IEEE Transactions on Evolutionary Computation},
  year     = {2018},
  volume   = {22},
  number   = {2},
}

@article{clark2013cancer,
  title={The cancer imaging archive (TCIA): maintaining and operating a public information repository},
  author={Clark, Kenneth and Vendt, Bruce and Smith, Kirk and Freymann, John and Kirby, Justin and Koppel, Paul and Moore, Stephen and Phillips, Stanley and Maffitt, David and Pringle, Michael and others},
  journal={Journal of digital imaging},
  volume={26},
  year={2013},
}

@article{hooker2021moving,
  title={Moving beyond “algorithmic bias is a data problem”},
  author={Hooker, Sara},
  journal={Patterns},
  volume={2},
  number={4},
  year={2021},
}

@article{winkler2019association,
  title={Association between surgical skin markings in dermoscopic images and diagnostic performance of a deep learning convolutional neural network for melanoma recognition},
  author={Winkler, Julia K and Fink, Christine and Toberer, Ferdinand and Enk, Alexander and Deinlein, Teresa and Hofmann-Wellenhof, Rainer and Thomas, Luc and Lallas, Aimilios and Blum, Andreas and Stolz, Wilhelm and others},
  journal={JAMA dermatology},
  volume={155},
  number={10},
  year={2019},
}

@inproceedings{zhang2022stroke,
  title={Stroke lesion segmentation from low-quality and few-shot MRIs via similarity-weighted self-ensembling framework},
  author={Zhang, Dong and Confidence, Raymond and Anazodo, Udunna},
  booktitle={MICCAI},
  year={2022},
}


@article{kovalyk2022papila,
  title={PAPILA: Dataset with fundus images and clinical data of both eyes of the same patient for glaucoma assessment},
  author={Kovalyk, Oleksandr and Morales-S{\'a}nchez, Juan and Verd{\'u}-Monedero, Rafael and Sell{\'e}s-Navarro, Inmaculada and Palaz{\'o}n-Cabanes, Ana and Sancho-G{\'o}mez, Jos{\'e}-Luis},
  journal={Scientific Data},
  volume={9},
  number={1},
  year={2022},
}

@article{zambrano2021opportunistic,
  title={Opportunistic assessment of ischemic heart disease risk using abdominopelvic computed tomography and medical record data: a multimodal explainable artificial intelligence approach},
  author={Zambrano Chaves, Juan M and Chaudhari, Akshay S and Wentland, Andrew L and Desai, Arjun D and Banerjee, Imon and Boutin, Robert D and Maron, David J and Rodriguez, Fatima and Sandhu, Alexander T and Jeffrey, R Brooke and others},
  journal={medRxiv},
  year={2021},
}

@data{HAM10000,
author = {Tschandl, Philipp},
publisher = {Harvard Dataverse},
title = {{The HAM10000 dataset, a large collection of multi-source dermatoscopic images of common pigmented skin lesions}},
year = {2018},
}

@inproceedings{groh2021evaluating,
  title={Evaluating deep neural networks trained on clinical images in dermatology with the fitzpatrick 17k dataset},
  author={Groh, Matthew and Harris, Caleb and Soenksen, Luis and Lau, Felix and Han, Rachel and Kim, Aerin and Koochek, Arash and Badri, Omar},
  booktitle={CVPR},
  year={2021}
}

And the second paper:

@article{groh2022towards,
  title={Towards transparency in dermatology image datasets with skin tone annotations by experts, crowds, and an algorithm},
  author={Groh, Matthew and Harris, Caleb and Daneshjou, Roxana and Badri, Omar and Koochek, Arash},
  journal={arXiv},
  year={2022}
}

@article{marcus2007open,
  title={Open Access Series of Imaging Studies (OASIS): cross-sectional MRI data in young, middle aged, nondemented, and demented older adults},
  author={Marcus, Daniel S and Wang, Tracy H and Parker, Jamie and Csernansky, John G and Morris, John C and Buckner, Randy L},
  journal={Journal of cognitive neuroscience},
  volume={19},
  number={9},
  year={2007},
}

@inproceedings{zong2023medfair,
  title={MEDFAIR: Benchmarking Fairness for Medical Imaging},
  author={Zong, Yongshuo and Yang, Yongxin and Hospedales, Timothy M},
  booktitle={ICLR},
  year={2023}
}

@article{loshchilov2016sgdr,
  title={Sgdr: Stochastic gradient descent with warm restarts},
  author={Loshchilov, Ilya and Hutter, Frank},
  journal={arXiv},
  year={2016}
}

@inproceedings{loshchilov2018decoupled,
  title={Decoupled Weight Decay Regularization},
  author={Loshchilov, Ilya and Hutter, Frank},
  booktitle={ICLR},
  year={2018}
}

@book{rawls2001justice,
  title={Justice as fairness: A restatement},
  author={Rawls, John},
  year={2001},
  publisher={Harvard University Press}
}

@inproceedings{diana2021minimax,
  title={Minimax group fairness: Algorithms and experiments},
  author={Diana, Emily and Gill, Wesley and Kearns, Michael and Kenthapadi, Krishnaram and Roth, Aaron},
  booktitle={AIES},
  year={2021}
}

@inproceedings{martinez2020minimax,
  title={Minimax pareto fairness: A multi objective perspective},
  author={Martinez, Natalia and Bertran, Martin and Sapiro, Guillermo},
  booktitle={ICML},
  year={2020},
}

@inproceedings{zhang2018fairness,
author = {Zhang, Brian Hu and Lemoine, Blake and Mitchell, Margaret},
title = {Mitigating uwanted biases with adversarial learning},
year = {2018},
booktitle = {AIES},
}

@inproceedings{alvi2018turning,
  title={Turning a blind eye: Explicit removal of biases and variation from deep neural network embeddings},
  author={Alvi, Mohsan and Zisserman, Andrew and Nell{\aa}ker, Christoffer},
  booktitle={ECCV Workshops},
  year={2018}
}

@inproceedings{wu2022fairprune,
  title={Fairprune: Achieving fairness through pruning for dermatological disease diagnosis},
  author={Wu, Yawen and Zeng, Dewen and Xu, Xiaowei and Shi, Yiyu and Hu, Jingtong},
  booktitle={International Conference on Medical Image Computing and Computer-Assisted Intervention},
  year={2022},
}

@Article{xie2023difffit,
  author  = {Xie, Enze and Yao, Lewei and Shi, Han and Liu, Zhili and Zhou, Daquan and Liu, Zhaoqiang and Li, Jiawei and Li, Zhenguo},
  title   = {DiffFit: Unlocking transferability of large diffusion models via simple parameter-efficient fine-tuning},
  journal = {arXiv},
  year    = {2023},
}

@inproceedings{dwork2012fairness,
  title={Fairness through awareness},
  author={Dwork, Cynthia and Hardt, Moritz and Pitassi, Toniann and Reingold, Omer and Zemel, Richard},
  booktitle={Proceedings of the 3rd innovations in theoretical computer science conference},
  year={2012}
}
@inproceedings{verma2018fairness,
  title={Fairness definitions explained},
  author={Verma, Sahil and Rubin, Julia},
  booktitle={International workshop on software fairness (fairware)},
  year={2018},
}

@inproceedings{yii2022rethinking,
  title={Rethinking retinal image quality: Treating quality threshold as a tunable hyperparameter},
  author={Yii, Fabian SL and Dutt, Raman and MacGillivray, Tom and Dhillon, Baljean and Bernabeu, Miguel and Strang, Niall},
  booktitle={International Workshop on Ophthalmic Medical Image Analysis},
  year={2022},
}

@article{Mehrabi2021ASO,
  title={A Survey on bias and fairness in machine learning},
  author={Ninareh Mehrabi and Fred Morstatter and Nripsuta Ani Saxena and Kristina Lerman and A. G. Galstyan},
  journal={ACM Computing Surveys},
  year={2021},
}

@article{caton2023fairness,
  title={Fairness in machine learning: A survey},
  author={Caton, Simon and Haas, Christian},
  journal={ACM Computing Surveys},
  year={2023},
}

@InProceedings{zietlow2022levelingDown,
  author    = {Zietlow, Dominik and Lohaus, Michael and Balakrishnan, Guha and Kleindessner, Matth{\"a}us and Locatello, Francesco and Sch{\"o}lkopf, Bernhard and Russell, Chris},
  booktitle = {CVPR},
  title     = {Leveling down in computer vision: Pareto inefficiencies in fair deep classifiers},
  year      = {2022},
}

@Article{ghesu2022selfSupMedical,
  author   = {Ghesu, Florin C and Georgescu, Bogdan and Mansoor, Awais and Yoo, Youngjin and Neumann, Dominik and Patel, Pragneshkumar and Vishwanath, RS and Balter, James M and Cao, Yue and Grbic, Sasa and others},
  title    = {Self-supervised learning from 100 million medical images},
  journal  = {arXiv},
  year     = {2022},
}

@article{larrazabal2020gender,
  title={Gender imbalance in medical imaging datasets produces biased classifiers for computer-aided diagnosis},
  author={Larrazabal, Agostina J and Nieto, Nicol{\'a}s and Peterson, Victoria and Milone, Diego H and Ferrante, Enzo},
  journal={Proceedings of the National Academy of Sciences},
  volume={117},
  number={23},
  year={2020},
}

@article{obermeyer2019dissecting,
  title={Dissecting racial bias in an algorithm used to manage the health of populations},
  author={Obermeyer, Ziad and Powers, Brian and Vogeli, Christine and Mullainathan, Sendhil},
  journal={Science},
  volume={366},
  number={6464},
  year={2019},
}

@article{esteva2021deep,
  title={Deep learning-enabled medical computer vision},
  author={Esteva, Andre and Chou, Katherine and Yeung, Serena and Naik, Nikhil and Madani, Ali and Mottaghi, Ali and Liu, Yun and Topol, Eric and Dean, Jeff and Socher, Richard},
  journal={NPJ digital medicine},
  volume={4},
  number={1},
  year={2021},
}

@Article{mei2022radimagenet,
  author    = {Mei, Xueyan and Liu, Zelong and Robson, Philip M and Marinelli, Brett and Huang, Mingqian and Doshi, Amish and Jacobi, Adam and Cao, Chendi and Link, Katherine E and Yang, Thomas and others},
  title     = {RadImageNet: An open radiologic deep learning research dataset for effective transfer learning},
  number    = {5},
  volume    = {4},
  journal   = {Radiology: Artificial Intelligence},
  year      = {2022},
}

@Article{tiu2022expertChest,
  author    = {Tiu, Ekin and Talius, Ellie and Patel, Pujan and Langlotz, Curtis P and Ng, Andrew Y and Rajpurkar, Pranav},
  title     = {Expert-level detection of pathologies from unannotated chest X-ray images via self-supervised learning},
  journal   = {Nature Biomedical Engineering},
  year      = {2022},
}

@article{chawla2002bias,
author = {Chawla, Nitesh V. and Bowyer, Kevin W. and Hall, Lawrence O. and Kegelmeyer, W. Philip},
title = {{SMOTE}: Synthetic minority over-sampling technique},
year = {2002},
journal = {Journal of Artificial Intelligence Research},
}

@inproceedings{Idrissi2022balancing,
  title = 	 {Simple data balancing achieves competitive worst-group-accuracy},
  author =       {Idrissi, Badr Youbi and Arjovsky, Martin and Pezeshki, Mohammad and Lopez-Paz, David},
  booktitle = 	 {Conference on Causal Learning and Reasoning},
  year = 	 {2022},
}

@inproceedings{wang2020fair,
author = {Zeyu Wang and Klint Qinami and Ioannis Karakozis and Kyle Genova and Prem Nair and Kenji Hata and Olga Russakovsky},
title = {Towards fairness in visual recognition: Effective strategies for bias mitigation},
booktitle = {CVPR},
year = {2020}
}

@inproceedings{royer2015fair,
  author={Royer, Amelie and Lampert, Christoph H.},
  booktitle={CVPR}, 
  title={Classifier adaptation at prediction time}, 
  year={2015},
}

@inproceedings{madras2018laftr,
  title = 	 {Learning adversarially fair and transferable representations},
  author =       {Madras, David and Creager, Elliot and Pitassi, Toniann and Zemel, Richard},
  booktitle = 	 {ICML},
  year = 	 {2018},
}

@inproceedings{zhao2019conditional,
  title={Conditional learning of fair representations},
  author={Zhao, Han and Coston, Amanda and Adel, Tameem and Gordon, Geoffrey J},
  booktitle={ICLR},
  year={2019}
}

@inproceedings{Kim2019lnl,
author = {Kim, Byungju and Kim, Hyunwoo and Kim, Kyungsu and Kim, Sungjin and Kim, Junmo},
title = {Learning not to learn: Training deep neural networks with biased data},
booktitle = {CVPR},
year = {2019}
}

@article{beauchamp2003methods,
  title={Methods and principles in biomedical ethics},
  author={Beauchamp, Tom L},
  journal={Journal of Medical ethics},
  volume={29},
  number={5},
  year={2003},
}

@article{chen2018my,
  title={Why is my classifier discriminatory?},
  author={Chen, Irene and Johansson, Fredrik D and Sontag, David},
  journal={NeurIPS},
  year={2018}
}

@inproceedings{ustun2019fairness,
  title={Fairness without harm: Decoupled classifiers with preference guarantees},
  author={Ustun, Berk and Liu, Yang and Parkes, David},
  booktitle={ICML},
  year={2019},
}

@inproceedings{agarwal_reductions_approach,
  title = 	 {Learning adversarially fair and transferable representations},
  author =       {Alekh Agarwal and Alina Beygelzimer and Miroslav Dudik and John Langford and Hanna
  Wallach},
  booktitle = 	 {ICML},
  year = 	 {2018},
}

@article{Beutel2017DataDA,
  title={Data decisions and theoretical implications when adversarially learning fair representations},
  author={Alex Beutel and Jilin Chen and Zhe Zhao and Ed Huai-hsin Chi},
  journal={arXiv},
  year={2017},
}

@inproceedings{diana2021,
  title={Minimax group fairness: Algorithms and experiments},
  author={Emily Diana and Wesley Gill and Michael Kearns and Krishnaram Kenthapadi and Aaron Roth},
  booktitle={AIES},
  year={2021}
}

@article{donahue2016bigan,
  title={Adversarial feature learning},
  author={Jeff Donahue and Philipp Kr\"ahenb\"uhl and Trevor Darrell},
  journal={arXiv},
  year={2016}
}

@inproceedings{donini2018,
    title={Empirical risk minimization under fairness constraints},
    author={Michele Donini and Luca Oneto and Shai Ben-David and John Shawe-Taylor and Massimiliano Pontil},
    booktitle={NeurIPS},
    year={2018}
}

@article{dumoulin2016adversarially,
  title={Adversarially learned inference},
  author={Vincent Dumoulin and Ishmael Belghazi and Ben Poole and Olivier Mastropietro and Alex Lamb and Martin Arjovsky and Aaron Courville},
  journal={arXiv},
  year={2016}
}

@inproceedings{kim2019learning,
    title={Learning not to learn: Training deep neural networks with biased data},
    author={Byungju Kim and Hyunwoo Kim and Kyungsu Kim and Sungjin Kim and Junmo Kim},
    booktitle={CVPR},
    year={2019}
    }

@inproceedings{kleindessner_ordinal_regression,
  title={Pairwise fairness for ordinal regression},
  author={Matthäus Kleindessner and Samira Samadi and Muhammad~Bilal Zafar and Krishnaram Kenthapadi and Chris Russell},
  booktitle={AISTATS},
  year={2022}
}

@inproceedings{lohaus2020,
  title={Too relaxed to be fair},
  author={Michael Lohaus and Michael Perrot and Ulrike von Luxburg},
  booktitle={ICML},
  year={2020}
}

@inproceedings{martinez2020,
  title={Minimax pareto fairness: A multi objective perspective},
  author={Natalia Martinez and Martin Bertrana and Guillermo Sapiro},
  booktitle={ICML},
  year={2020}
}

@inproceedings{padala2020fnnc,
    title={Fnnc: Achieving fairness through neural networks},
    author={Manisha Padala and Sujit Gujar},
    booktitle={IJCAI},
    year={2020}
    }


@inproceedings{zafar2017,
    title={Fairness constraints: Mechanisms for fair classification},
    author={Muhammad~Bilal Zafar and Isabel Valera and Manuel~Gomez Rogriguez and Krishna~P Gummadi},
    booktitle={AISTATS},
    year={2017}
    }

@article{vapnik1999overview,
  title={An overview of statistical learning theory},
  author={Vapnik, Vladimir N},
  journal={IEEE transactions on neural networks},
  volume={10},
  number={5},
  year={1999},
}

@inproceedings{wang2020towards,
  title={Towards fairness in visual recognition: Effective strategies for bias mitigation},
  author={Wang, Zeyu and Qinami, Klint and Karakozis, Ioannis Christos and Genova, Kyle and Nair, Prem and Hata, Kenji and Russakovsky, Olga},
  booktitle={CVPR},
  year={2020}
}
@inproceedings{madras2018learning,
  title={Learning adversarially fair and transferable representations},
  author={Madras, David and Creager, Elliot and Pitassi, Toniann and Zemel, Richard},
  booktitle={ICML},
  year={2018},
}

@inproceedings{
Zhao2020Conditional,
title={Conditional learning of fair representations},
author={Han Zhao and Amanda Coston and Tameem Adel and Geoffrey J. Gordon},
booktitle={ICLR},
year={2020},
}



@inproceedings{tartaglione2021end,
  title={End: Entangling and disentangling deep representations for bias correction},
  author={Tartaglione, Enzo and Barbano, Carlo Alberto and Grangetto, Marco},
  booktitle={CVPR},
  year={2021}
}


@inproceedings{
Sagawa2020Distributionally,
title={Distributionally Robust Neural Networks},
author={Shiori Sagawa and Pang Wei Koh and Tatsunori B. Hashimoto and Percy Liang},
booktitle={ICLR},
year={2020},
}

@article{cha2021swad,
  title={Swad: Domain generalization by seeking flat minima},
  author={Cha, Junbum and Chun, Sanghyuk and Lee, Kyungjae and Cho, Han-Cheol and Park, Seunghyun and Lee, Yunsung and Park, Sungrae},
  journal={NeurIPS},
  year={2021}
}

@inproceedings{
foret2021sharpnsesaware,
title={Sharpness-aware Minimization for eficiently improving generalization},
author={Pierre Foret and Ariel Kleiner and Hossein Mobahi and Behnam Neyshabur},
booktitle={ICLR},
year={2021},
}

@inproceedings{azizi2021big,
  title={Big self-supervised models advance medical image classification},
  author={Azizi, Shekoofeh and Mustafa, Basil and Ryan, Fiona and Beaver, Zachary and Freyberg, Jan and Deaton, Jonathan and Loh, Aaron and Karthikesalingam, Alan and Kornblith, Simon and Chen, Ting and others},
  booktitle={CVPR},
  year={2021}
}

@inproceedings{chen2020simple,
  title={A simple framework for contrastive learning of visual representations},
  author={Chen, Ting and Kornblith, Simon and Norouzi, Mohammad and Hinton, Geoffrey},
  booktitle={ICML},
  year={2020},
}

@article{maron2019systematic,
  title={Systematic outperformance of 112 dermatologists in multiclass skin cancer image classification by convolutional neural networks},
  author={Maron, Roman C and Weichenthal, Michael and Utikal, Jochen S and Hekler, Achim and Berking, Carola and Hauschild, Axel and Enk, Alexander H and Haferkamp, Sebastian and Klode, Joachim and Schadendorf, Dirk and others},
  journal={European Journal of Cancer},
  volume={119},
  year={2019},
}

@inproceedings{jamieson2016non,
  title={Non-stochastic best arm identification and hyperparameter optimization},
  author={Jamieson, Kevin and Talwalkar, Ameet},
  booktitle={AISTATS},
  year={2016},
}

@article{lloyd2018amplification,
  author    = {Lloyd, Kirsten},
  title     = {Bias amplification in artificial intelligence systems},
  journal   = {arXiv},
  year      = {2018}
}

@article{Hall2022ASS,
  title={A systematic study of bias amplification},
  author={Melissa Hall and Laurens van der Maaten and Laura Gustafson and Aaron B. Adcock},
  journal={ArXiv},
  year={2022},
}

@inproceedings{agarwal2018reductions,
  title={A reductions approach to fair classification},
  author={Agarwal, Alekh and Beygelzimer, Alina and Dudik, Miroslav and Langford, John and Wallach, Hanna},
  booktitle={ICML},
  year={2018},
}

@inproceedings{agarwal2019fair,
  title={Fair regression: Quantitative definitions and reduction-based algorithms},
  author={Agarwal, Alekh and Dudik, Miroslav and Wu, Zhiwei Steven},
  booktitle={ICML},
  year={2019}
}

@misc{barocas2019fairness,
  title={Fairness and Machine Learning. fairmlbook. org},
  author={Barocas, Solon and Hardt, Moritz and Narayanan, Arvind},
  year={2019}
}

@article{Fairlearn,
  author  = {Hilde Weerts and Miroslav Dudik and Richard Edgar and Adrin Jalali and Roman Lutz and Michael Madaio},
  title   = {Fairlearn: Assessing and Improving Fairness of AI Systems},
  journal = {JMLR},
  year    = {2023}
}

@inproceedings{FSCL,
  title={Fair contrastive learning for facial attribute classification},
  author={Park, Sungho and Lee, Jewook and Lee, Pilhyeon and Hwang, Sunhee and Kim, Dohyung and Byun, Hyeran},
  booktitle={CVPR},
  year={2022}
}

@article{shim2021core,
  title={Core-set sampling for efficient neural architecture search},
  author={Shim, Jae-hun and Kong, Kyeongbo and Kang, Suk-Ju},
  journal={arXiv},
  year={2021}
}

@inproceedings{visalpara2021data,
  title={A data subset selection framework for efficient hyper-parameter tuning and automatic machine learning},
  author={Visalpara, Savan and Killamsetty, Krishnateja and Iyer, Rishabh},
  booktitle={ICML Workshops},
  year={2021}
}

@article{luo2023harvard,
  title={Harvard Glaucoma Fairness: A Retinal Nerve Disease Dataset for Fairness Learning and Fair Identity Normalization},
  author={Luo, Yan and Tian, Yu and Shi, Min and Elze, Tobias and Wang, Mengyu},
  journal={arXiv},
  year={2023}
}

@inproceedings{he2022masked,
  title={Masked autoencoders are scalable vision learners},
  author={He, Kaiming and Chen, Xinlei and Xie, Saining and Li, Yanghao and Doll{\'a}r, Piotr and Girshick, Ross},
  booktitle={CVPR},
  year={2022}
}

@article{dutt2022automatic,
  title={Automatic localization and brand detection of cervical spine hardware on radiographs using weakly supervised machine learning},
  author={Dutt, Raman and Mendonca, Dylan and Phen, Huai Ming and Broida, Samuel and Ghassemi, Marzyeh and Gichoya, Judy and Banerjee, Imon and Yoon, Tim and Trivedi, Hari},
  journal={Radiology: Artificial Intelligence},
  publisher={Radiological Society of North America}
}

@article{vats2022early,
  title={Early Prediction of Hemodynamic Shock in Pediatric Intensive Care Units With Deep Learning on Thermal Videos},
  author={Vats, Vanshika and Nagori, Aditya and Singh, Pradeep and Dutt, Raman and Bandhey, Harsh and Wason, Mahika and Lodha, Rakesh and Sethi, Tavpritesh},
  journal={Frontiers in Physiology},
  publisher={Frontiers}
}

@inproceedings{
dutt2024fairtune,
title={FairTune: Optimizing Parameter Efficient Fine Tuning for Fairness in Medical Image Analysis},
author={Raman Dutt and Ondrej Bohdal and Sotirios A. Tsaftaris and Timothy Hospedales},
booktitle={The Twelfth International Conference on Learning Representations},
year={2024},
url={https://openreview.net/forum?id=ArpwmicoYW}
}

@inproceedings{bai2021training,
  title={On training sample memorization: Lessons from benchmarking generative modeling with a large-scale competition},
  author={Bai, Ching-Yuan and Lin, Hsuan-Tien and Raffel, Colin and Kan, Wendy Chi-wen},
  booktitle={Proceedings of the 27th ACM SIGKDD conference on knowledge discovery \& data mining},
  year={2021}
}


@inproceedings{carlini2023extracting,
  title={Extracting training data from diffusion models},
  author={Carlini, Nicolas and Hayes, Jamie and Nasr, Milad and Jagielski, Matthew and Sehwag, Vikash and Tramer, Florian and Balle, Borja and Ippolito, Daphne and Wallace, Eric},
  booktitle={32nd USENIX Security Symposium (USENIX Security 23)},
}

@article{somepalli2023understanding,
  title={Understanding and mitigating copying in diffusion models},
  author={Somepalli, Gowthami and Singla, Vasu and Goldblum, Micah and Geiping, Jonas and Goldstein, Tom},
  journal={Advances in Neural Information Processing Systems},
  volume={36},
  year={2023}
}

@article{fernandez2023privacy,
  title={Privacy distillation: reducing re-identification risk of multimodal diffusion models},
  author={Fernandez, Virginia and Sanchez, Pedro and Pinaya, Walter Hugo Lopez and Jacenk{\'o}w, Grzegorz and Tsaftaris, Sotirios A and Cardoso, Jorge},
  journal={arXiv:2306.01322},
  year={2023}
}

@article{akbar2023beware,
  title={Beware of diffusion models for synthesizing medical images-a comparison with GANs in terms of memorizing brain MRI and chest x-ray images},
  author={Akbar, Muhammad Usman and Wang, Wuhao and Eklund, Anders},
  journal={Available at SSRN 4611613},
  year={2023}
}

@inproceedings{wang2023diagnosis,
  title={DIAGNOSIS: Detecting Unauthorized Data Usages in Text-to-image Diffusion Models},
  author={Wang, Zhenting and Chen, Chen and Lyu, Lingjuan and Metaxas, Dimitris N and Ma, Shiqing},
  booktitle={The Twelfth International Conference on Learning Representations},
  year={2023}
}

@article{dosovitskiy2020image,
  title={An image is worth 16x16 words: Transformers for image recognition at scale},
  author={Dosovitskiy, Alexey and Beyer, Lucas and Kolesnikov, Alexander and Weissenborn, Dirk and Zhai, Xiaohua and Unterthiner, Thomas and Dehghani, Mostafa and Minderer, Matthias and Heigold, Georg and Gelly, Sylvain and others},
  journal={arXiv},
  year={2020}
}
@InProceedings{kornblith2019better,
  author    = {Kornblith, Simon and Shlens, Jonathon and Le, Quoc V},
  booktitle = {CVPR},
  title     = {Do better imagenet models transfer better?},
  year      = {2019},
}
@INPROCEEDINGS{ImageNet,
  author={Deng, Jia and Dong, Wei and Socher, Richard and Li, Li-Jia and Kai Li and Li Fei-Fei},
  booktitle={CVPR}, 
  title={ImageNet: A large-scale hierarchical image database}, 
  year={2009}}

@inproceedings{houlsby2019parameter,
  title={Parameter-efficient transfer learning for NLP},
  author={Houlsby, Neil and Giurgiu, Andrei and Jastrzebski, Stanislaw and Morrone, Bruna and De Laroussilhe, Quentin and Gesmundo, Andrea and Attariyan, Mona and Gelly, Sylvain},
  booktitle={ICML},
  year={2019},
}



@article{chen2022conv,
  title={Conv-adapter: Exploring parameter efficient transfer learning for convnets},
  author={Chen, Hao and Tao, Ran and Zhang, Han and Wang, Yidong and Ye, Wei and Wang, Jindong and Hu, Guosheng and Savvides, Marios},
  journal={arXiv},
  year={2022}
}


@article{kirillov2023segment,
  title={Segment anything},
  author={Kirillov, Alexander and Mintun, Eric and Ravi, Nikhila and Mao, Hanzi and Rolland, Chloe and Gustafson, Laura and Xiao, Tete and Whitehead, Spencer and Berg, Alexander C and Lo, Wan-Yen and others},
  journal={arXiv},
  year={2023}
}

@article{ma2023segment,
  title={Segment anything in medical images},
  author={Ma, Jun and Wang, Bo},
  journal={arXiv},
  year={2023}
}

@article{wu2023medical,
  title={Medical sam adapter: Adapting segment anything model for medical image segmentation},
  author={Wu, Junde and Fu, Rao and Fang, Huihui and Liu, Yuanpei and Wang, Zhaowei and Xu, Yanwu and Jin, Yueming and Arbel, Tal},
  journal={arXiv},
  year={2023}
}

@article{fischer2022prompt,
  title={Prompt Tuning for Parameter-efficient Medical Image Segmentation},
  author={Fischer, Marc and Bartler, Alexander and Yang, Bin},
  journal={arXiv},
  year={2022}
}

@article{silva2023transductive,
  title={Transductive few-shot adapters for medical image segmentation},
  author={Silva-Rodr{\'\i}guez, Julio and Dolz, Jose and Ayed, Ismail Ben},
  journal={arXiv},
  year={2023}
}

@article{zhang2023customized,
  title={Customized segment anything model for medical image segmentation},
  author={Zhang, Kaidong and Liu, Dong},
  journal={arXiv},
  year={2023}
}


@InProceedings{tang2022self,
  author    = {Tang, Yucheng and Yang, Dong and Li, Wenqi and Roth, Holger R and Landman, Bennett and Xu, Daguang and Nath, Vishwesh and Hatamizadeh, Ali},
  booktitle = {CVPR},
  title     = {Self-supervised pre-training of swin transformers for 3d medical image analysis},
  year      = {2022},
}

@article{ba2016layer,
  title={Layer normalization},
  author={Ba, Jimmy Lei and Kiros, Jamie Ryan and Hinton, Geoffrey E},
  journal={arXiv},
  year={2016}
}

@misc{rw2019timm,
  author = {Ross Wightman},
  title = {PyTorch Image Models},
  year = {2019},
  publisher = {GitHub},
  journal = {GitHub repository},
  howpublished = {\url{https://github.com/rwightman/pytorch-image-models}}
}

@article{burlina2021addressing,
  title={Addressing artificial intelligence bias in retinal diagnostics},
  author={Burlina, Philippe and Joshi, Neil and Paul, William and Pacheco, Katia D and Bressler, Neil M},
  journal={Translational Vision Science \& Technology},
  volume={10},
  number={2},
  year={2021},
  publisher={The Association for Research in Vision and Ophthalmology}
}

@article{bergstra2012random,
  title={Random search for hyper-parameter optimization.},
  author={Bergstra, James and Bengio, Yoshua},
  journal={Journal of machine learning research},
  volume={13},
  number={2},
  year={2012}
}

@article{bergstra2011algorithms,
  title={Algorithms for hyper-parameter optimization},
  author={Bergstra, James and Bardenet, R{\'e}mi and Bengio, Yoshua and K{\'e}gl, Bal{\'a}zs},
  journal={NeurIPS},
  year={2011}
}

@inproceedings{
bohdal2023pasha,
title={{PASHA}: Efficient {HPO} and {NAS} with Progressive Resource Allocation},
author={Ondrej Bohdal and Lukas Balles and Martin Wistuba and Beyza Ermis and Cedric Archambeau and Giovanni Zappella},
booktitle={ICLR},
year={2023},
}

@article{ASHA,
  title={A system for massively parallel hyperparameter tuning},
  author={Li, Liam and Jamieson, Kevin and Rostamizadeh, Afshin and Gonina, Ekaterina and Ben-Tzur, Jonathan and Hardt, Moritz and Recht, Benjamin and Talwalkar, Ameet},
  journal={MLSys},
  year={2020}
}

@article{li2017hyperband,
  title={Hyperband: A novel bandit-based approach to hyperparameter optimization},
  author={Li, Lisha and Jamieson, Kevin and DeSalvo, Giulia and Rostamizadeh, Afshin and Talwalkar, Ameet},
  journal={JMLR},
  volume={18},
  number={1},
  year={2017},
}


@inproceedings{cruz2021promoting,
  title={Promoting fairness through hyperparameter optimization},
  author={Cruz, Andr{\'e} F and Saleiro, Pedro and Bel{\'e}m, Catarina and Soares, Carlos and Bizarro, Pedro},
  booktitle={ICDM},
  year={2021},
}

@book{Hutter2019AutomatedML,
  title={Automated machine learning},
  subtitle = {Methods, systems, challenges},
  author={Frank Hutter and Lars Kotthoff and Joaquin Vanschoren},
  publisher={Springer},
  year={2019}
}


@inproceedings{Ozaki2020MultiobjectiveProblems,
    title = {{Multiobjective tree-structured parzen estimator for computationally expensive optimization problems}},
    year = {2020},
    booktitle = {Genetic and Evolutionary Computation Conference},
    author = {Ozaki, Yoshihiko and Tanigaki, Yuki and Watanabe, Shuhei and Onishi, Masaki}
}


@inproceedings{bohdal2023meta-calibration,
  title={Meta-Calibration: Learning of model calibration using differentiable expected calibration error},
  author={Bohdal, Ondrej and Yang, Yongxin and Hospedales, Timothy},
  booktitle={TMLR},
  year={2023}
}

@article{seyyed2021underdiagnosis,
  title={Underdiagnosis bias of artificial intelligence algorithms applied to chest radiographs in under-served patient populations},
  author={Seyyed-Kalantari, Laleh and Zhang, Haoran and McDermott, Matthew BA and Chen, Irene Y and Ghassemi, Marzyeh},
  journal={Nature medicine},
  volume={27},
  number={12},
  year={2021},
}

@article{ricci2022addressing,
  title={Addressing fairness in artificial intelligence for medical imaging},
  author={Ricci Lara, Mar{\'\i}a Agustina and Echeveste, Rodrigo and Ferrante, Enzo},
  journal={Nature Communications},
  volume={13},
  number={1},
  year={2022},
}

@article{maier2018rankings,
  title={Why rankings of biomedical image analysis competitions should be interpreted with care},
  author={Maier-Hein, Lena and Eisenmann, Matthias and Reinke, Annika and Onogur, Sinan and Stankovic, Marko and Scholz, Patrick and Arbel, Tal and Bogunovic, Hrvoje and Bradley, Andrew P and Carass, Aaron and others},
  journal={Nature communications},
  volume={9},
  number={1},
  year={2018},
}

@inproceedings{deng2023fairness,
  title={On fairness of medical image classification with multiple sensitive attributes via learning orthogonal representations},
  author={Deng, Wenlong and Zhong, Yuan and Dou, Qi and Li, Xiaoxiao},
  booktitle={International Conference on Information Processing in Medical Imaging},
  year={2023},
}

@inproceedings{adeli2021representation,
  title={Representation learning with statistical independence to mitigate bias},
  author={Adeli, Ehsan and Zhao, Qingyu and Pfefferbaum, Adolf and Sullivan, Edith V and Fei-Fei, Li and Niebles, Juan Carlos and Pohl, Kilian M},
  booktitle={WACV},
  year={2021}
}

@article{dullerud2022fairness,
  title={Is fairness only metric deep? Evaluating and addressing subgroup gaps in deep metric learning},
  author={Dullerud, Natalie and Roth, Karsten and Hamidieh, Kimia and Papernot, Nicolas and Ghassemi, Marzyeh},
  journal={arXiv},
  year={2022}
}

@inproceedings{sarhan2020fairness,
  title={Fairness by learning orthogonal disentangled representations},
  author={Sarhan, Mhd Hasan and Navab, Nassir and Eslami, Abouzar and Albarqouni, Shadi},
  booktitle={ECCV},
  year={2020},
}

@article{shui2022learning,
  title={On learning fairness and accuracy on multiple subgroups},
  author={Shui, Changjian and Xu, Gezheng and Chen, Qi and Li, Jiaqi and Ling, Charles X and Arbel, Tal and Wang, Boyu and Gagn{\'e}, Christian},
  journal={NeurIPS},
  year={2022}
}

@inproceedings{deng2023fairness,
  title={On fairness of medical image classification with multiple sensitive attributes via learning orthogonal representations},
  author={Deng, Wenlong and Zhong, Yuan and Dou, Qi and Li, Xiaoxiao},
  booktitle={International Conference on Information Processing in Medical Imaging},
  year={2023},
}

@article{jeong2023emory,
  title={The EMory BrEast imaging Dataset (EMBED): A racially diverse, granular dataset of 3.4 million screening and diagnostic mammographic images},
  author={Jeong, Jiwoong J and Vey, Brianna L and Bhimireddy, Ananth and Kim, Thomas and Santos, Thiago and Correa, Ramon and Dutt, Raman and Mosunjac, Marina and Oprea-Ilies, Gabriela and Smith, Geoffrey and others},
  journal={Radiology: Artificial Intelligence},
  volume={5},
  number={1},
  year={2023},
}

@article{hospedales2021meta,
  title={Meta-learning in neural networks: A survey},
  author={Hospedales, Timothy and Antoniou, Antreas and Micaelli, Paul and Storkey, Amos},
  journal={IEEE transactions on pattern analysis and machine intelligence},
  volume={44},
  number={9},
  year={2021},
}

@inproceedings{huang2019addressing,
  title={Addressing the loss-metric mismatch with adaptive loss alignment},
  author={Huang, Chen and Zhai, Shuangfei and Talbott, Walter and Martin, Miguel Bautista and Sun, Shih-Yu and Guestrin, Carlos and Susskind, Josh},
  booktitle={ICML},
  year={2019},
}

@article{cubuk2018autoaugment,
  title={Autoaugment: Learning augmentation policies from data},
  author={Cubuk, Ekin D and Zoph, Barret and Mane, Dandelion and Vasudevan, Vijay and Le, Quoc V},
  journal={arXiv},
  year={2018}
}

@phdthesis{schmidhuber1987evolutionary,
  title={Evolutionary principles in self-referential learning, or on learning how to learn: the meta-meta-... hook},
  author={Schmidhuber, J{\"u}rgen},
  year={1987},
  school={Technische Universit{\"a}t M{\"u}nchen}
}

@article{stanley2019designing,
  title={Designing neural networks through neuroevolution},
  author={Stanley, Kenneth O and Clune, Jeff and Lehman, Joel and Miikkulainen, Risto},
  journal={Nature Machine Intelligence},
  volume={1},
  number={1},
  year={2019},
}

@article{salimans2017evolution,
  title={Evolution strategies as a scalable alternative to reinforcement learning},
  author={Salimans, Tim and Ho, Jonathan and Chen, Xi and Sidor, Szymon and Sutskever, Ilya},
  journal={arXiv},
  year={2017}
}

@inproceedings{ravi2016optimization,
  title={Optimization as a model for few-shot learning},
  author={Ravi, Sachin and Larochelle, Hugo},
  booktitle={ICLR},
  year={2016}
}

@inproceedings{finn2017model,
  title={Model-agnostic meta-learning for fast adaptation of deep networks},
  author={Finn, Chelsea and Abbeel, Pieter and Levine, Sergey},
  booktitle={ICML},
  year={2017},
}

@inproceedings{li2019feature,
  title={Feature-critic networks for heterogeneous domain generalization},
  author={Li, Yiying and Yang, Yongxin and Zhou, Wei and Hospedales, Timothy},
  booktitle={ICML},
  year={2019},
}

@inproceedings{franceschi2017forward,
  title={Forward and reverse gradient-based hyperparameter optimization},
  author={Franceschi, Luca and Donini, Michele and Frasconi, Paolo and Pontil, Massimiliano},
  booktitle={ICML},
  year={2017},
}

@article{xu2023progress,
      title={Progress and prospects for fairness in healthcare and medical image analysis}, 
      author={Zikang Xu and Jun Li and Qingsong Yao and S. Kevin Zhou},
      year={2023},
      journal={arXiv},
}

@inproceedings{irvin2019chexpert,
  title={Chexpert: A large chest radiograph dataset with uncertainty labels and expert comparison},
  author={Irvin, Jeremy and Rajpurkar, Pranav and Ko, Michael and Yu, Yifan and Ciurea-Ilcus, Silviana and Chute, Chris and Marklund, Henrik and Haghgoo, Behzad and Ball, Robyn and Shpanskaya, Katie and others},
  booktitle={AAAI},
  year={2019}
}


@InProceedings{yosinski2014howTransferable,
  Title                    = {How transferable are features in deep neural networks?},
  Author                   = {Jason Yosinski and Jeff Clune and Yoshua Bengio and Hod Lipson},
  Booktitle                = {NIPS},
  Year                     = {2014}
}

@inproceedings{sagawa2020groupDRO,
title={Distributionally robust neural networks},
author={Shiori Sagawa and Pang Wei Koh and Tatsunori B. Hashimoto and Percy Liang},
booktitle={ICLR},
year={2020},
}

@inproceedings{zhang2022improving,
  title={Improving the fairness of chest x-ray classifiers},
  author={Zhang, Haoran and Dullerud, Natalie and Roth, Karsten and Oakden-Rayner, Lauren and Pfohl, Stephen and Ghassemi, Marzyeh},
  booktitle={Conference on Health, Inference, and Learning},
  year={2022},
}

@article{sudlow2015uk,
  title={UK biobank: an open access resource for identifying the causes of a wide range of complex diseases of middle and old age},
  author={Sudlow, Cathie and Gallacher, John and Allen, Naomi and Beral, Valerie and Burton, Paul and Danesh, John and Downey, Paul and Elliott, Paul and Green, Jane and Landray, Martin and others},
  journal={PLoS medicine},
  volume={12},
  number={3},
  year={2015},
}

@article{liu2021unifiedBiLevel,
  author        = {Risheng Liu and Jiaxin Gao and Jin Zhang and Deyu Meng and Zhouchen Lin},
  title         = {Investigating bi-Level optimization for learning and vision from a unified perspective: A survey and beyond},
  journal = {arXiv},
  year          = {2021},
}

@article{feurer2019hyperparameter,
  title={Hyperparameter optimization},
  author={Feurer, Matthias and Hutter, Frank},
  journal={Automated machine learning: Methods, systems, challenges},
  year={2019},
  publisher={Springer International Publishing}
}

@Article{sinha2018bilevelSurvey,
  author   = {A. {Sinha} and P. {Malo} and K. {Deb}},
  title    = {A review on bilevel optimization: From classical to evolutionary approaches and applications},
  journal  = {IEEE Transactions on Evolutionary Computation},
  year     = {2018},
  volume   = {22},
  number   = {2},
}

@article{clark2013cancer,
  title={The cancer imaging archive (TCIA): maintaining and operating a public information repository},
  author={Clark, Kenneth and Vendt, Bruce and Smith, Kirk and Freymann, John and Kirby, Justin and Koppel, Paul and Moore, Stephen and Phillips, Stanley and Maffitt, David and Pringle, Michael and others},
  journal={Journal of digital imaging},
  volume={26},
  year={2013},
}

@article{hooker2021moving,
  title={Moving beyond “algorithmic bias is a data problem”},
  author={Hooker, Sara},
  journal={Patterns},
  volume={2},
  number={4},
  year={2021},
}

@article{winkler2019association,
  title={Association between surgical skin markings in dermoscopic images and diagnostic performance of a deep learning convolutional neural network for melanoma recognition},
  author={Winkler, Julia K and Fink, Christine and Toberer, Ferdinand and Enk, Alexander and Deinlein, Teresa and Hofmann-Wellenhof, Rainer and Thomas, Luc and Lallas, Aimilios and Blum, Andreas and Stolz, Wilhelm and others},
  journal={JAMA dermatology},
  volume={155},
  number={10},
  year={2019},
}

@inproceedings{zhang2022stroke,
  title={Stroke lesion segmentation from low-quality and few-shot MRIs via similarity-weighted self-ensembling framework},
  author={Zhang, Dong and Confidence, Raymond and Anazodo, Udunna},
  booktitle={MICCAI},
  year={2022},
}

@inproceedings{akiba2019optuna,
  title={Optuna: A next-generation hyperparameter optimization framework},
  author={Akiba, Takuya and Sano, Shotaro and Yanase, Toshihiko and Ohta, Takeru and Koyama, Masanori},
  booktitle={KDD},
  year={2019}
}

@article{kovalyk2022papila,
  title={PAPILA: Dataset with fundus images and clinical data of both eyes of the same patient for glaucoma assessment},
  author={Kovalyk, Oleksandr and Morales-S{\'a}nchez, Juan and Verd{\'u}-Monedero, Rafael and Sell{\'e}s-Navarro, Inmaculada and Palaz{\'o}n-Cabanes, Ana and Sancho-G{\'o}mez, Jos{\'e}-Luis},
  journal={Scientific Data},
  volume={9},
  number={1},
  year={2022},
}

@article{zambrano2021opportunistic,
  title={Opportunistic assessment of ischemic heart disease risk using abdominopelvic computed tomography and medical record data: a multimodal explainable artificial intelligence approach},
  author={Zambrano Chaves, Juan M and Chaudhari, Akshay S and Wentland, Andrew L and Desai, Arjun D and Banerjee, Imon and Boutin, Robert D and Maron, David J and Rodriguez, Fatima and Sandhu, Alexander T and Jeffrey, R Brooke and others},
  journal={medRxiv},
  year={2021},
}

@data{HAM10000,
author = {Tschandl, Philipp},
publisher = {Harvard Dataverse},
title = {{The HAM10000 dataset, a large collection of multi-source dermatoscopic images of common pigmented skin lesions}},
year = {2018},
}

@inproceedings{groh2021evaluating,
  title={Evaluating deep neural networks trained on clinical images in dermatology with the fitzpatrick 17k dataset},
  author={Groh, Matthew and Harris, Caleb and Soenksen, Luis and Lau, Felix and Han, Rachel and Kim, Aerin and Koochek, Arash and Badri, Omar},
  booktitle={CVPR},
  year={2021}
}

And the second paper:

@article{groh2022towards,
  title={Towards transparency in dermatology image datasets with skin tone annotations by experts, crowds, and an algorithm},
  author={Groh, Matthew and Harris, Caleb and Daneshjou, Roxana and Badri, Omar and Koochek, Arash},
  journal={arXiv},
  year={2022}
}

@article{marcus2007open,
  title={Open Access Series of Imaging Studies (OASIS): cross-sectional MRI data in young, middle aged, nondemented, and demented older adults},
  author={Marcus, Daniel S and Wang, Tracy H and Parker, Jamie and Csernansky, John G and Morris, John C and Buckner, Randy L},
  journal={Journal of cognitive neuroscience},
  volume={19},
  number={9},
  year={2007},
}

@inproceedings{zong2023medfair,
  title={MEDFAIR: Benchmarking Fairness for Medical Imaging},
  author={Zong, Yongshuo and Yang, Yongxin and Hospedales, Timothy M},
  booktitle={ICLR},
  year={2023}
}

@article{loshchilov2016sgdr,
  title={Sgdr: Stochastic gradient descent with warm restarts},
  author={Loshchilov, Ilya and Hutter, Frank},
  journal={arXiv},
  year={2016}
}


@book{rawls2001justice,
  title={Justice as fairness: A restatement},
  author={Rawls, John},
  year={2001},
  publisher={Harvard University Press}
}

@inproceedings{diana2021minimax,
  title={Minimax group fairness: Algorithms and experiments},
  author={Diana, Emily and Gill, Wesley and Kearns, Michael and Kenthapadi, Krishnaram and Roth, Aaron},
  booktitle={AIES},
  year={2021}
}

@inproceedings{martinez2020minimax,
  title={Minimax pareto fairness: A multi objective perspective},
  author={Martinez, Natalia and Bertran, Martin and Sapiro, Guillermo},
  booktitle={ICML},
  year={2020},
}

@inproceedings{zhang2018fairness,
author = {Zhang, Brian Hu and Lemoine, Blake and Mitchell, Margaret},
title = {Mitigating uwanted biases with adversarial learning},
year = {2018},
booktitle = {AIES},
}

@inproceedings{alvi2018turning,
  title={Turning a blind eye: Explicit removal of biases and variation from deep neural network embeddings},
  author={Alvi, Mohsan and Zisserman, Andrew and Nell{\aa}ker, Christoffer},
  booktitle={ECCV Workshops},
  year={2018}
}

@inproceedings{wu2022fairprune,
  title={Fairprune: Achieving fairness through pruning for dermatological disease diagnosis},
  author={Wu, Yawen and Zeng, Dewen and Xu, Xiaowei and Shi, Yiyu and Hu, Jingtong},
  booktitle={International Conference on Medical Image Computing and Computer-Assisted Intervention},
  year={2022},
}

@inproceedings{dwork2012fairness,
  title={Fairness through awareness},
  author={Dwork, Cynthia and Hardt, Moritz and Pitassi, Toniann and Reingold, Omer and Zemel, Richard},
  booktitle={Proceedings of the 3rd innovations in theoretical computer science conference},
  year={2012}
}
@inproceedings{verma2018fairness,
  title={Fairness definitions explained},
  author={Verma, Sahil and Rubin, Julia},
  booktitle={International workshop on software fairness (fairware)},
  year={2018},
}

@inproceedings{yii2022rethinking,
  title={Rethinking retinal image quality: Treating quality threshold as a tunable hyperparameter},
  author={Yii, Fabian SL and Dutt, Raman and MacGillivray, Tom and Dhillon, Baljean and Bernabeu, Miguel and Strang, Niall},
  booktitle={International Workshop on Ophthalmic Medical Image Analysis},
  year={2022},
}

@article{Mehrabi2021ASO,
  title={A Survey on bias and fairness in machine learning},
  author={Ninareh Mehrabi and Fred Morstatter and Nripsuta Ani Saxena and Kristina Lerman and A. G. Galstyan},
  journal={ACM Computing Surveys},
  year={2021},
}

@article{caton2023fairness,
  title={Fairness in machine learning: A survey},
  author={Caton, Simon and Haas, Christian},
  journal={ACM Computing Surveys},
  year={2023},
}

@InProceedings{zietlow2022levelingDown,
  author    = {Zietlow, Dominik and Lohaus, Michael and Balakrishnan, Guha and Kleindessner, Matth{\"a}us and Locatello, Francesco and Sch{\"o}lkopf, Bernhard and Russell, Chris},
  booktitle = {CVPR},
  title     = {Leveling down in computer vision: Pareto inefficiencies in fair deep classifiers},
  year      = {2022},
}

@Article{ghesu2022selfSupMedical,
  author   = {Ghesu, Florin C and Georgescu, Bogdan and Mansoor, Awais and Yoo, Youngjin and Neumann, Dominik and Patel, Pragneshkumar and Vishwanath, RS and Balter, James M and Cao, Yue and Grbic, Sasa and others},
  title    = {Self-supervised learning from 100 million medical images},
  journal  = {arXiv},
  year     = {2022},
}

@article{larrazabal2020gender,
  title={Gender imbalance in medical imaging datasets produces biased classifiers for computer-aided diagnosis},
  author={Larrazabal, Agostina J and Nieto, Nicol{\'a}s and Peterson, Victoria and Milone, Diego H and Ferrante, Enzo},
  journal={Proceedings of the National Academy of Sciences},
  volume={117},
  number={23},
  year={2020},
}

@article{obermeyer2019dissecting,
  title={Dissecting racial bias in an algorithm used to manage the health of populations},
  author={Obermeyer, Ziad and Powers, Brian and Vogeli, Christine and Mullainathan, Sendhil},
  journal={Science},
  volume={366},
  number={6464},
  year={2019},
}

@article{esteva2021deep,
  title={Deep learning-enabled medical computer vision},
  author={Esteva, Andre and Chou, Katherine and Yeung, Serena and Naik, Nikhil and Madani, Ali and Mottaghi, Ali and Liu, Yun and Topol, Eric and Dean, Jeff and Socher, Richard},
  journal={NPJ digital medicine},
  volume={4},
  number={1},
  year={2021},
}

@Article{mei2022radimagenet,
  author    = {Mei, Xueyan and Liu, Zelong and Robson, Philip M and Marinelli, Brett and Huang, Mingqian and Doshi, Amish and Jacobi, Adam and Cao, Chendi and Link, Katherine E and Yang, Thomas and others},
  title     = {RadImageNet: An open radiologic deep learning research dataset for effective transfer learning},
  number    = {5},
  volume    = {4},
  journal   = {Radiology: Artificial Intelligence},
  year      = {2022},
}

@Article{tiu2022expertChest,
  author    = {Tiu, Ekin and Talius, Ellie and Patel, Pujan and Langlotz, Curtis P and Ng, Andrew Y and Rajpurkar, Pranav},
  title     = {Expert-level detection of pathologies from unannotated chest X-ray images via self-supervised learning},
  journal   = {Nature Biomedical Engineering},
  year      = {2022},
}

@article{chawla2002bias,
author = {Chawla, Nitesh V. and Bowyer, Kevin W. and Hall, Lawrence O. and Kegelmeyer, W. Philip},
title = {{SMOTE}: Synthetic minority over-sampling technique},
year = {2002},
journal = {Journal of Artificial Intelligence Research},
}

@inproceedings{Idrissi2022balancing,
  title = 	 {Simple data balancing achieves competitive worst-group-accuracy},
  author =       {Idrissi, Badr Youbi and Arjovsky, Martin and Pezeshki, Mohammad and Lopez-Paz, David},
  booktitle = 	 {Conference on Causal Learning and Reasoning},
  year = 	 {2022},
}

@inproceedings{wang2020fair,
author = {Zeyu Wang and Klint Qinami and Ioannis Karakozis and Kyle Genova and Prem Nair and Kenji Hata and Olga Russakovsky},
title = {Towards fairness in visual recognition: Effective strategies for bias mitigation},
booktitle = {CVPR},
year = {2020}
}

@inproceedings{royer2015fair,
  author={Royer, Amelie and Lampert, Christoph H.},
  booktitle={CVPR}, 
  title={Classifier adaptation at prediction time}, 
  year={2015},
}

@inproceedings{madras2018laftr,
  title = 	 {Learning adversarially fair and transferable representations},
  author =       {Madras, David and Creager, Elliot and Pitassi, Toniann and Zemel, Richard},
  booktitle = 	 {ICML},
  year = 	 {2018},
}

@inproceedings{zhao2019conditional,
  title={Conditional learning of fair representations},
  author={Zhao, Han and Coston, Amanda and Adel, Tameem and Gordon, Geoffrey J},
  booktitle={ICLR},
  year={2019}
}

@inproceedings{Kim2019lnl,
author = {Kim, Byungju and Kim, Hyunwoo and Kim, Kyungsu and Kim, Sungjin and Kim, Junmo},
title = {Learning not to learn: Training deep neural networks with biased data},
booktitle = {CVPR},
year = {2019}
}

@article{beauchamp2003methods,
  title={Methods and principles in biomedical ethics},
  author={Beauchamp, Tom L},
  journal={Journal of Medical ethics},
  volume={29},
  number={5},
  year={2003},
}

@article{chen2018my,
  title={Why is my classifier discriminatory?},
  author={Chen, Irene and Johansson, Fredrik D and Sontag, David},
  journal={NeurIPS},
  year={2018}
}

@inproceedings{ustun2019fairness,
  title={Fairness without harm: Decoupled classifiers with preference guarantees},
  author={Ustun, Berk and Liu, Yang and Parkes, David},
  booktitle={ICML},
  year={2019},
}

@inproceedings{agarwal_reductions_approach,
  title = 	 {Learning adversarially fair and transferable representations},
  author =       {Alekh Agarwal and Alina Beygelzimer and Miroslav Dudik and John Langford and Hanna
  Wallach},
  booktitle = 	 {ICML},
  year = 	 {2018},
}

@article{Beutel2017DataDA,
  title={Data decisions and theoretical implications when adversarially learning fair representations},
  author={Alex Beutel and Jilin Chen and Zhe Zhao and Ed Huai-hsin Chi},
  journal={arXiv},
  year={2017},
}

@inproceedings{diana2021,
  title={Minimax group fairness: Algorithms and experiments},
  author={Emily Diana and Wesley Gill and Michael Kearns and Krishnaram Kenthapadi and Aaron Roth},
  booktitle={AIES},
  year={2021}
}

@article{donahue2016bigan,
  title={Adversarial feature learning},
  author={Jeff Donahue and Philipp Kr\"ahenb\"uhl and Trevor Darrell},
  journal={arXiv},
  year={2016}
}

@inproceedings{donini2018,
    title={Empirical risk minimization under fairness constraints},
    author={Michele Donini and Luca Oneto and Shai Ben-David and John Shawe-Taylor and Massimiliano Pontil},
    booktitle={NeurIPS},
    year={2018}
}

@article{dumoulin2016adversarially,
  title={Adversarially learned inference},
  author={Vincent Dumoulin and Ishmael Belghazi and Ben Poole and Olivier Mastropietro and Alex Lamb and Martin Arjovsky and Aaron Courville},
  journal={arXiv},
  year={2016}
}

@inproceedings{kim2019learning,
    title={Learning not to learn: Training deep neural networks with biased data},
    author={Byungju Kim and Hyunwoo Kim and Kyungsu Kim and Sungjin Kim and Junmo Kim},
    booktitle={CVPR},
    year={2019}
    }

@inproceedings{kleindessner_ordinal_regression,
  title={Pairwise fairness for ordinal regression},
  author={Matthäus Kleindessner and Samira Samadi and Muhammad~Bilal Zafar and Krishnaram Kenthapadi and Chris Russell},
  booktitle={AISTATS},
  year={2022}
}

@inproceedings{lohaus2020,
  title={Too relaxed to be fair},
  author={Michael Lohaus and Michael Perrot and Ulrike von Luxburg},
  booktitle={ICML},
  year={2020}
}

@inproceedings{martinez2020,
  title={Minimax pareto fairness: A multi objective perspective},
  author={Natalia Martinez and Martin Bertrana and Guillermo Sapiro},
  booktitle={ICML},
  year={2020}
}

@inproceedings{padala2020fnnc,
    title={Fnnc: Achieving fairness through neural networks},
    author={Manisha Padala and Sujit Gujar},
    booktitle={IJCAI},
    year={2020}
    }


@inproceedings{zafar2017,
    title={Fairness constraints: Mechanisms for fair classification},
    author={Muhammad~Bilal Zafar and Isabel Valera and Manuel~Gomez Rogriguez and Krishna~P Gummadi},
    booktitle={AISTATS},
    year={2017}
    }

@article{vapnik1999overview,
  title={An overview of statistical learning theory},
  author={Vapnik, Vladimir N},
  journal={IEEE transactions on neural networks},
  volume={10},
  number={5},
  year={1999},
}

@inproceedings{wang2020towards,
  title={Towards fairness in visual recognition: Effective strategies for bias mitigation},
  author={Wang, Zeyu and Qinami, Klint and Karakozis, Ioannis Christos and Genova, Kyle and Nair, Prem and Hata, Kenji and Russakovsky, Olga},
  booktitle={CVPR},
  year={2020}
}
@inproceedings{madras2018learning,
  title={Learning adversarially fair and transferable representations},
  author={Madras, David and Creager, Elliot and Pitassi, Toniann and Zemel, Richard},
  booktitle={ICML},
  year={2018},
}

@inproceedings{
Zhao2020Conditional,
title={Conditional learning of fair representations},
author={Han Zhao and Amanda Coston and Tameem Adel and Geoffrey J. Gordon},
booktitle={ICLR},
year={2020},
}



@inproceedings{tartaglione2021end,
  title={End: Entangling and disentangling deep representations for bias correction},
  author={Tartaglione, Enzo and Barbano, Carlo Alberto and Grangetto, Marco},
  booktitle={CVPR},
  year={2021}
}


@inproceedings{
Sagawa2020Distributionally,
title={Distributionally Robust Neural Networks},
author={Shiori Sagawa and Pang Wei Koh and Tatsunori B. Hashimoto and Percy Liang},
booktitle={ICLR},
year={2020},
}

@article{cha2021swad,
  title={Swad: Domain generalization by seeking flat minima},
  author={Cha, Junbum and Chun, Sanghyuk and Lee, Kyungjae and Cho, Han-Cheol and Park, Seunghyun and Lee, Yunsung and Park, Sungrae},
  journal={NeurIPS},
  year={2021}
}

@inproceedings{
foret2021sharpnsesaware,
title={Sharpness-aware Minimization for eficiently improving generalization},
author={Pierre Foret and Ariel Kleiner and Hossein Mobahi and Behnam Neyshabur},
booktitle={ICLR},
year={2021},
}

@inproceedings{azizi2021big,
  title={Big self-supervised models advance medical image classification},
  author={Azizi, Shekoofeh and Mustafa, Basil and Ryan, Fiona and Beaver, Zachary and Freyberg, Jan and Deaton, Jonathan and Loh, Aaron and Karthikesalingam, Alan and Kornblith, Simon and Chen, Ting and others},
  booktitle={CVPR},
  year={2021}
}

@inproceedings{chen2020simple,
  title={A simple framework for contrastive learning of visual representations},
  author={Chen, Ting and Kornblith, Simon and Norouzi, Mohammad and Hinton, Geoffrey},
  booktitle={ICML},
  year={2020},
}

@article{maron2019systematic,
  title={Systematic outperformance of 112 dermatologists in multiclass skin cancer image classification by convolutional neural networks},
  author={Maron, Roman C and Weichenthal, Michael and Utikal, Jochen S and Hekler, Achim and Berking, Carola and Hauschild, Axel and Enk, Alexander H and Haferkamp, Sebastian and Klode, Joachim and Schadendorf, Dirk and others},
  journal={European Journal of Cancer},
  volume={119},
  year={2019},
}

@inproceedings{jamieson2016non,
  title={Non-stochastic best arm identification and hyperparameter optimization},
  author={Jamieson, Kevin and Talwalkar, Ameet},
  booktitle={AISTATS},
  year={2016},
}

@article{lloyd2018amplification,
  author    = {Lloyd, Kirsten},
  title     = {Bias amplification in artificial intelligence systems},
  journal   = {arXiv},
  year      = {2018}
}

@article{Hall2022ASS,
  title={A systematic study of bias amplification},
  author={Melissa Hall and Laurens van der Maaten and Laura Gustafson and Aaron B. Adcock},
  journal={ArXiv},
  year={2022},
}

@inproceedings{agarwal2018reductions,
  title={A reductions approach to fair classification},
  author={Agarwal, Alekh and Beygelzimer, Alina and Dudik, Miroslav and Langford, John and Wallach, Hanna},
  booktitle={ICML},
  year={2018},
}

@inproceedings{agarwal2019fair,
  title={Fair regression: Quantitative definitions and reduction-based algorithms},
  author={Agarwal, Alekh and Dudik, Miroslav and Wu, Zhiwei Steven},
  booktitle={ICML},
  year={2019}
}

@misc{barocas2019fairness,
  title={Fairness and Machine Learning. fairmlbook. org},
  author={Barocas, Solon and Hardt, Moritz and Narayanan, Arvind},
  year={2019}
}

@article{Fairlearn,
  author  = {Hilde Weerts and Miroslav Dudik and Richard Edgar and Adrin Jalali and Roman Lutz and Michael Madaio},
  title   = {Fairlearn: Assessing and Improving Fairness of AI Systems},
  journal = {JMLR},
  year    = {2023}
}

@inproceedings{FSCL,
  title={Fair contrastive learning for facial attribute classification},
  author={Park, Sungho and Lee, Jewook and Lee, Pilhyeon and Hwang, Sunhee and Kim, Dohyung and Byun, Hyeran},
  booktitle={CVPR},
  year={2022}
}

@article{luo2023harvard,
  title={Harvard Glaucoma Fairness: A Retinal Nerve Disease Dataset for Fairness Learning and Fair Identity Normalization},
  author={Luo, Yan and Tian, Yu and Shi, Min and Elze, Tobias and Wang, Mengyu},
  journal={arXiv},
  year={2023}
}

@inproceedings{he2022masked,
  title={Masked autoencoders are scalable vision learners},
  author={He, Kaiming and Chen, Xinlei and Xie, Saining and Li, Yanghao and Doll{\'a}r, Piotr and Girshick, Ross},
  booktitle={CVPR},
  year={2022}
}

@inproceedings{goodfellow,
 author = {Goodfellow, Ian and Pouget-Abadie, Jean and Mirza, Mehdi and Xu, Bing and Warde-Farley, David and Ozair, Sherjil and Courville, Aaron and Bengio, Yoshua},
 booktitle = {Advances in Neural Information Processing Systems},
 editor = {Z. Ghahramani and M. Welling and C. Cortes and N. Lawrence and K.Q. Weinberger},
 pages = {},
 publisher = {Curran Associates, Inc.},
 title = {Generative Adversarial Nets},
 url = {https://proceedings.neurips.cc/paper_files/paper/2014/file/5ca3e9b122f61f8f06494c97b1afccf3-Paper.pdf},
 volume = {27},
 year = {2014}
}


@article{ramesh2022hierarchical,
  title={Hierarchical text-conditional image generation with clip latents},
  author={Ramesh, Aditya and Dhariwal, Prafulla and Nichol, Alex and Chu, Casey and Chen, Mark},
  journal={arXiv:2204.06125},
  year={2022}
}

@article{nichol2021glide,
  title={Glide: Towards photorealistic image generation and editing with text-guided diffusion models},
  author={Nichol, Alex and Dhariwal, Prafulla and Ramesh, Aditya and Shyam, Pranav and Mishkin, Pamela and McGrew, Bob and Sutskever, Ilya and Chen, Mark},
  journal={arXiv:2112.10741},
  year={2021}
}

@article{azizi2023synthetic,
  title={Synthetic data from diffusion models improves imagenet classification},
  author={Azizi, Shekoofeh and Kornblith, Simon and Saharia, Chitwan and Norouzi, Mohammad and Fleet, David J},
  journal={arXiv:2304.08466},
  year={2023}
}

@inproceedings{feldman2020does,
  title={Does learning require memorization? a short tale about a long tail},
  author={Feldman, Vitaly},
  booktitle={Proceedings of the 52nd Annual ACM SIGACT Symposium on Theory of Computing},
  year={2020}
}

@article{yoon2020anonymization,
  title={Anonymization through data synthesis using generative adversarial networks (ads-gan)},
  author={Yoon, Jinsung and Drumright, Lydia N and Van Der Schaar, Mihaela},
  journal={IEEE journal of biomedical and health informatics},
  publisher={IEEE},
  year={2020}
}

@article{jordon2020synthetic,
  title={Synthetic data: Opening the data floodgates to enable faster, more directed development of machine learning methods},
  author={Jordon, James and Wilson, Alan and van der Schaar, Mihaela},
  journal={arXiv:2012.04580},
  year={2020}
}


@article{gu2023memorization,
  title={On memorization in diffusion models},
  author={Gu, Xiangming and Du, Chao and Pang, Tianyu and Li, Chongxuan and Lin, Min and Wang, Ye},
  journal={arXiv:2310.02664},
  year={2023}
}

@article{hu2021lora,
  title={Lora: Low-rank adaptation of large language models},
  author={Hu, Edward J and Shen, Yelong and Wallis, Phillip and Allen-Zhu, Zeyuan and Li, Yuanzhi and Wang, Shean and Wang, Lu and Chen, Weizhu},
  journal={arXiv:2106.09685},
  year={2021}
}
@article{han2023svdiff,
  title={Svdiff: Compact parameter space for diffusion fine-tuning},
  author={Han, Ligong and Li, Yinxiao and Zhang, Han and Milanfar, Peyman and Metaxas, Dimitris and Yang, Feng},
  journal={arXiv:2303.11305},
  year={2023}
}
@article{xiang2023closer,
  title={A closer look at parameter-efficient tuning in diffusion models},
  author={Xiang, Chendong and Bao, Fan and Li, Chongxuan and Su, Hang and Zhu, Jun},
  journal={arXiv:2303.18181},
  year={2023}
}
@inproceedings{he2023sensitivity,
  title={Sensitivity-aware visual parameter-efficient fine-tuning},
  author={He, Haoyu and Cai, Jianfei and Zhang, Jing and Tao, Dacheng and Zhuang, Bohan},
  booktitle={Proceedings of the IEEE/CVF International Conference on Computer Vision},
  year={2023}
}
@inproceedings{mireshghallah2022empirical,   
title={An empirical analysis of memorization in fine-tuned autoregressive language models},   
author={Mireshghallah, Fatemehsadat and Uniyal, Archit and Wang, Tianhao and Evans, David K and Berg-Kirkpatrick, Taylor},   
booktitle={Proceedings of the 2022 Conference on Empirical Methods in Natural Language Processing},   
year={2022} }

@article{kim2024bayestune,
  title={BayesTune: Bayesian Sparse Deep Model Fine-tuning},
  author={Kim, Minyoung and Hospedales, Timothy},
  journal={Advances in Neural Information Processing Systems},
  volume={36},
  year={2024}
}

@article{eustratiadis2023neural,
  title={Neural Fine-Tuning Search for Few-Shot Learning},
  author={Eustratiadis, Panagiotis and Dudziak, {\L}ukasz and Li, Da and Hospedales, Timothy},
  journal={arXiv:2306.09295},
  year={2023}
}

@article{han2022rarity,
  title={Rarity score: A new metric to evaluate the uncommonness of synthesized images},
  author={Han, Jiyeon and Choi, Hwanil and Choi, Yunjey and Kim, Junho and Ha, Jung-Woo and Choi, Jaesik},
  journal={arXiv:2206.08549},
  year={2022}
}


@article{johnson2016mimic,
  title={MIMIC-III, a freely accessible critical care database},
  author={Johnson, Alistair EW and Pollard, Tom J and Shen, Lu and Lehman, Li-wei H and Feng, Mengling and Ghassemi, Mohammad and Moody, Benjamin and Szolovits, Peter and Anthony Celi, Leo and Mark, Roger G},
  journal={Scientific data},
}

@inproceedings{dar2023investigating,
  title={Investigating data memorization in 3d latent diffusion models for medical image synthesis},
  author={Dar, Salman Ul Hassan and Ghanaat, Arman and Kahmann, Jannik and Ayx, Isabelle and Papavassiliu, Theano and Schoenberg, Stefan O and Engelhardt, Sandy},
  booktitle={International Conference on Medical Image Computing and Computer-Assisted Intervention},
}

 @misc{butterick_2023, title={Stable Diffusion litigation · Joseph Saveri Law Firm \& Matthew Butterick}, url={https://stablediffusionlitigation.com/}, journal={stablediffusionlitigation.com}, author={Butterick, Matthew}, year={2023}, month={Jan} }

@inproceedings{rombach2022high,
  title={High-resolution image synthesis with latent diffusion models},
  author={Rombach, Robin and Blattmann, Andreas and Lorenz, Dominik and Esser, Patrick and Ommer, Bj{\"o}rn},
  booktitle={Proceedings of the IEEE/CVF conference on computer vision and pattern recognition},
}

@article{chambon2022roentgen,
  title={RoentGen: vision-language foundation model for chest x-ray generation},
  author={Chambon, Pierre and Bluethgen, Christian and Delbrouck, Jean-Benoit and Van der Sluijs, Rogier and Po{\l}acin, Ma{\l}gorzata and Chaves, Juan Manuel Zambrano and Abraham, Tanishq Mathew and Purohit, Shivanshu and Langlotz, Curtis P and Chaudhari, Akshay},
  journal={arXiv:2211.12737},
}

@article{hartley2023neural,
  title={Neural networks memorise personal information from one sample},
  author={Hartley, John and Sanchez, Pedro P and Haider, Fasih and Tsaftaris, Sotirios A},
  journal={Scientific Reports},
}

@inproceedings{
zong2022medfair,
title={{MEDFAIR}: Benchmarking Fairness for Medical Imaging},
author={Yongshuo Zong and Yongxin Yang and Timothy Hospedales},
booktitle={The Eleventh International Conference on Learning Representations },
url={https://openreview.net/forum?id=6ve2CkeQe5S}
}

@inproceedings{bohdal2023meta,
  title={Meta Omnium: A Benchmark for General-Purpose Learning-to-Learn},
  author={Bohdal, Ondrej and Tian, Yinbing and Zong, Yongshuo and Chavhan, Ruchika and Li, Da and Gouk, Henry and Guo, Li and Hospedales, Timothy},
  booktitle={Proceedings of the IEEE/CVF Conference on Computer Vision and Pattern Recognition},
}

@inproceedings{su2022patient,
  title={Why patient data cannot be easily forgotten?},
  author={Su, Ruolin and Liu, Xiao and Tsaftaris, Sotirios A},
  booktitle={International Conference on Medical Image Computing and Computer-Assisted Intervention},
}

@article{jegorova2022survey,
  title={Survey: Leakage and privacy at inference time},
  author={Jegorova, Marija and Kaul, Chaitanya and Mayor, Charlie and O'Neil, Alison Q and Weir, Alexander and Murray-Smith, Roderick and Tsaftaris, Sotirios A},
  journal={IEEE Transactions on Pattern Analysis and Machine Intelligence},
}

@article{schuhmann2022laion,
  title={Laion-5b: An open large-scale dataset for training next generation image-text models},
  author={Schuhmann, Christoph and Beaumont, Romain and Vencu, Richard and Gordon, Cade and Wightman, Ross and Cherti, Mehdi and Coombes, Theo and Katta, Aarush and Mullis, Clayton and Wortsman, Mitchell and others},
  journal={Advances in Neural Information Processing Systems},
}

@inproceedings{mireshghallah2022empirical,
  title={An empirical analysis of memorization in fine-tuned autoregressive language models},
  author={Mireshghallah, Fatemehsadat and Uniyal, Archit and Wang, Tianhao and Evans, David K and Berg-Kirkpatrick, Taylor},
  booktitle={Proceedings of the 2022 Conference on Empirical Methods in Natural Language Processing},
}

@inproceedings{sohl2015deep,
  title={Deep unsupervised learning using nonequilibrium thermodynamics},
  author={Sohl-Dickstein, Jascha and Weiss, Eric and Maheswaranathan, Niru and Ganguli, Surya},
  booktitle={International conference on machine learning},
  year={2015}
}

@inproceedings{
song2021denoising,
title={Denoising Diffusion Implicit Models},
author={Jiaming Song and Chenlin Meng and Stefano Ermon},
booktitle={International Conference on Learning Representations},
year={2021},
url={https://openreview.net/forum?id=St1giarCHLP}
}

@article{ho2020denoising,
  title={Denoising diffusion probabilistic models},
  author={Ho, Jonathan and Jain, Ajay and Abbeel, Pieter},
  journal={Advances in neural information processing systems},
    year={2020}
}

@inproceedings{
song2021scorebased,
title={Score-Based Generative Modeling through Stochastic Differential Equations},
author={Yang Song and Jascha Sohl-Dickstein and Diederik P Kingma and Abhishek Kumar and Stefano Ermon and Ben Poole},
booktitle={International Conference on Learning Representations},
year={2021},
url={https://openreview.net/forum?id=PxTIG12RRHS}
}

@article{dhariwal2021diffusion,
  title={Diffusion models beat gans on image synthesis},
  author={Dhariwal, Prafulla and Nichol, Alexander},
  journal={Advances in neural information processing systems},
}

@inproceedings{kim2022guided,
  title={Guided-tts: A diffusion model for text-to-speech via classifier guidance},
  author={Kim, Heeseung and Kim, Sungwon and Yoon, Sungroh},
  booktitle={International Conference on Machine Learning},
year={2022}
}

@inproceedings{huang2023make,
  title={Make-an-audio: Text-to-audio generation with prompt-enhanced diffusion models},
  author={Huang, Rongjie and Huang, Jiawei and Yang, Dongchao and Ren, Yi and Liu, Luping and Li, Mingze and Ye, Zhenhui and Liu, Jinglin and Yin, Xiang and Zhao, Zhou},
  booktitle={International Conference on Machine Learning},
}

@inproceedings{
xu2022geodiff,
title={GeoDiff: A Geometric Diffusion Model for Molecular Conformation Generation},
author={Minkai Xu and Lantao Yu and Yang Song and Chence Shi and Stefano Ermon and Jian Tang},
booktitle={International Conference on Learning Representations},
year={2022},
url={https://openreview.net/forum?id=PzcvxEMzvQC}
}

@inproceedings{
vignac2023digress,
title={DiGress: Discrete Denoising diffusion for graph generation},
author={Clement Vignac and Igor Krawczuk and Antoine Siraudin and Bohan Wang and Volkan Cevher and Pascal Frossard},
booktitle={The Eleventh International Conference on Learning Representations },
year={2023},
url={https://openreview.net/forum?id=UaAD-Nu86WX}
}

@inproceedings{karras2019style,
  title={A style-based generator architecture for generative adversarial networks},
  author={Karras, Tero and Laine, Samuli and Aila, Timo},
  booktitle={Proceedings of the IEEE/CVF conference on computer vision and pattern recognition},
  year={2019}
}


@article{yun2019small,
  title={Small relu networks are powerful memorizers: a tight analysis of memorization capacity},
  author={Yun, Chulhee and Sra, Suvrit and Jadbabaie, Ali},
  journal={Advances in Neural Information Processing Systems},
  volume={32},
  year={2019}
}

@inproceedings{
koyuncu2023memorization,
title={Memorization Capacity of Neural Networks with Conditional Computation},
author={Erdem Koyuncu},
booktitle={The Eleventh International Conference on Learning Representations },
year={2023},
url={https://openreview.net/forum?id=rB3zRN0lBYr}
}

@software{Howard_Imagenette_2019,
    title={Imagenette: A smaller subset of 10 easily classified classes from Imagenet},
    author={Jeremy Howard},
    year={2019},
    month={March},
    publisher = {GitHub},
    url = {https://github.com/fastai/imagenette}
}

@misc{von-platen-etal-2022-diffusers,
  author = {Patrick von Platen and Suraj Patil and Anton Lozhkov and Pedro Cuenca and Nathan Lambert and Kashif Rasul and Mishig Davaadorj and Dhruv Nair and Sayak Paul and William Berman and Yiyi Xu and Steven Liu and Thomas Wolf},
  title = {Diffusers: State-of-the-art diffusion models},
  year = {2022},
  publisher = {GitHub},
  journal = {GitHub repository},
  howpublished = {\url{https://github.com/huggingface/diffusers}}
}

@InProceedings{Rombach_2022_CVPR,
    author    = {Rombach, Robin and Blattmann, Andreas and Lorenz, Dominik and Esser, Patrick and Ommer, Bj\"orn},
    title     = {High-Resolution Image Synthesis With Latent Diffusion Models},
    booktitle = {Proceedings of the IEEE/CVF Conference on Computer Vision and Pattern Recognition (CVPR)},
    month     = {June},
    year      = {2022},
    pages     = {10684-10695}
}

@inproceedings{ronneberger2015u,
  title={U-net: Convolutional networks for biomedical image segmentation},
  author={Ronneberger, Olaf and Fischer, Philipp and Brox, Thomas},
  booktitle={Medical image computing and computer-assisted intervention--MICCAI 2015: 18th international conference, Munich, Germany, October 5-9, 2015, proceedings, part III 18},
  year={2015},
  organization={Springer}
}

@inproceedings{radford2021learning,
  title={Learning transferable visual models from natural language supervision},
  author={Radford, Alec and Kim, Jong Wook and Hallacy, Chris and Ramesh, Aditya and Goh, Gabriel and Agarwal, Sandhini and Sastry, Girish and Askell, Amanda and Mishkin, Pamela and Clark, Jack and others},
  booktitle={International conference on machine learning},
  year={2021},
  organization={PMLR}
}

@article{kingma2013auto,
  title={Auto-encoding variational bayes},
  author={Kingma, Diederik P and Welling, Max},
  journal={arXiv:1312.6114},
  year={2013}
}

@article{heusel2017gans,
  title={Gans trained by a two time-scale update rule converge to a local nash equilibrium},
  author={Heusel, Martin and Ramsauer, Hubert and Unterthiner, Thomas and Nessler, Bernhard and Hochreiter, Sepp},
  journal={Advances in neural information processing systems},
  volume={30},
  year={2017}
}

@article{zhai2019large,
  title={A large-scale study of representation learning with the visual task adaptation benchmark},
  author={Zhai, Xiaohua and Puigcerver, Joan and Kolesnikov, Alexander and Ruyssen, Pierre and Riquelme, Carlos and Lucic, Mario and Djolonga, Josip and Pinto, Andre Susano and Neumann, Maxim and Dosovitskiy, Alexey and others},
  journal={arXiv:1910.04867},
  year={2019}
}

@inproceedings{
kopiczko2024vera,
title={Ve{RA}: Vector-based Random Matrix Adaptation},
author={Dawid Jan Kopiczko and Tijmen Blankevoort and Yuki M Asano},
booktitle={The Twelfth International Conference on Learning Representations},
year={2024},
url={https://openreview.net/forum?id=NjNfLdxr3A}
}

@article{liu2024dora,
  title={DoRA: Weight-Decomposed Low-Rank Adaptation},
  author={Liu, Shih-Yang and Wang, Chien-Yi and Yin, Hongxu and Molchanov, Pavlo and Wang, Yu-Chiang Frank and Cheng, Kwang-Ting and Chen, Min-Hung},
  journal={arXiv:2402.09353},
  year={2024}
}

@article{webster2023duplication,
  title={On the de-duplication of laion-2b},
  author={Webster, Ryan and Rabin, Julien and Simon, Loic and Jurie, Frederic},
  journal={arXiv:2303.12733},
  year={2023}
}


@inproceedings{carlini2021extracting,
  title={Extracting training data from large language models},
  author={Carlini, Nicholas and Tramer, Florian and Wallace, Eric and Jagielski, Matthew and Herbert-Voss, Ariel and Lee, Katherine and Roberts, Adam and Brown, Tom and Song, Dawn and Erlingsson, Ulfar and others},
  booktitle={30th USENIX Security Symposium (USENIX Security 21)},
year={2021}
}

@article{naseh2023memory,
  title={Memory Triggers: Unveiling Memorization in Text-To-Image Generative Models through Word-Level Duplication},
  author={Naseh, Ali and Roh, Jaechul and Houmansadr, Amir},
  journal={arXiv:2312.03692},
  year={2023}
}

@article{ren2024unveiling,
  title={Unveiling and Mitigating Memorization in Text-to-image Diffusion Models through Cross Attention},
  author={Ren, Jie and Li, Yaxin and Zen, Shenglai and Xu, Han and Lyu, Lingjuan and Xing, Yue and Tang, Jiliang},
  journal={arXiv:2403.11052},
  year={2024}
}

@INPROCEEDINGS {9156494,
author = {I. Radosavovic and R. Kosaraju and R. Girshick and K. He and P. Dollar},
booktitle = {2020 IEEE/CVF Conference on Computer Vision and Pattern Recognition (CVPR)},
title = {Designing Network Design Spaces},
year = {2020},
}

@article{packhauser2022deep,
  title={Deep learning-based patient re-identification is able to exploit the biometric nature of medical chest X-ray data},
  author={Packh{\"a}user, Kai and G{\"u}ndel, Sebastian and M{\"u}nster, Nicolas and Syben, Christopher and Christlein, Vincent and Maier, Andreas},
  journal={Scientific Reports},
  publisher={Nature Publishing Group UK London}
}

@article{zhang2022membership,
  title={Membership inference attacks against synthetic health data},
  author={Zhang, Ziqi and Yan, Chao and Malin, Bradley A},
  journal={Journal of biomedical informatics},
  publisher={Elsevier}
}

@inproceedings{prompt_tuning,
    title = "The Power of Scale for Parameter-Efficient Prompt Tuning",
    author = "Lester, Brian  and
      Al-Rfou, Rami  and
      Constant, Noah",
}


@INPROCEEDINGS{emmerich2006hypervolume,
  author={Emmerich, Michael T. M. and Deutz, André H. and Klinkenberg, Jan Willem},
  booktitle={2011 IEEE Congress of Evolutionary Computation (CEC)}, 
  title={Hypervolume-based expected improvement: Monotonicity properties and exact computation}, 
  year={2011},
  keywords={Optimization;Approximation methods;Silicon;Strips;Gaussian distribution;Computational modeling;Argon},
  doi={10.1109/CEC.2011.5949880}}

@ARTICLE{NGSAII_sampler,
  author={Deb, K. and Pratap, A. and Agarwal, S. and Meyarivan, T.},
  journal={IEEE Transactions on Evolutionary Computation}, 
  title={A fast and elitist multiobjective genetic algorithm: NSGA-II}, 
    }

@inproceedings{torchxrayvision,
  title={On the limits of cross-domain generalization in automated X-ray prediction},
  author={Cohen, Joseph Paul and Hashir, Mohammad and Brooks, Rupert and Bertrand, Hadrien},
  booktitle={Medical Imaging with Deep Learning},
  year={2020},
  url={https://arxiv.org/abs/2002.02497}
}

@inproceedings{huang2017densely,
  title={Densely connected convolutional networks},
  author={Huang, Gao and Liu, Zhuang and Van Der Maaten, Laurens and Weinberger, Kilian Q},
  booktitle={Proceedings of the IEEE conference on computer vision and pattern recognition},
}

@InProceedings{inceptionv3,
author = {Szegedy, Christian and Vanhoucke, Vincent and Ioffe, Sergey and Shlens, Jon and Wojna, Zbigniew},
title = {Rethinking the Inception Architecture for Computer Vision},
booktitle = {Proceedings of the IEEE Conference on Computer Vision and Pattern Recognition (CVPR)},
month = {June},
year = {2016}
}


@InProceedings{Radioactive_data,
  title = 	 {Radioactive data: tracing through training},
  author =       {Sablayrolles, Alexandre and Douze, Matthijs and Schmid, Cordelia and Jegou, Herve},
  booktitle = 	 {Proceedings of the 37th International Conference on Machine Learning},
}

@article{hong2024decoding,
  title={Decoding Compressed Trust: Scrutinizing the Trustworthiness of Efficient LLMs Under Compression},
  author={Hong, Junyuan and Duan, Jinhao and Zhang, Chenhui and Li, Zhangheng and Xie, Chulin and Lieberman, Kelsey and Diffenderfer, James and Bartoldson, Brian and Jaiswal, Ajay and Xu, Kaidi and others},
  journal={arXiv preprint arXiv:2403.15447},
  year={2024}
}

@article{maini2023can,
  title={Can neural network memorization be localized?},
  author={Maini, Pratyush and Mozer, Michael C and Sedghi, Hanie and Lipton, Zachary C and Kolter, J Zico and Zhang, Chiyuan},
  journal={arXiv preprint arXiv:2307.09542},
  year={2023}
}

@article{stoehr2024localizing,
  title={Localizing Paragraph Memorization in Language Models},
  author={Stoehr, Niklas and Gordon, Mitchell and Zhang, Chiyuan and Lewis, Owen},
  journal={arXiv preprint arXiv:2403.19851},
  year={2024}
}

@article{chavhan2024memorized,
  title={Memorized Images in Diffusion Models share a Subspace that can be Located and Deleted},
  author={Chavhan, Ruchika and Bohdal, Ondrej and Zong, Yongshuo and Li, Da and Hospedales, Timothy},
  journal={arXiv preprint arXiv:2406.18566},
  year={2024}
}

@article{ghalebikesabi2023differentially,
  title={Differentially private diffusion models generate useful synthetic images},
  author={Ghalebikesabi, Sahra and Berrada, Leonard and Gowal, Sven and Ktena, Ira and Stanforth, Robert and Hayes, Jamie and De, Soham and Smith, Samuel L and Wiles, Olivia and Balle, Borja},
  journal={arXiv preprint arXiv:2302.13861},
  year={2023}
}

@article{murtaza2023synthetic,
  title={Synthetic data generation: State of the art in health care domain},
  author={Murtaza, Hajra and Ahmed, Musharif and Khan, Naurin Farooq and Murtaza, Ghulam and Zafar, Saad and Bano, Ambreen},
  journal={Computer Science Review},
  volume={48},
  pages={100546},
  year={2023},
  publisher={Elsevier}
}

% FAIRNESS
@article{ktena2024generative,
  title={Generative models improve fairness of medical classifiers under distribution shifts},
  author={Ktena, Ira and Wiles, Olivia and Albuquerque, Isabela and Rebuffi, Sylvestre-Alvise and Tanno, Ryutaro and Roy, Abhijit Guha and Azizi, Shekoofeh and Belgrave, Danielle and Kohli, Pushmeet and Cemgil, Taylan and others},
  journal={Nature Medicine},
  pages={1--8},
  year={2024},
  publisher={Nature Publishing Group US New York}
}

% DATA AUGMENTATION
@article{saragih2024using,
  title={Using diffusion models to generate synthetic labeled data for medical image segmentation},
  author={Saragih, Daniel G and Hibi, Atsuhiro and Tyrrell, Pascal N},
  journal={International Journal of Computer Assisted Radiology and Surgery},
  pages={1--11},
  year={2024},
  publisher={Springer}
}

@inproceedings{wang2024majority,
  title={From Majority to Minority: A Diffusion-Based Augmentation},
  author={Wang, Janet and Chung, Yunsung and Ding, Zhengming and Hamm, Jihun},
  booktitle={Medical Image Computing and Computer Assisted Intervention--MICCAI 2024 Workshops: ISIC 2024, iMIMIC 2024, EARTH 2024, DeCaF 2024, Held in Conjunction with MICCAI 2024, Marrakesh, Morocco, October 6--10, 2024, Proceedings},
  pages={14},
  organization={Springer Nature}
}

@article{dutt2024capacity,
  title={Capacity Control is an Effective Memorization Mitigation Mechanism in Text-Conditional Diffusion Models},
  author={Dutt, Raman and Sanchez, Pedro and Bohdal, Ondrej and Tsaftaris, Sotirios A and Hospedales, Timothy},
  journal={arXiv preprint arXiv:2410.22149},
  year={2024}
}

@article{webster2023reproducible,
  title={A reproducible extraction of training images from diffusion models},
  author={Webster, Ryan},
  journal={arXiv preprint arXiv:2305.08694},
  year={2023}
}

@inproceedings{llavamed,
 author = {Li, Chunyuan and Wong, Cliff and Zhang, Sheng and Usuyama, Naoto and Liu, Haotian and Yang, Jianwei and Naumann, Tristan and Poon, Hoifung and Gao, Jianfeng},
 booktitle = {Advances in Neural Information Processing Systems},
 editor = {A. Oh and T. Naumann and A. Globerson and K. Saenko and M. Hardt and S. Levine},
 pages = {28541--28564},
 publisher = {Curran Associates, Inc.},
 title = {LLaVA-Med: Training a Large Language-and-Vision Assistant for Biomedicine in One Day},
 url = {https://proceedings.neurips.cc/paper_files/paper/2023/file/5abcdf8ecdcacba028c6662789194572-Paper-Datasets_and_Benchmarks.pdf},
 volume = {36},
 year = {2023}
}

@misc{segalis2023pictureworththousandwords,
      title={A Picture is Worth a Thousand Words: Principled Recaptioning Improves Image Generation}, 
      author={Eyal Segalis and Dani Valevski and Danny Lumen and Yossi Matias and Yaniv Leviathan},
      year={2023},
      eprint={2310.16656},
      archivePrefix={arXiv},
      primaryClass={cs.CV},
      url={https://arxiv.org/abs/2310.16656}, 
}
