@inproceedings{miller2003automatic,
  title={Automatic grasp planning using shape primitives},
  author={Miller, Andrew T and Knoop, Steffen and Christensen, Henrik I and Allen, Peter K},
  booktitle={2003 IEEE International Conference on Robotics and Automation (Cat. No. 03CH37422)},
  volume={2},
  pages={1824--1829},
  year={2003},
  organization={IEEE}
}

@article{ciocarlie2009hand,
  title={Hand posture subspaces for dexterous robotic grasping},
  author={Ciocarlie, Matei T and Allen, Peter K},
  journal={The International Journal of Robotics Research},
  volume={28},
  number={7},
  pages={851--867},
  year={2009},
  publisher={SAGE Publications Sage UK: London, England}
}

@inproceedings{pokorny2013classical,
  title={Classical grasp quality evaluation: New algorithms and theory},
  author={Pokorny, Florian T and Kragic, Danica},
  booktitle={2013 IEEE/RSJ International Conference on Intelligent Robots and Systems},
  pages={3493--3500},
  year={2013},
  organization={IEEE}
}

@article{catalano2014adaptive,
  title={Adaptive synergies for the design and control of the Pisa/IIT SoftHand},
  author={Catalano, Manuel G and Grioli, Giorgio and Farnioli, Edoardo and Serio, Alessandro and Piazza, Cristina and Bicchi, Antonio},
  journal={The International Journal of Robotics Research},
  volume={33},
  number={5},
  pages={768--782},
  year={2014},
  publisher={SAGE Publications Sage UK: London, England}
}

@article{eppner2015exploitation,
  title={Exploitation of environmental constraints in human and robotic grasping},
  author={Eppner, Clemens and Deimel, Raphael and Alvarez-Ruiz, Jos{\'e} and Maertens, Marianne and Brock, Oliver},
  journal={The International Journal of Robotics Research},
  volume={34},
  number={7},
  pages={1021--1038},
  year={2015},
  publisher={SAGE Publications Sage UK: London, England}
}

@inproceedings{dafle2014extrinsic,
  title={Extrinsic dexterity: In-hand manipulation with external forces},
  author={Dafle, Nikhil Chavan and Rodriguez, Alberto and Paolini, Robert and Tang, Bowei and Srinivasa, Siddhartha S and Erdmann, Michael and Mason, Matthew T and Lundberg, Ivan and Staab, Harald and Fuhlbrigge, Thomas},
  booktitle={2014 IEEE International Conference on Robotics and Automation (ICRA)},
  pages={1578--1585},
  year={2014},
  organization={IEEE}
}

@article{schulman2014motion,
  title={Motion planning with sequential convex optimization and convex collision checking},
  author={Schulman, John and Duan, Yan and Ho, Jonathan and Lee, Alex and Awwal, Ibrahim and Bradlow, Henry and Pan, Jia and Patil, Sachin and Goldberg, Ken and Abbeel, Pieter},
  journal={The International Journal of Robotics Research},
  volume={33},
  number={9},
  pages={1251--1270},
  year={2014},
  publisher={SAGE Publications Sage UK: London, England}
}

@article{devlin2018bert,
  title={Bert: Pre-training of deep bidirectional transformers for language understanding},
  author={Devlin, Jacob},
  journal={arXiv preprint arXiv:1810.04805},
  year={2018}
}

@article{brown2020language,
  title={Language models are few-shot learners},
  author={Brown, Tom B},
  journal={arXiv preprint arXiv:2005.14165},
  year={2020}
}

@article{dosovitskiy2020image,
  title={An image is worth 16x16 words: Transformers for image recognition at scale},
  author={Dosovitskiy, Alexey},
  journal={arXiv preprint arXiv:2010.11929},
  year={2020}
}

@inproceedings{radford2021learning,
  title={Learning transferable visual models from natural language supervision},
  author={Radford, Alec and Kim, Jong Wook and Hallacy, Chris and Ramesh, Aditya and Goh, Gabriel and Agarwal, Sandhini and Sastry, Girish and Askell, Amanda and Mishkin, Pamela and Clark, Jack and others},
  booktitle={International conference on machine learning},
  pages={8748--8763},
  year={2021},
  organization={PMLR}
}

@article{achiam2023gpt,
  title={Gpt-4 technical report},
  author={Achiam, Josh and Adler, Steven and Agarwal, Sandhini and Ahmad, Lama and Akkaya, Ilge and Aleman, Florencia Leoni and Almeida, Diogo and Altenschmidt, Janko and Altman, Sam and Anadkat, Shyamal and others},
  journal={arXiv preprint arXiv:2303.08774},
  year={2023}
}


@article{driess2023palm,
  title={Palm-e: An embodied multimodal language model},
  author={Driess, Danny and Xia, Fei and Sajjadi, Mehdi SM and Lynch, Corey and Chowdhery, Aakanksha and Ichter, Brian and Wahid, Ayzaan and Tompson, Jonathan and Vuong, Quan and Yu, Tianhe and others},
  journal={arXiv preprint arXiv:2303.03378},
  year={2023}
}

@inproceedings{brohan2023can,
  title={Do as i can, not as i say: Grounding language in robotic affordances},
  author={Brohan, Anthony and Chebotar, Yevgen and Finn, Chelsea and Hausman, Karol and Herzog, Alexander and Ho, Daniel and Ibarz, Julian and Irpan, Alex and Jang, Eric and Julian, Ryan and others},
  booktitle={Conference on robot learning},
  pages={287--318},
  year={2023},
  organization={PMLR}
}

@article{o2023open,
  title={Open x-embodiment: Robotic learning datasets and rt-x models},
  author={O'Neill, Abby and Rehman, Abdul and Gupta, Abhinav and Maddukuri, Abhiram and Gupta, Abhishek and Padalkar, Abhishek and Lee, Abraham and Pooley, Acorn and Gupta, Agrim and Mandlekar, Ajay and others},
  journal={arXiv preprint arXiv:2310.08864},
  year={2023}
}

@article{brohan2023rt,
  title={Rt-2: Vision-language-action models transfer web knowledge to robotic control},
  author={Brohan, Anthony and Brown, Noah and Carbajal, Justice and Chebotar, Yevgen and Chen, Xi and Choromanski, Krzysztof and Ding, Tianli and Driess, Danny and Dubey, Avinava and Finn, Chelsea and others},
  journal={arXiv preprint arXiv:2307.15818},
  year={2023}
}

@article{kim2024openvla,
  title={OpenVLA: An Open-Source Vision-Language-Action Model},
  author={Kim, Moo Jin and Pertsch, Karl and Karamcheti, Siddharth and Xiao, Ted and Balakrishna, Ashwin and Nair, Suraj and Rafailov, Rafael and Foster, Ethan and Lam, Grace and Sanketi, Pannag and others},
  journal={arXiv preprint arXiv:2406.09246},
  year={2024}
}

@article{li2023vision,
  title={Vision-language foundation models as effective robot imitators},
  author={Li, Xinghang and Liu, Minghuan and Zhang, Hanbo and Yu, Cunjun and Xu, Jie and Wu, Hongtao and Cheang, Chilam and Jing, Ya and Zhang, Weinan and Liu, Huaping and others},
  journal={arXiv preprint arXiv:2311.01378},
  year={2023}
}

@article{hu2021lora,
  title={Lora: Low-rank adaptation of large language models},
  author={Hu, Edward J and Shen, Yelong and Wallis, Phillip and Allen-Zhu, Zeyuan and Li, Yuanzhi and Wang, Shean and Wang, Lu and Chen, Weizhu},
  journal={arXiv preprint arXiv:2106.09685},
  year={2021}
}

@article{ho2020denoising,
  title={Denoising diffusion probabilistic models},
  author={Ho, Jonathan and Jain, Ajay and Abbeel, Pieter},
  journal={Advances in neural information processing systems},
  volume={33},
  pages={6840--6851},
  year={2020}
}

@article{chi2023diffusion,
  title={Diffusion policy: Visuomotor policy learning via action diffusion},
  author={Chi, Cheng and Xu, Zhenjia and Feng, Siyuan and Cousineau, Eric and Du, Yilun and Burchfiel, Benjamin and Tedrake, Russ and Song, Shuran},
  journal={The International Journal of Robotics Research},
  pages={02783649241273668},
  year={2023},
  publisher={SAGE Publications Sage UK: London, England}
}

@article{liu2024libero,
  title={Libero: Benchmarking knowledge transfer for lifelong robot learning},
  author={Liu, Bo and Zhu, Yifeng and Gao, Chongkai and Feng, Yihao and Liu, Qiang and Zhu, Yuke and Stone, Peter},
  journal={Advances in Neural Information Processing Systems},
  volume={36},
  year={2024}
}

@article{zhao2023learning,
  title={Learning fine-grained bimanual manipulation with low-cost hardware},
  author={Zhao, Tony Z and Kumar, Vikash and Levine, Sergey and Finn, Chelsea},
  journal={arXiv preprint arXiv:2304.13705},
  year={2023}
}

@article{wen2024tinyvla,
  title={TinyVLA: Towards Fast, Data-Efficient Vision-Language-Action Models for Robotic Manipulation},
  author={Wen, Junjie and Zhu, Yichen and Li, Jinming and Zhu, Minjie and Wu, Kun and Xu, Zhiyuan and Cheng, Ran and Shen, Chaomin and Peng, Yaxin and Feng, Feifei and others},
  journal={arXiv preprint arXiv:2409.12514},
  year={2024}
}

@article{liu2024rdt,
  title={RDT-1B: a Diffusion Foundation Model for Bimanual Manipulation},
  author={Liu, Songming and Wu, Lingxuan and Li, Bangguo and Tan, Hengkai and Chen, Huayu and Wang, Zhengyi and Xu, Ke and Su, Hang and Zhu, Jun},
  journal={arXiv preprint arXiv:2410.07864},
  year={2024}
}

@article{stone2023open,
  title={Open-world object manipulation using pre-trained vision-language models},
  author={Stone, Austin and Xiao, Ted and Lu, Yao and Gopalakrishnan, Keerthana and Lee, Kuang-Huei and Vuong, Quan and Wohlhart, Paul and Kirmani, Sean and Zitkovich, Brianna and Xia, Fei and others},
  journal={arXiv preprint arXiv:2303.00905},
  year={2023}
}

@article{ahn2022can,
  title={Do as i can, not as i say: Grounding language in robotic affordances},
  author={Ahn, Michael and Brohan, Anthony and Brown, Noah and Chebotar, Yevgen and Cortes, Omar and David, Byron and Finn, Chelsea and Fu, Chuyuan and Gopalakrishnan, Keerthana and Hausman, Karol and others},
  journal={arXiv preprint arXiv:2204.01691},
  year={2022}
}

@article{huang2023voxposer,
  title={Voxposer: Composable 3d value maps for robotic manipulation with language models},
  author={Huang, Wenlong and Wang, Chen and Zhang, Ruohan and Li, Yunzhu and Wu, Jiajun and Fei-Fei, Li},
  journal={arXiv preprint arXiv:2307.05973},
  year={2023}
}

@article{duan2024manipulate,
  title={Manipulate-anything: Automating real-world robots using vision-language models},
  author={Duan, Jiafei and Yuan, Wentao and Pumacay, Wilbert and Wang, Yi Ru and Ehsani, Kiana and Fox, Dieter and Krishna, Ranjay},
  journal={arXiv preprint arXiv:2406.18915},
  year={2024}
}


@inproceedings{nair2022r3m,
  title={R3m: A universal visual representation for robot manipulation},
  author={Nair, Suraj and Rajeswaran, Aravind and Kumar, Vikash and Finn, Chelsea and Gupta, Abhinav},
  booktitle={CoRL},
  year={2022}
}

@article{Karamcheti2023LanguageDrivenRL,
  title={Language-Driven Representation Learning for Robotics},
  author={Siddharth Karamcheti and Suraj Nair and Annie S. Chen and Thomas Kollar and Chelsea Finn and Dorsa Sadigh and Percy Liang},
  journal={ArXiv},
  year={2023},
  volume={abs/2302.12766},
  url={https://api.semanticscholar.org/CorpusID:257205716}
}


@inproceedings{gadre2023cows,
  title={Cows on pasture: Baselines and benchmarks for language-driven zero-shot object navigation},
  author={Gadre, Samir Yitzhak and Wortsman, Mitchell and Ilharco, Gabriel and Schmidt, Ludwig and Song, Shuran},
  booktitle={Proceedings of the IEEE/CVF Conference on Computer Vision and Pattern Recognition},
  pages={23171--23181},
  year={2023}
}

@article{durante2024interactive,
  title={An interactive agent foundation model},
  author={Durante, Zane and Sarkar, Bidipta and Gong, Ran and Taori, Rohan and Noda, Yusuke and Tang, Paul and Adeli, Ehsan and Lakshmikanth, Shrinidhi Kowshika and Schulman, Kevin and Milstein, Arnold and others},
  journal={arXiv preprint arXiv:2402.05929},
  year={2024}
}


@inproceedings{huang2023embodied,
  title={An Embodied Generalist Agent in 3D World},
  author={Huang, Jiangyong and Yong, Silong and Ma, Xiaojian and Linghu, Xiongkun and Li, Puhao and Wang, Yan and Li, Qing and Zhu, Song-Chun and Jia, Baoxiong and Huang, Siyuan},
  booktitle={Proceedings of the International Conference on Machine Learning (ICML)},
  year={2024}
}

@article{zhen20243dvla,
  author = {Zhen, Haoyu and Qiu, Xiaowen and Chen, Peihao and Yang, Jincheng and Yan, Xin and Du, Yilun and Hong, Yining and Gan, Chuang},
  title = {3D-VLA: 3D Vision-Language-Action Generative World Model},
  journal = {arXiv preprint arXiv:2403.09631},
  year = {2024},
}


@misc{covariant_ai_2024,
author = "Andrew Sohn et al.",
title = "Introducing RFM-1: Giving robots human-like reasoning capabilities",
url = "https://covariant.ai/insights/introducing-rfm-1-giving-robots-human-like-reasoning-capabilities/",
year = "2024",
}


@article{wayve_ai_2024,
author = "Wayve",
title = "LINGO-2: Driving with Natural Language",
url = "https://wayve.ai/thinking/lingo-2-driving-with-language/",
year = "2024"}

@article{black2024pi_0,
  title={pi0: A Vision-Language-Action Flow Model for General Robot Control},
  author={Black, Kevin and Brown, Noah and Driess, Danny and Esmail, Adnan and Equi, Michael and Finn, Chelsea and Fusai, Niccolo and Groom, Lachy and Hausman, Karol and Ichter, Brian and others},
  journal={arXiv preprint arXiv:2410.24164},
  year={2024}
}

@article{zhao2024aloha,
  title={Aloha unleashed: A simple recipe for robot dexterity},
  author={Zhao, Tony Z and Tompson, Jonathan and Driess, Danny and Florence, Pete and Ghasemipour, Kamyar and Finn, Chelsea and Wahid, Ayzaan},
  journal={arXiv preprint arXiv:2410.13126},
  year={2024}
}

@inproceedings{nichol2021improved,
  title={Improved denoising diffusion probabilistic models},
  author={Nichol, Alexander Quinn and Dhariwal, Prafulla},
  booktitle={International conference on machine learning},
  pages={8162--8171},
  year={2021},
  organization={PMLR}
}


@misc{singh2022progpromptgeneratingsituatedrobot,
      title={ProgPrompt: Generating Situated Robot Task Plans using Large Language Models}, 
      author={Ishika Singh and Valts Blukis and Arsalan Mousavian and Ankit Goyal and Danfei Xu and Jonathan Tremblay and Dieter Fox and Jesse Thomason and Animesh Garg},
      year={2022},
      eprint={2209.11302},
      archivePrefix={arXiv},
      primaryClass={cs.RO},
      url={https://arxiv.org/abs/2209.11302}, 
}

@misc{ahn2022icanisay,
      title={Do As I Can, Not As I Say: Grounding Language in Robotic Affordances}, 
      author={Michael Ahn and Anthony Brohan and Noah Brown and Yevgen Chebotar and Omar Cortes and Byron David and Chelsea Finn and Chuyuan Fu and Keerthana Gopalakrishnan and Karol Hausman and Alex Herzog and Daniel Ho and Jasmine Hsu and Julian Ibarz and Brian Ichter and Alex Irpan and Eric Jang and Rosario Jauregui Ruano and Kyle Jeffrey and Sally Jesmonth and Nikhil J Joshi and Ryan Julian and Dmitry Kalashnikov and Yuheng Kuang and Kuang-Huei Lee and Sergey Levine and Yao Lu and Linda Luu and Carolina Parada and Peter Pastor and Jornell Quiambao and Kanishka Rao and Jarek Rettinghouse and Diego Reyes and Pierre Sermanet and Nicolas Sievers and Clayton Tan and Alexander Toshev and Vincent Vanhoucke and Fei Xia and Ted Xiao and Peng Xu and Sichun Xu and Mengyuan Yan and Andy Zeng},
      year={2022},
      eprint={2204.01691},
      archivePrefix={arXiv},
      primaryClass={cs.RO},
      url={https://arxiv.org/abs/2204.01691}, 
}

@misc{huang2022innermonologueembodiedreasoning,
      title={Inner Monologue: Embodied Reasoning through Planning with Language Models}, 
      author={Wenlong Huang and Fei Xia and Ted Xiao and Harris Chan and Jacky Liang and Pete Florence and Andy Zeng and Jonathan Tompson and Igor Mordatch and Yevgen Chebotar and Pierre Sermanet and Noah Brown and Tomas Jackson and Linda Luu and Sergey Levine and Karol Hausman and Brian Ichter},
      year={2022},
      eprint={2207.05608},
      archivePrefix={arXiv},
      primaryClass={cs.RO},
      url={https://arxiv.org/abs/2207.05608}, 
}

@misc{huang2022languagemodelszeroshotplanners,
      title={Language Models as Zero-Shot Planners: Extracting Actionable Knowledge for Embodied Agents}, 
      author={Wenlong Huang and Pieter Abbeel and Deepak Pathak and Igor Mordatch},
      year={2022},
      eprint={2201.07207},
      archivePrefix={arXiv},
      primaryClass={cs.LG},
      url={https://arxiv.org/abs/2201.07207}, 
}

@misc{song2023llmplannerfewshotgroundedplanning,
      title={LLM-Planner: Few-Shot Grounded Planning for Embodied Agents with Large Language Models}, 
      author={Chan Hee Song and Jiaman Wu and Clayton Washington and Brian M. Sadler and Wei-Lun Chao and Yu Su},
      year={2023},
      eprint={2212.04088},
      archivePrefix={arXiv},
      primaryClass={cs.AI},
      url={https://arxiv.org/abs/2212.04088}, 
}

@misc{zawalski2024roboticcontrolembodiedchainofthought,
      title={Robotic Control via Embodied Chain-of-Thought Reasoning}, 
      author={Michał Zawalski and William Chen and Karl Pertsch and Oier Mees and Chelsea Finn and Sergey Levine},
      year={2024},
      eprint={2407.08693},
      archivePrefix={arXiv},
      primaryClass={cs.RO},
      url={https://arxiv.org/abs/2407.08693}, 
}

@inproceedings{perez2018film,
  title={Film: Visual reasoning with a general conditioning layer},
  author={Perez, Ethan and Strub, Florian and De Vries, Harm and Dumoulin, Vincent and Courville, Aaron},
  booktitle={Proceedings of the AAAI conference on artificial intelligence},
  volume={32},
  number={1},
  year={2018}
}


@article{lipman2022flow,
  title={Flow matching for generative modeling},
  author={Lipman, Yaron and Chen, Ricky TQ and Ben-Hamu, Heli and Nickel, Maximilian and Le, Matt},
  journal={arXiv preprint arXiv:2210.02747},
  year={2022}
}

@inproceedings{ross2011reduction,
  title={A reduction of imitation learning and structured prediction to no-regret online learning},
  author={Ross, St{\'e}phane and Gordon, Geoffrey and Bagnell, Drew},
  booktitle={Proceedings of the fourteenth international conference on artificial intelligence and statistics},
  pages={627--635},
  year={2011},
  organization={JMLR Workshop and Conference Proceedings}
}

@article{team2024octo,
  title={Octo: An open-source generalist robot policy},
  author={Team, Octo Model and Ghosh, Dibya and Walke, Homer and Pertsch, Karl and Black, Kevin and Mees, Oier and Dasari, Sudeep and Hejna, Joey and Kreiman, Tobias and Xu, Charles and others},
  journal={arXiv preprint arXiv:2405.12213},
  year={2024}
}


@misc{pertsch2025fastefficientactiontokenization,
      title={FAST: Efficient Action Tokenization for Vision-Language-Action Models}, 
      author={Karl Pertsch and Kyle Stachowicz and Brian Ichter and Danny Driess and Suraj Nair and Quan Vuong and Oier Mees and Chelsea Finn and Sergey Levine},
      year={2025},
      eprint={2501.09747},
      archivePrefix={arXiv},
      primaryClass={cs.RO},
      url={https://arxiv.org/abs/2501.09747}, 
}


@inproceedings{tan2019efficientnet,
  title={Efficientnet: Rethinking model scaling for convolutional neural networks},
  author={Tan, Mingxing and Le, Quoc},
  booktitle={International conference on machine learning},
  pages={6105--6114},
  year={2019},
  organization={PMLR}
}

@inproceedings{he2016deep,
  title={Deep residual learning for image recognition},
  author={He, Kaiming and Zhang, Xiangyu and Ren, Shaoqing and Sun, Jian},
  booktitle={Proceedings of the IEEE conference on computer vision and pattern recognition},
  pages={770--778},
  year={2016}
}

@article{khazatsky2024droid,
  title={Droid: A large-scale in-the-wild robot manipulation dataset},
  author={Khazatsky, Alexander and Pertsch, Karl and Nair, Suraj and Balakrishna, Ashwin and Dasari, Sudeep and Karamcheti, Siddharth and Nasiriany, Soroush and Srirama, Mohan Kumar and Chen, Lawrence Yunliang and Ellis, Kirsty and others},
  journal={arXiv preprint arXiv:2403.12945},
  year={2024}
}

@article{sanh2019distilbert,
  title={DistilBERT, a distilled version of BERT: smaller, faster, cheaper and lighter},
  author={Sanh, V},
  journal={arXiv preprint arXiv:1910.01108},
  year={2019}
}


@article{oquab2023dinov2,
  title={Dinov2: Learning robust visual features without supervision},
  author={Oquab, Maxime and Darcet, Timoth{\'e}e and Moutakanni, Th{\'e}o and Vo, Huy and Szafraniec, Marc and Khalidov, Vasil and Fernandez, Pierre and Haziza, Daniel and Massa, Francisco and El-Nouby, Alaaeldin and others},
  journal={arXiv preprint arXiv:2304.07193},
  year={2023}
}

@inproceedings{zhai2023sigmoid,
  title={Sigmoid loss for language image pre-training},
  author={Zhai, Xiaohua and Mustafa, Basil and Kolesnikov, Alexander and Beyer, Lucas},
  booktitle={Proceedings of the IEEE/CVF International Conference on Computer Vision},
  pages={11975--11986},
  year={2023}
}

@article{dosovitskiy2020image,
  title={An image is worth 16x16 words: Transformers for image recognition at scale},
  author={Dosovitskiy, Alexey},
  journal={arXiv preprint arXiv:2010.11929},
  year={2020}
}

@article{lee2024behavior,
  title={Behavior generation with latent actions},
  author={Lee, Seungjae and Wang, Yibin and Etukuru, Haritheja and Kim, H Jin and Shafiullah, Nur Muhammad Mahi and Pinto, Lerrel},
  journal={arXiv preprint arXiv:2403.03181},
  year={2024}
}

@article{van2017neural,
  title={Neural discrete representation learning},
  author={Van Den Oord, Aaron and Vinyals, Oriol and others},
  journal={Advances in neural information processing systems},
  volume={30},
  year={2017}
}

@article{mentzer2023finite,
  title={Finite scalar quantization: Vq-vae made simple},
  author={Mentzer, Fabian and Minnen, David and Agustsson, Eirikur and Tschannen, Michael},
  journal={arXiv preprint arXiv:2309.15505},
  year={2023}
}

@article{fu2024mobile,
  title={Mobile aloha: Learning bimanual mobile manipulation with low-cost whole-body teleoperation},
  author={Fu, Zipeng and Zhao, Tony Z and Finn, Chelsea},
  journal={arXiv preprint arXiv:2401.02117},
  year={2024}
}

@article{karamcheti2024prismatic,
  title={Prismatic vlms: Investigating the design space of visually-conditioned language models},
  author={Karamcheti, Siddharth and Nair, Suraj and Balakrishna, Ashwin and Liang, Percy and Kollar, Thomas and Sadigh, Dorsa},
  journal={arXiv preprint arXiv:2402.07865},
  year={2024}
}

@article{touvron2023llama,
  title={Llama 2: Open foundation and fine-tuned chat models},
  author={Touvron, Hugo and Martin, Louis and Stone, Kevin and Albert, Peter and Almahairi, Amjad and Babaei, Yasmine and Bashlykov, Nikolay and Batra, Soumya and Bhargava, Prajjwal and Bhosale, Shruti and others},
  journal={arXiv preprint arXiv:2307.09288},
  year={2023}
}

@article{liu2024bidirectional,
  title={Bidirectional Decoding: Improving Action Chunking via Closed-Loop Resampling},
  author={Liu, Yuejiang and Hamid, Jubayer Ibn and Xie, Annie and Lee, Yoonho and Du, Maximilian and Finn, Chelsea},
  journal={arXiv preprint arXiv:2408.17355},
  year={2024}
}


@article{shi2024yell,
  title={Yell at your robot: Improving on-the-fly from language corrections},
  author={Shi, Lucy Xiaoyang and Hu, Zheyuan and Zhao, Tony Z and Sharma, Archit and Pertsch, Karl and Luo, Jianlan and Levine, Sergey and Finn, Chelsea},
  journal={arXiv preprint arXiv:2403.12910},
  year={2024}
}

@article{majumdar2023we,
  title={Where are we in the search for an artificial visual cortex for embodied intelligence?},
  author={Majumdar, Arjun and Yadav, Karmesh and Arnaud, Sergio and Ma, Jason and Chen, Claire and Silwal, Sneha and Jain, Aryan and Berges, Vincent-Pierre and Wu, Tingfan and Vakil, Jay and others},
  journal={Advances in Neural Information Processing Systems},
  volume={36},
  pages={655--677},
  year={2023}
}

@article{ma2022vip,
  title={Vip: Towards universal visual reward and representation via value-implicit pre-training},
  author={Ma, Yecheng Jason and Sodhani, Shagun and Jayaraman, Dinesh and Bastani, Osbert and Kumar, Vikash and Zhang, Amy},
  journal={arXiv preprint arXiv:2210.00030},
  year={2022}
}


@inproceedings{ma2023liv,
  title={Liv: Language-image representations and rewards for robotic control},
  author={Ma, Yecheng Jason and Kumar, Vikash and Zhang, Amy and Bastani, Osbert and Jayaraman, Dinesh},
  booktitle={International Conference on Machine Learning},
  pages={23301--23320},
  year={2023},
  organization={PMLR}
}


@misc{belkhale2024minivla,
      title={MiniVLA: A Better VLA with a Smaller Footprint}, 
      author={Suneel Belkhale and Dorsa Sadigh},
      url={https://github.com/Stanford-ILIAD/openvla-mini},
      year={2024},
}

@article{tian2024predictive,
  title={Predictive Inverse Dynamics Models are Scalable Learners for Robotic Manipulation},
  author={Tian, Yang and Yang, Sizhe and Zeng, Jia and Wang, Ping and Lin, Dahua and Dong, Hao and Pang, Jiangmiao},
  journal={arXiv preprint arXiv:2412.15109},
  year={2024}
}

@misc{hou2025diffusiontransformerpolicyscaling,
      title={Diffusion Transformer Policy: Scaling Diffusion Transformer for Generalist Vision-Language-Action Learning}, 
      author={Zhi Hou and Tianyi Zhang and Yuwen Xiong and Hengjun Pu and Chengyang Zhao and Ronglei Tong and Yu Qiao and Jifeng Dai and Yuntao Chen},
      year={2025},
      eprint={2410.15959},
      archivePrefix={arXiv},
      primaryClass={cs.RO},
      url={https://arxiv.org/abs/2410.15959}, 
}

@misc{reuss2024multimodaldiffusiontransformerlearning,
      title={Multimodal Diffusion Transformer: Learning Versatile Behavior from Multimodal Goals}, 
      author={Moritz Reuss and Ömer Erdinç Yağmurlu and Fabian Wenzel and Rudolf Lioutikov},
      year={2024},
      eprint={2407.05996},
      archivePrefix={arXiv},
      primaryClass={cs.RO},
      url={https://arxiv.org/abs/2407.05996}, 
}

@article{song2020denoising,
  title={Denoising diffusion implicit models},
  author={Song, Jiaming and Meng, Chenlin and Ermon, Stefano},
  journal={arXiv preprint arXiv:2010.02502},
  year={2020}
}

@article{lu2022dpm,
  title={Dpm-solver++: Fast solver for guided sampling of diffusion probabilistic models},
  author={Lu, Cheng and Zhou, Yuhao and Bao, Fan and Chen, Jianfei and Li, Chongxuan and Zhu, Jun},
  journal={arXiv preprint arXiv:2211.01095},
  year={2022}
}

@article{hendrycks2016gaussian,
  title={Gaussian error linear units (gelus)},
  author={Hendrycks, Dan and Gimpel, Kevin},
  journal={arXiv preprint arXiv:1606.08415},
  year={2016}
}
