@article{salek2024overview,
  title={An Overview of Automated Vehicle Platooning Strategies},
  author={Salek, M Sabbir and Thakur, Mugdha Basu and Ala, Pardha Sai Krishna and Chowdhury, Mashrur and Schmid, Matthias and Murray-Tuite, Pamela and Khan, Sakib Mahmud and Krovi, Venkat},
  journal={arXiv preprint arXiv:2403.05415},
  year={2024}
}

@article{nahavandi2022autonomous,
  title={Autonomous convoying: A survey on current research and development},
  author={Nahavandi, Saeid and Mohamed, Shady and Hossain, Ibrahim and Nahavandi, Darius and Salaken, Syed Moshfeq and Rokonuzzaman, Mohammad and Ayoub, Rachael and Smith, Robin},
  journal={IEEE Access},
  volume={10},
  pages={13663--13683},
  year={2022},
  publisher={IEEE}
}

@article{achiam2023gpt,
  title={Gpt-4 technical report},
  author={Achiam, Josh and Adler, Steven and Agarwal, Sandhini and Ahmad, Lama and Akkaya, Ilge and Aleman, Florencia Leoni and Almeida, Diogo and Altenschmidt, Janko and Altman, Sam and Anadkat, Shyamal and others},
  journal={arXiv preprint arXiv:2303.08774},
  year={2023}
}

@article{dubey2024llama,
  title={The llama 3 herd of models},
  author={Dubey, Abhimanyu and Jauhri, Abhinav and Pandey, Abhinav and Kadian, Abhishek and Al-Dahle, Ahmad and Letman, Aiesha and Mathur, Akhil and Schelten, Alan and Yang, Amy and Fan, Angela and others},
  journal={arXiv preprint arXiv:2407.21783},
  year={2024}
}

@inproceedings{zhang2024advancing,
  title={Advancing its applications with llms: A survey on traffic management, transportation safety, and autonomous driving},
  author={Zhang, Dingkai and Zheng, Huanran and Yue, Wenjing and Wang, Xiaoling},
  booktitle={International Joint Conference on Rough Sets},
  pages={295--309},
  year={2024},
  organization={Springer}
}

@article{jia2015survey,
  title={A survey on platoon-based vehicular cyber-physical systems},
  author={Jia, Dongyao and Lu, Kejie and Wang, Jianping and Zhang, Xiang and Shen, Xuemin},
  journal={IEEE communications surveys \& tutorials},
  volume={18},
  number={1},
  pages={263--284},
  year={2015},
  publisher={IEEE}
}

@article{li2019platoon,
  title={Platoon control of connected multi-vehicle systems under V2X communications: Design and experiments},
  author={Li, Yongfu and Chen, Wenbo and Peeta, Srinivas and Wang, Yibing},
  journal={IEEE Transactions on Intelligent Transportation Systems},
  volume={21},
  number={5},
  pages={1891--1902},
  year={2019},
  publisher={IEEE}
}

@inproceedings{gao2019multi,
  title={Multi-lane convoy control for autonomous vehicles based on distributed graph and potential field},
  author={Gao, Li and Chu, Duanfeng and Cao, Yongxing and Lu, Liping and Wu, Chaozhong},
  booktitle={2019 ieee intelligent transportation systems conference (itsc)},
  pages={2463--2469},
  year={2019},
  organization={IEEE}
}

@inproceedings{cai2019multi,
  title={Multi-lane formation assignment and control for connected vehicles},
  author={Cai, Mengchi and Xu, Qing and Li, Keqiang and Wang, Jianqiang},
  booktitle={2019 IEEE Intelligent Vehicles Symposium (IV)},
  pages={1968--1973},
  year={2019},
  organization={IEEE}
}

@inproceedings{cai2021formation,
  title={Formation control for multiple connected and automated vehicles on multi-lane roads},
  author={Cai, Mengchi and Xu, Qing and Chen, Chaoyi and Wang, Jiawei and Li, Keqiang and Wang, Jianqiang and Zhu, Qianying},
  booktitle={2021 IEEE International Intelligent Transportation Systems Conference (ITSC)},
  pages={1940--1945},
  year={2021},
  organization={IEEE}
}

@article{zhao2023multi,
  title={Multi-lane multi-platoon control with collision avoidance},
  author={Zhao, Chenyang and Chu, Duanfeng and Yin, Jianhua and Xu, Bingrong and Lu, Liping},
  journal={IFAC-PapersOnLine},
  volume={56},
  number={2},
  pages={593--598},
  year={2023},
  publisher={Elsevier}
}

@article{chen2023survey,
  title={A Survey of An Intelligent Multi-Agent Formation Control},
  author={Chen, Qijie and Wang, Yao and Jin, Yuqiang and Wang, Taoyu and Nie, Xinhua and Yan, Tinglong},
  journal={Applied Sciences},
  volume={13},
  number={10},
  pages={5934},
  year={2023},
  publisher={MDPI}
}

@inproceedings{xu2022connected,
  title={Connected Autonomous Vehicle Platoon Control Through Multi-agent Deep Reinforcement Learning},
  author={Xu, Guangfei and Chen, Bing and Li, Guangxian and He, Xiangkun},
  booktitle={Broadband Communications, Networks, and Systems: 12th EAI International Conference, BROADNETS 2021, Virtual Event, October 28--29, 2021, Proceedings 12},
  pages={239--248},
  year={2022},
  organization={Springer}
}

@article{fan2023twin,
  title={Twin attentive deep reinforcement learning for multi-agent defensive convoy},
  author={Fan, Dongyu and Shen, Haikuo and Dong, Lijing},
  journal={International Journal of Machine Learning and Cybernetics},
  volume={14},
  number={6},
  pages={2239--2250},
  year={2023},
  publisher={Springer}
}

@article{wen2023dilu,
  title={Dilu: A knowledge-driven approach to autonomous driving with large language models},
  author={Wen, Licheng and Fu, Daocheng and Li, Xin and Cai, Xinyu and Ma, Tao and Cai, Pinlong and Dou, Min and Shi, Botian and He, Liang and Qiao, Yu},
  journal={arXiv preprint arXiv:2309.16292},
  year={2023}
}

@article{jiang2024koma,
  title={Koma: Knowledge-driven multi-agent framework for autonomous driving with large language models},
  author={Jiang, Kemou and Cai, Xuan and Cui, Zhiyong and Li, Aoyong and Ren, Yilong and Yu, Haiyang and Yang, Hao and Fu, Daocheng and Wen, Licheng and Cai, Pinlong},
  journal={IEEE Transactions on Intelligent Vehicles},
  year={2024},
  publisher={IEEE}
}

@article{yao2024comal,
  title={CoMAL: Collaborative Multi-Agent Large Language Models for Mixed-Autonomy Traffic},
  author={Yao, Huaiyuan and Da, Longchao and Nandam, Vishnu and Turnau, Justin and Liu, Zhiwei and Pang, Linsey and Wei, Hua},
  journal={arXiv preprint arXiv:2410.14368},
  year={2024}
}

@article{fang2024towards,
  title={Towards interactive and learnable cooperative driving automation: a large language model-driven decision-making framework},
  author={Fang, Shiyu and Liu, Jiaqi and Ding, Mingyu and Cui, Yiming and Lv, Chen and Hang, Peng and Sun, Jian},
  journal={arXiv preprint arXiv:2409.12812},
  year={2024}
}

@article{tian2024drivevlm,
  title={Drivevlm: The convergence of autonomous driving and large vision-language models},
  author={Tian, Xiaoyu and Gu, Junru and Li, Bailin and Liu, Yicheng and Wang, Yang and Zhao, Zhiyong and Zhan, Kun and Jia, Peng and Lang, Xianpeng and Zhao, Hang},
  journal={arXiv preprint arXiv:2402.12289},
  year={2024}
}

@article{wang2024omnidrive,
  title={OmniDrive: A Holistic LLM-Agent Framework for Autonomous Driving with 3D Perception, Reasoning and Planning},
  author={Wang, Shihao and Yu, Zhiding and Jiang, Xiaohui and Lan, Shiyi and Shi, Min and Chang, Nadine and Kautz, Jan and Li, Ying and Alvarez, Jose M},
  journal={arXiv preprint arXiv:2405.01533},
  year={2024}
}

@inproceedings{de2023decentralized,
  title={Decentralized Planning of Platoons in Road Transport using Reinforcement Learning},
  author={De Zarz{\`a}, Irene and De Curt{\`o}, Joachim and Calafate, Carlos T},
  booktitle={2023 IEEE 43rd International Conference on Distributed Computing Systems Workshops (ICDCSW)},
  pages={133--138},
  year={2023},
  organization={IEEE}
}

@article{huang2018path,
  title={Path planning and cooperative control for automated vehicle platoon using hybrid automata},
  author={Huang, Zichao and Chu, Duanfeng and Wu, Chaozhong and He, Yi},
  journal={IEEE Transactions on Intelligent Transportation Systems},
  volume={20},
  number={3},
  pages={959--974},
  year={2018},
  publisher={IEEE}
}

@article{chu2024survey,
  title={A Survey of Multi-Vehicle Consensus in Uncertain Networks for Autonomous Driving},
  author={Chu, Duanfeng and Zhao, Chenyang and Wang, Rukang and Xiao, Qiang and Wang, Wenshuo and Cao, Dongpu},
  journal={IEEE Transactions on Intelligent Transportation Systems},
  year={2024},
  publisher={IEEE}
}

@article{yang2023distributed,
  title={Distributed model predictive control for heterogeneous platoon with leading human-driven vehicle acceleration prediction},
  author={Yang, Junru and Chu, Duanfeng and Yin, Jianhua and Pi, Dawei and Wang, Jinxiang and Lu, Liping},
  journal={IEEE Transactions on Intelligent Transportation Systems},
  volume={25},
  number={5},
  pages={3944--3959},
  year={2023},
  publisher={IEEE}
}

@article{zhao2022consensus,
  title={Consensus control of highway on-ramp merging with communication delays},
  author={Zhao, Chenyang and Chu, Duanfeng and Wang, Rukang and Lu, Liping},
  journal={IEEE Transactions on Vehicular Technology},
  volume={71},
  number={9},
  pages={9127--9142},
  year={2022},
  publisher={IEEE}
}