@inproceedings{Assouel_VariationIdependentModulesVP_2022,
	title={Vim: Variational independent modules for video prediction},
	author={Assouel, Rim and Castrejon, Lluis and Courville, Aaron and Ballas, Nicolas and Bengio, Yoshua},
	booktitle={Conference on Causal Learning and Reasoning},
	pages={70--89},
	year={2022},
	organization={PMLR}
}

@article{Aydemir_SelfSupervisedObjectCentricLearningForVideos_2023,
	title={Self-supervised object-centric learning for videos},
	author={Aydemir, G{\"o}rkay and Xie, Weidi and Guney, Fatma},
	journal={Advances in Neural Information Processing Systems (NeurIPS)},
	volume={36},
	pages={32879--32899},
	year={2023}
}

@inproceedings{Bao_ObjectDiscoverMotion_2023,
	title={Object discovery from motion-guided tokens},
	author={Bao, Zhipeng and Tokmakov, Pavel and Wang, Yu-Xiong and Gaidon, Adrien and Hebert, Martial},
	booktitle={IEEE/CVF Conference on Computer Vision and Pattern Recognition (2023)},
	pages={22972--22981},
	year={2023}
}

@inproceedings{Biza_InvariantSlotAttention_2023,
	title={Invariant slot attention: Object discovery with slot-centric reference frames},
	author={Biza, Ondrej and Van Steenkiste, Sjoerd and Sajjadi, Mehdi SM and Elsayed, Gamaleldin F and Mahendran, Aravindh and Kipf, Thomas},
	booktitle={International Conference on Machine Learning (ICML)},
	year={2023}
}

@article{Brandfonbrener_InverseDynamicsPretrainingLearnsGoodRepresentatiosForImitation_2024,
	title={Inverse dynamics pretraining learns good representations for multitask imitation},
	author={Brandfonbrener, David and Nachum, Ofir and Bruna, Joan},
	journal={Advances in Neural Information Processing Systems},
	volume={36},
	year={2024}
}

@inproceedings{Bruce_GenieGenerativeInteractiveEnvironments_2024,
	title={Genie: Generative interactive environments},
	author={Bruce, Jake and Dennis, Michael D and Edwards, Ashley and Parker-Holder, Jack and Shi, Yuge and Hughes, Edward and Lai, Matthew and Mavalankar, Aditi and Steigerwald, Richie and Apps, Chris and others},
	booktitle={International Conference on Machine Learning (ICML)},
	year={2024}
}

@article{Creswell_UnsupervisedObjectBasedTransitionModelsFor3DPartiallyObservableEnvironments_2021,
	title={Unsupervised object-based transition models for 3{D} partially observable environments},
	author={Creswell, Antonia and Kabra, Rishabh and Burgess, Chris and Shanahan, Murray},
	journal={Advances in Neural Information Processing Systems (NeurIPS)},
	year={2021}
}

@article{Cui_DynaMoDynamcisPretrainingForVisuoMotorControl_2024,
	title={{DynaMo: In-Domain Dynamics Pretraining for Visuo-Motor Control}},
	author={Cui, Zichen Jeff and Pan, Hengkai and Iyer, Aadhithya and Haldar, Siddhant and Pinto, Lerrel},
	journal={arXiv preprint arXiv:2409.12192},
	year={2024}
}

@article{Daniel_DDLP_2024,
	title={{DDLP: Unsupervised Object-centric Video Prediction with Deep Dynamic Latent Particles}},
	author={Tal Daniel and Aviv Tamar},
	journal={Transactions on Machine Learning Research (TMLR)},
	year={2024}
}

@inproceedings{Edwards_ImitatingLatentPoliciesFromObservation_2019,
	title={Imitating latent policies from observation},
	author={Edwards, Ashley and Sahni, Himanshu and Schroecker, Yannick and Isbell, Charles},
	booktitle={International Conference on Machine Learning (ICML)},
	year={2019},
}

@inproceedings{Elsayed_SAVi++TowardsEndToEndObjectCentricLearningFromRealWorldVideos_2022,
	title={{SAV}i++: Towards End-to-End Object-Centric Learning from Real-World Videos},
	author={Gamaleldin Fathy Elsayed and Aravindh Mahendran and Sjoerd van Steenkiste and Klaus Greff and Michael Curtis Mozer and Thomas Kipf},
	booktitle={Advances in Neural Information Processing Systems (NeurIPS)},
	year={2022},
}

@article{Ferraro_Focus_2023,
	title={Focus: Object-centric world models for robotics manipulation},
	author={Ferraro, Stefano and Mazzaglia, Pietro and Verbelen, Tim and Dhoedt, Bart},
	journal={Advances in Neural Information Processing Systems Workshops (NeurIPSw)},
	year={2023}
}

@article{Greff_OnTheBindingProblemInNeuralNetworks_2020,
	title={On the binding problem in artificial neural networks},
	author={Greff, Klaus and Van Steenkiste, Sjoerd and Schmidhuber, J{\"u}rgen},
	journal={arXiv preprint arXiv:2012.05208},
	year={2020}
}

@article{Jiang_ObjectCentricSlotDiffusion_2023,
	title={Object-centric slot diffusion},
	author={Jiang, Jindong and Deng, Fei and Singh, Gautam and Ahn, Sungjin},
	journal={arXiv preprint arXiv:2303.10834},
	year={2023}
}

@inproceedings{Jiang_SlotSSM_2024,
	title={{SlotSSMs: Slot State Space Models}},
	author={Jiang, Jindong and Deng, Fei and Singh, Gautam and Lee, Minseung and Ahn, Sungjin},
	booktitle={Advances in Neural Information Processing Systems (NeurIPS)},
	year={2024}
}

@inproceedings{Kipf_ConditionalObjectCentricLearningFromVideo_2022,
	author = {Kipf, Thomas
	and Elsayed, Gamaleldin F.
	and Mahendran, Aravindh
	and Stone, Austin
	and Sabour, Sara
	and Heigold, Georg
	and Jonschkowski, Rico
	and Dosovitskiy, Alexey
	and Greff, Klaus},
	title = {{Conditional Object-Centric Learning from Video}},
	booktitle = {International Conference on Learning Representations (ICLR)},
	year  = {2022}
}

@inproceedings{Locatello_ChallengingAssumptionsInLearningOfDissentangledRepresentations_2019,
	title={Challenging common assumptions in the unsupervised learning of disentangled representations},
	author={Locatello, Francesco and Bauer, Stefan and Lucic, Mario and Raetsch, Gunnar and Gelly, Sylvain and Sch{\"o}lkopf, Bernhard and Bachem, Olivier},
	booktitle={{I}nternational {C}onference on {M}achine {L}earning ({ICML})},
	pages={4114--4124},
	year={2019},
}

@inproceedings{Locatello_ObjectCentricLearningWithSlotAttention_2020,
	title={Object-centric learning with slot attention},
	author={Locatello, Francesco and Weissenborn, Dirk and Unterthiner, Thomas and Mahendran, Aravindh and Heigold, Georg and Uszkoreit, Jakob and Dosovitskiy, Alexey and Kipf, Thomas},
	booktitle={International Conference on Neural Information Processing Systems ({NeurIPS})},
	year={2020}
}

@article{Mamaghan_ObjectCentricRepsForVQA_2024,
	title={Exploring the effectiveness of object-centric representations in visual question answering: Comparative insights with foundation models},
	author={Mamaghan, Amir Mohammad Karimi and Papa, Samuele and Johansson, Karl Henrik and Bauer, Stefan and Dittadi, Andrea},
	journal={arXiv preprint arXiv:2407.15589},
	year={2024}
}

@inproceedings{Menapace_PlayableEnvironments_2022,
	title={Playable environments: Video manipulation in space and time},
	author={Menapace, Willi and Lathuili{\`e}re, St{\'e}phane and Siarohin, Aliaksandr and Theobalt, Christian and Tulyakov, Sergey and Golyanik, Vladislav and Ricci, Elisa},
	booktitle={IEEE/CVF Conference on Computer Vision and Pattern Recognition (CVPR)},
	year={2022}
}

@inproceedings{Menapace_PlayableVideoGeneration_2021,
	title={Playable video generation},
	author={Menapace, Willi and Lathuiliere, Stephane and Tulyakov, Sergey and Siarohin, Aliaksandr and Ricci, Elisa},
	booktitle={IEEE/CVF Conference on Computer Vision and Pattern Recognition (CVPR)},
	year={2021}
}

@article{Meo_ObjectCentricTemporalConsistency_2024,
	title={Object-Centric Temporal Consistency via Conditional Autoregressive Inductive Biases},
	author={Meo, Cristian and Nakano, Akihiro and Lic{\u{a}}, Mircea and Didolkar, Aniket and Suzuki, Masahiro and Goyal, Anirudh and Zhang, Mengmi and Dauwels, Justin and Matsuo, Yutaka and Bengio, Yoshua},
	journal={arXiv preprint arXiv:2410.15728},
	year={2024}
}

@inproceedings{Mosbach_SOLDReinforcementLearningSlotObjectCentricLatentDynamics,
	title={{SOLD: Reinforcement Learning with Slot Object-Centric Latent Dynamics}},
	author={Mosbach, Malte and Niklas Ewertz, Jan and Villar-Corrales, Angel and Behnke, Sven},
	booktitle={arXiv preprint arXiv:2410.08822},
	year={2024}
}

@inproceedings{Schmidt_LAPOLearningToActWithoutActions_2024,
	title={Learning to Act Without Actions},
	author={Schmidt, Dominik and Jiang, Minqi},
	booktitle = {International Conference on Learning Representations (ICLR)},
	year={2024}
}

@inproceedings{Seitzer_BridgingTheGapToRealWorldObjectCentricLearning_2023,
	title={Bridging the gap to real-world object-centric learning},
	author={Seitzer, Maximilian and Horn, Max and Zadaianchuk, Andrii and Zietlow, Dominik and Xiao, Tianjun and Simon-Gabriel, Carl-Johann and He, Tong and Zhang, Zheng and Sch{\"o}lkopf, Bernhard and Brox, Thomas and others},
	booktitle = {International Conference on Learning Representations (ICLR)},
	year={2023}
}

@article{Singh_SLATE_2021,
	title={Illiterate dall-e learns to compose},
	author={Singh, Gautam and Deng, Fei and Ahn, Sungjin},
	journal={arXiv preprint arXiv:2110.11405},
	year={2021}
}

@article{Singh_STEVE_2022,
	title={Simple unsupervised object-centric learning for complex and naturalistic videos},
	author={Singh, Gautam and Wu, Yi-Fu and Ahn, Sungjin},
	journal={Advances in Neural Information Processing Systems (NeurIPS)},
	volume={35},
	pages={18181--18196},
	year={2022}
}

@article{Struckmeier_ILPI_2023,
	title={{ILPO-MP: Mode Priors Prevent Mode Collapse when Imitating Latent Policies from Observations}},
	author={Struckmeier, Oliver and Kyrki, Ville},
	journal={Transactions on Machine Learning Research (TMLR)},
	year={2023}
}

@inproceedings{Villar_OCVP_2023,
	title={Object-centric video prediction via decoupling of object dynamics and interactions},
	author={Villar-Corrales, Angel and Wahdan, Ismail and Behnke, Sven},
	booktitle={IEEE International Conference on Image Processing (ICIP)},
	year={2023}
}

@article{Wang_TIVDiffusion_2024,
	title={TIV-Diffusion: Towards Object-Centric Movement for Text-driven Image to Video Generation},
	author={Wang, Xingrui and Li, Xin and Hu, Yaosi and Zhu, Hanxin and Hou, Chen and Lan, Cuiling and Chen, Zhibo},
	journal={arXiv preprint arXiv:2412.10275},
	year={2024}
}

@inproceedings{Wu_SlotDiffusion_2023,
	title={SlotDiffusion: Object-centric generative modeling with diffusion models},
	author={Wu, Ziyi and Hu, Jingyu and Lu, Wuyue and Gilitschenski, Igor and Garg, Animesh},
	booktitle={Advances in Neural Information Processing Systems (NeurIPS)},
	volume={36},
	pages={50932--50958},
	year={2023}
}

@inproceedings{Wu_SlotFormer_2022,
	title={Slot{F}ormer: Unsupervised Visual Dynamics Simulation with Object-Centric Models},
	author={Wu, Ziyi and Dvornik, Nikita and Greff, Klaus and Kipf, Thomas and Garg, Animesh},
	booktitle = {International Conference on Learning Representations (ICLR)},
	year={2023}
}

@inproceedings{Ye_BecomeAProficientPlayerByWatchingPureVideos_2022,
	title={Become a proficient player with limited data through watching pure videos},
	author={Ye, Weirui and Zhang, Yunsheng and Abbeel, Pieter and Gao, Yang},
	booktitle={International Conference on Learning Representations (ICLR)},
	year={2022}
}

@article{Ye_LatentActionPretrainingFromVideos_2024,
	title={Latent action pretraining from videos},
	author={Ye, Seonghyeon and Jang, Joel and Jeon, Byeongguk and Joo, Sejune and Yang, Jianwei and Peng, Baolin and Mandlekar, Ajay and Tan, Reuben and Chao, Yu-Wei and Lin, Bill Yuchen and others},
	journal={International Conference on Learning Representations (ICLR)},
	year={2024}
}

@article{Zadaianchuk_VideoSaur_2024,
	title={Object-centric learning for real-world videos by predicting temporal feature similarities},
	author={Zadaianchuk, Andrii and Seitzer, Maximilian and Martius, Georg},
	journal={Advances in Neural Information Processing Systems (NeurIPS)},
	volume={36},
	year={2024}
}

@inproceedings{Zoran_PARTS_2021,
	title={Parts: Unsupervised segmentation with slots, attention and independence maximization},
	author={Zoran, Daniel and Kabra, Rishabh and Lerchner, Alexander and Rezende, Danilo J},
	booktitle={IEEE/CVF International Conference on Computer Vision (ICCV)},
	pages={10439--10447},
	year={2021}
}

