
%%%%%%%%%%%%%%%%%%%%%%%%%%%
% 2024
%%%%%%%%%%%%%%%%%%%%%%%%%%%

@article{Du_LearningUniversalPoliciesViaTextGuidedVideoGeneration_2024,
	title={Learning universal policies via text-guided video generation},
	author={Du, Yilun and Yang, Sherry and Dai, Bo and Dai, Hanjun and Nachum, Ofir and Tenenbaum, Josh and Schuurmans, Dale and Abbeel, Pieter},
	journal={Advances in Neural Information Processing Systems (NeurIPS)},
	volume={36},
	year={2024}
}

@article{Meo_ObjectCentricTemporalConsistency_2024,
	title={Object-Centric Temporal Consistency via Conditional Autoregressive Inductive Biases},
	author={Meo, Cristian and Nakano, Akihiro and Lic{\u{a}}, Mircea and Didolkar, Aniket and Suzuki, Masahiro and Goyal, Anirudh and Zhang, Mengmi and Dauwels, Justin and Matsuo, Yutaka and Bengio, Yoshua},
	journal={arXiv preprint arXiv:2410.15728},
	year={2024}
}

@article{Wang_TIVDiffusion_2024,
	title={TIV-Diffusion: Towards Object-Centric Movement for Text-driven Image to Video Generation},
	author={Wang, Xingrui and Li, Xin and Hu, Yaosi and Zhu, Hanxin and Hou, Chen and Lan, Cuiling and Chen, Zhibo},
	journal={arXiv preprint arXiv:2412.10275},
	year={2024}
}


@article{Nguyen_ReusableSlotwiseMechanisms_2024,
	title={Reusable slotwise mechanisms},
	author={Nguyen, Trang and Mansouri, Amin and Madan, Kanika and Nguyen, Khuong Duy and Ahuja, Kartik and Liu, Dianbo and Bengio, Yoshua},
	journal={Advances in Neural Information Processing Systems (NeurIPS)},
	volume={36},
	year={2024}
}


@article{Singh_GuidedLatentSlotDiffusion_2024,
	title={Guided Latent Slot Diffusion for Object-Centric Learning},
	author={Singh, Krishnakant and Schaub-Meyer, Simone and Roth, Stefan},
	journal={arXiv preprint arXiv:2407.17929},
	year={2024}
}


@article{Cui_DynaMoDynamcisPretrainingForVisuoMotorControl_2024,
	title={{DynaMo: In-Domain Dynamics Pretraining for Visuo-Motor Control}},
	author={Cui, Zichen Jeff and Pan, Hengkai and Iyer, Aadhithya and Haldar, Siddhant and Pinto, Lerrel},
	journal={arXiv preprint arXiv:2409.12192},
	year={2024}
}

@inproceedings{Schmidt_LAPOLearningToActWithoutActions_2024,
	title={Learning to Act Without Actions},
	author={Schmidt, Dominik and Jiang, Minqi},
	booktitle = {International Conference on Learning Representations (ICLR)},
	year={2024}
}

@article{Brandfonbrener_InverseDynamicsPretrainingLearnsGoodRepresentatiosForImitation_2024,
	title={Inverse dynamics pretraining learns good representations for multitask imitation},
	author={Brandfonbrener, David and Nachum, Ofir and Bruna, Joan},
	journal={Advances in Neural Information Processing Systems},
	volume={36},
	year={2024}
}


@inproceedings{Bruce_GenieGenerativeInteractiveEnvironments_2024,
	title={Genie: Generative interactive environments},
	author={Bruce, Jake and Dennis, Michael D and Edwards, Ashley and Parker-Holder, Jack and Shi, Yuge and Hughes, Edward and Lai, Matthew and Mavalankar, Aditi and Steigerwald, Richie and Apps, Chris and others},
	booktitle={International Conference on Machine Learning (ICML)},
	year={2024}
}


@inproceedings{Mosbach_SOLDReinforcementLearningSlotObjectCentricLatentDynamics,
	title={{SOLD: Reinforcement Learning with Slot Object-Centric Latent Dynamics}},
	author={Mosbach, Malte and Niklas Ewertz, Jan and Villar-Corrales, Angel and Behnke, Sven},
	booktitle={arXiv preprint arXiv:2410.08822},
	year={2024}
}


@article{Zadaianchuk_VideoSaur_2024,
	title={Object-centric learning for real-world videos by predicting temporal feature similarities},
	author={Zadaianchuk, Andrii and Seitzer, Maximilian and Martius, Georg},
	journal={Advances in Neural Information Processing Systems (NeurIPS)},
	volume={36},
	year={2024}
}

@inproceedings{Cao_SLCFNet_2024,
	title={{SLCF-Net: Sequential LiDAR-Camera Fusion for Semantic Scene Completion using a 3D Recurrent U-Net}},
	author={Cao, Helin and Behnke, Sven},
	booktitle={IEEE International Conference on Robotics and Automation (ICRA)},
	year={2024}
}

@inproceedings{Baghbaderani_TemporallyConsistentVideoSemanticSegmenationBidirectionalOcclusionFeaturePropagation_2024,
	title={Temporally-Consistent Video Semantic Segmentation With Bidirectional Occlusion-Guided Feature Propagation},
	author={Baghbaderani, Razieh Kaviani and Li, Yuanxin and Wang, Shuangquan and Qi, Hairong},
	booktitle={IEEE/CVF Winter Conference on Applications of Computer Vision (WACV)},
	pages={685--695},
	year={2024}
}


@article{Sun_DynamoDepth_2024,
	title={Dynamo-Depth: Fixing Unsupervised Depth Estimation for Dynamical Scenes},
	author={Sun, Yihong and Hariharan, Bharath},
	journal={Advances in Neural Information Processing Systems (NeurIPS)},
	volume={36},
	year={2024}
}

@inproceedings{Su_MotionStateAlignmentForVideoSemanticSegmentation_2023,
	title={Motion-state Alignment for Video Semantic Segmentation},
	author={Su, Jinming and Yin, Ruihong and Zhang, Shuaibin and Luo, Junfeng},
	booktitle={IEEE/CVF Conference on Computer Vision and Pattern Recognition (CVPR)},
	pages={3570--3579},
	year={2023}
}


@article{Sun_LearningLocalAndGlobalTemporalContextsForVideoSemanticSegmentatio_2024,
	title={Learning Local and Global Temporal Contexts for Video Semantic Segmentation},
	author={Sun, Guolei and Liu, Yun and Ding, Henghui and Wu, Min and Van Gool, Luc},
	journal={IEEE Transactions on Pattern Analysis and Machine Intelligence (TPAMI)},
	year={2024},
}


@inproceedings{Haramati_EntityCentricRL_2024,
	title={Entity-Centric Reinforcement Learning for Object Manipulation from Pixels},
	author={Haramati, Dan and Daniel, Tal and Tamar, Aviv},
	booktitle={International Conference on Machine Learning (ICML)},
	year={2024}
}


@article{Mamaghan_ObjectCentricRepsForVQA_2024,
	title={Exploring the effectiveness of object-centric representations in visual question answering: Comparative insights with foundation models},
	author={Mamaghan, Amir Mohammad Karimi and Papa, Samuele and Johansson, Karl Henrik and Bauer, Stefan and Dittadi, Andrea},
	journal={arXiv preprint arXiv:2407.15589},
	year={2024}
}

@inproceedings{Jiang_SlotSSM_2024,
	title={{SlotSSMs: Slot State Space Models}},
	author={Jiang, Jindong and Deng, Fei and Singh, Gautam and Lee, Minseung and Ahn, Sungjin},
	booktitle={Advances in Neural Information Processing Systems (NeurIPS)},
	year={2024}
}


@article{Daniel_DDLP_2024,
	title={{DDLP: Unsupervised Object-centric Video Prediction with Deep Dynamic Latent Particles}},
	author={Tal Daniel and Aviv Tamar},
	journal={Transactions on Machine Learning Research (TMLR)},
	year={2024}
}



@article{Ko_LearningToActFromActionlessVideos_2024,
	title={Learning to act from actionless videos through dense correspondences},
	author={Ko, Po-Chen and Mao, Jiayuan and Du, Yilun and Sun, Shao-Hua and Tenenbaum, Joshua B},
	journal={International Conference on Learning Representations (ICLR)},
	year={2024}
}


@article{Ye_LatentActionPretrainingFromVideos_2024,
	title={Latent action pretraining from videos},
	author={Ye, Seonghyeon and Jang, Joel and Jeon, Byeongguk and Joo, Sejune and Yang, Jianwei and Peng, Baolin and Mandlekar, Ajay and Tan, Reuben and Chao, Yu-Wei and Lin, Bill Yuchen and others},
	journal={International Conference on Learning Representations (ICLR)},
	year={2024}
}



%%%%%%%%%%%%%%%%%%%%%%%%%%%
% 2023
%%%%%%%%%%%%%%%%%%%%%%%%%%%

@article{hafner2023mastering,
	title={Mastering diverse domains through world models},
	author={Hafner, Danijar and Pasukonis, Jurgis and Ba, Jimmy and Lillicrap, Timothy},
	journal={arXiv preprint arXiv:2301.04104},
	year={2023}
}


@article{Struckmeier_ILPI_2023,
	title={{ILPO-MP: Mode Priors Prevent Mode Collapse when Imitating Latent Policies from Observations}},
	author={Struckmeier, Oliver and Kyrki, Ville},
	journal={Transactions on Machine Learning Research (TMLR)},
	year={2023}
}


@inproceedings{Song_ObjectMotionAppearanceDynamics_2023,
	title={Learning Object Motion and Appearance Dynamics with Object-Centric Representations},
	author={Song, Yeon-Ji and Kim, Hyunseo and Choi, Suhyung and Kim, Jin-Hwa and Zhang, Byoung-Tak},
	booktitle={Advances in Neural Information Processing Systems Workshops (NeurIPSW)},
	year={2023}
}


@article{Ferraro_Focus_2023,
	title={Focus: Object-centric world models for robotics manipulation},
	author={Ferraro, Stefano and Mazzaglia, Pietro and Verbelen, Tim and Dhoedt, Bart},
	journal={Advances in Neural Information Processing Systems Workshops (NeurIPSw)},
	year={2023}
}

@article{Jiang_ObjectCentricSlotDiffusion_2023,
	title={Object-centric slot diffusion},
	author={Jiang, Jindong and Deng, Fei and Singh, Gautam and Ahn, Sungjin},
	journal={Advances in Neural Information Processing Systems (NeurIPS)},
	year={2023}
}

@inproceedings{Wu_SlotDiffusion_2023,
	title={SlotDiffusion: Object-centric generative modeling with diffusion models},
	author={Wu, Ziyi and Hu, Jingyu and Lu, Wuyue and Gilitschenski, Igor and Garg, Animesh},
	booktitle={Advances in Neural Information Processing Systems (NeurIPS)},
	volume={36},
	pages={50932--50958},
	year={2023}
}


@inproceedings{Biza_InvariantSlotAttention_2023,
	title={Invariant slot attention: Object discovery with slot-centric reference frames},
	author={Biza, Ondrej and Van Steenkiste, Sjoerd and Sajjadi, Mehdi SM and Elsayed, Gamaleldin F and Mahendran, Aravindh and Kipf, Thomas},
	booktitle={International Conference on Machine Learning (ICML)},
	year={2023}
}


@inproceedings{Yoon_InvestigationObjectCentricRepresentationsReinforcementLearning_2023,
	title={An investigation into pre-training object-centric representations for reinforcement learning},
	author={Yoon, Jaesik and Wu, Yi-Fu and Bae, Heechul and Ahn, Sungjin},
	booktitle={International Conference on Machine Learning (ICML)},
	year={2023}
}

@inproceedings{Villar_OCVP_2023,
	title={Object-centric video prediction via decoupling of object dynamics and interactions},
	author={Villar-Corrales, Angel and Wahdan, Ismail and Behnke, Sven},
	booktitle={IEEE International Conference on Image Processing (ICIP)},
	year={2023}
}

@article{Aydemir_SelfSupervisedObjectCentricLearningForVideos_2023,
	title={Self-supervised object-centric learning for videos},
	author={Aydemir, G{\"o}rkay and Xie, Weidi and Guney, Fatma},
	journal={Advances in Neural Information Processing Systems (NeurIPS)},
	volume={36},
	pages={32879--32899},
	year={2023}
}


@inproceedings{Yuan_Polyphonicformer_2022,
	title={Polyphonicformer: Unified query learning for depth-aware video panoptic segmentation},
	author={Yuan, Haobo and Li, Xiangtai and Yang, Yibo and Cheng, Guangliang and Zhang, Jing and Tong, Yunhai and Zhang, Lefei and Tao, Dacheng},
	booktitle={European Conference on Computer Vision (ECCV)},
	pages={582--599},
	year={2022},
	organization={Springer}
}

@inproceedings{Petrovai_MonoDVPSdepthAwareVSS_2023,
	title={MonoDVPS: A Self-Supervised Monocular Depth Estimation Approach to Depth-aware Video Panoptic Segmentation},
	author={Petrovai, Andra and Nedevschi, Sergiu},
	booktitle={IEEE/CVF Winter Conference on Applications of Computer Vision (WACV)},
	pages={3077--3086},
	year={2023}
}

@inproceedings{Zhu_4DPanopticSegmentationInvariantEquivariantFieldPrediction_2023,
	title={{4D panoptic segmentation as invariant and equivariant field prediction}},
	author={Zhu, Minghan and Han, Shizhong and Cai, Hong and Borse, Shubhankar and Ghaffari, Maani and Porikli, Fatih},
	booktitle={IEEE/CVF International Conference on Computer Vision (ICCV)},
	pages={22488--22498},
	year={2023}
}

@inproceedings{Athar_4DFormer_2023,
	title={{4D-Former}: Multimodal {4D} Panoptic Segmentation},
	author={Athar, Ali and Li, Enxu and Casas, Sergio and Urtasun, Raquel},
	booktitle={Conference on Robot Learning (CoRL)},
	pages={2151--2164},
	year={2023}
}

@inproceedings{Lao_SimultaneouslyShortAndLongTermTemporalModelingVSS_2023,
	title={Simultaneously short-and long-term temporal modeling for semi-supervised video semantic segmentation},
	author={Lao, Jiangwei and Hong, Weixiang and Guo, Xin and Zhang, Yingying and Wang, Jian and Chen, Jingdong and Chu, Wei},
	booktitle={IEEE/CVF Conference on Computer Vision and Pattern Recognition (CVPR)},
	pages={14763--14772},
	year={2023}
}

@inproceedings{Kirillov_SegmentAnything_2023,
	title={Segment anything},
	author={Kirillov, Alexander and Mintun, Eric and Ravi, Nikhila and Mao, Hanzi and Rolland, Chloe and Gustafson, Laura and Xiao, Tete and Whitehead, Spencer and Berg, Alexander C and Lo, Wan-Yen and others},
	booktitle={IEEE/CVF Conference on Computer Vision and Pattern Recognition (CVPR)},
	year={2023}
}

@inproceedings{Seitzer_BridgingTheGapToRealWorldObjectCentricLearning_2023,
	title={Bridging the gap to real-world object-centric learning},
	author={Seitzer, Maximilian and Horn, Max and Zadaianchuk, Andrii and Zietlow, Dominik and Xiao, Tianjun and Simon-Gabriel, Carl-Johann and He, Tong and Zhang, Zheng and Sch{\"o}lkopf, Bernhard and Brox, Thomas and others},
	booktitle = {International Conference on Learning Representations (ICLR)},
	year={2023}
}

@inproceedings{Wu_SlotFormer_2022,
	title={Slot{F}ormer: Unsupervised Visual Dynamics Simulation with Object-Centric Models},
	author={Wu, Ziyi and Dvornik, Nikita and Greff, Klaus and Kipf, Thomas and Garg, Animesh},
	booktitle = {International Conference on Learning Representations (ICLR)},
	year={2023}
}



@article{Jiang_ObjectCentricSlotDiffusion_2023,
	title={Object-centric slot diffusion},
	author={Jiang, Jindong and Deng, Fei and Singh, Gautam and Ahn, Sungjin},
	journal={arXiv preprint arXiv:2303.10834},
	year={2023}
}


@article{Singh_NeuralSystematicBinder_2023,
	title={Neural systematic binder},
	author={Singh, Gautam and Kim, Yeongbin and Ahn, Sungjin},
	journal={International Conference on Learning Representations (ICLR)},
	year={2023}
}


@inproceedings{Bao_ObjectDiscoverMotion_2023,
	title={Object discovery from motion-guided tokens},
	author={Bao, Zhipeng and Tokmakov, Pavel and Wang, Yu-Xiong and Gaidon, Adrien and Hebert, Martial},
	booktitle={IEEE/CVF Conference on Computer Vision and Pattern Recognition (2023)},
	pages={22972--22981},
	year={2023}
}


%%%%%%%%%%%%%%%%%%%%%%%%%%%
% 2022
%%%%%%%%%%%%%%%%%%%%%%%%%%%

@inproceedings{Ye_BecomeAProficientPlayerByWatchingPureVideos_2022,
	title={Become a proficient player with limited data through watching pure videos},
	author={Ye, Weirui and Zhang, Yunsheng and Abbeel, Pieter and Gao, Yang},
	booktitle={International Conference on Learning Representations (ICLR)},
	year={2022}
}


@inproceedings{Assouel_VariationIdependentModulesVP_2022,
	title={Vim: Variational independent modules for video prediction},
	author={Assouel, Rim and Castrejon, Lluis and Courville, Aaron and Ballas, Nicolas and Bengio, Yoshua},
	booktitle={Conference on Causal Learning and Reasoning},
	pages={70--89},
	year={2022},
	organization={PMLR}
}




@inproceedings{Menapace_PlayableEnvironments_2022,
	title={Playable environments: Video manipulation in space and time},
	author={Menapace, Willi and Lathuili{\`e}re, St{\'e}phane and Siarohin, Aliaksandr and Theobalt, Christian and Tulyakov, Sergey and Golyanik, Vladislav and Ricci, Elisa},
	booktitle={IEEE/CVF Conference on Computer Vision and Pattern Recognition (CVPR)},
	year={2022}
}


@inproceedings{Sun_MiningRelationsAcrossCrossFrameAffinitiesVSS_2022,
	title={Mining relations among cross-frame affinities for video semantic segmentation},
	author={Sun, Guolei and Liu, Yun and Tang, Hao and Chhatkuli, Ajad and Zhang, Le and Van Gool, Luc},
	booktitle={European Conference on Computer Vision (ECCV)},
	pages={522--539},
	year={2022}
}

@inproceedings{Park_AuxAdapt_2022,
	title={Real-time, accurate, and consistent video semantic segmentation via unsupervised adaptation and cross-unit deployment on mobile device},
	author={Park, Hyojin and Yessenbayev, Alan and Singhal, Tushar and Adhikari, Navin Kumar and Zhang, Yizhe and Borse, Shubhankar Mangesh and Cai, Hong and Pandey, Nilesh Prasad and Yin, Fei and Mayer, Frank and others},
	booktitle={Proceedings of the IEEE/CVF Conference on Computer Vision and Pattern Recognition},
	pages={21431--21438},
	year={2022}
}

@inproceedings{Zhang_Auxadapt_2022,
	title={{AuxAdapt}: Stable and efficient test-time adaptation for temporally consistent video semantic segmentation},
	author={Zhang, Yizhe and Borse, Shubhankar and Cai, Hong and Porikli, Fatih},
	booktitle={IEEE/CVF Winter Conference on Applications of Computer Vision (WACV)},
	pages={2339--2348},
	year={2022}
}

@inproceedings{Zhang_PerceptualConsistencyVideoSegmentation_2022,
	title={Perceptual consistency in video segmentation},
	author={Zhang, Yizhe and Borse, Shubhankar and Cai, Hong and Wang, Ying and Bi, Ning and Jiang, Xiaoyun and Porikli, Fatih},
	booktitle={IEEE/CVF Winter Conference on Applications of Computer Vision (WACV)},
	pages={2564--2573},
	year={2022}
}


@inproceedings{Hui_RMDepth_2022,
	title={Rm-depth: Unsupervised learning of recurrent monocular depth in dynamic scenes},
	author={Hui, Tak-Wai},
	booktitle={IEEE/CVF Conference on Computer Vision and Pattern Recognition (CVPR)},
	pages={1675--1684},
	year={2022}
}

@inproceedings{Franchi_MUADDataset_2022,
	title={MUAD: Multiple Uncertainties for Autonomous Driving, a benchmark for multiple uncertainty types and tasks},
	author={Franchi, Gianni and Yu, Xuanlong and Bursuc, Andrei and Tena, Angel and Kazmierczak, R{\'e}mi and Dubuisson, S{\'e}verine and Aldea, Emanuel and Filliat, David},
	booktitle={British Machine Vision Conference (BMVC)},
	year={2022}
}


@article{Zhou_SurveyDeepLearningTechniqueVideoSegmentation_2022,
	title={A survey on deep learning technique for video segmentation},
	author={Zhou, Tianfei and Porikli, Fatih and Crandall, David J and Van Gool, Luc and Wang, Wenguan},
	journal={IEEE Transactions on Pattern Analysis and Machine Intelligence (TPAMI)},
	volume={45},
	number={6},
	pages={7099--7122},
	year={2022}
}


@article{Liao_KITTI-360_2022,
	title={KITTI-360: A novel dataset and benchmarks for urban scene understanding in 2d and 3d},
	author={Liao, Yiyi and Xie, Jun and Geiger, Andreas},
	journal={IEEE Transactions on Pattern Analysis and Machine Intelligence (TPAMI)},
	volume={45},
	number={3},
	pages={3292--3310},
	year={2022},
}

@inproceedings{Zhang_IsAnObject-CentricVideoRepresentationBeneficialForTransfer_2022,
	title={Is an Object-Centric Video Representation Beneficial for Transfer?},
	author={Zhang, Chuhan and Gupta, Ankush and Zisserman, Andrew},
	booktitle={Asian Conference on Computer Vision (ACCV)},
	pages={1976--1994},
	year={2022}
}

@inproceedings{Elsayed_SAVi++TowardsEndToEndObjectCentricLearningFromRealWorldVideos_2022,
	title={{SAV}i++: Towards End-to-End Object-Centric Learning from Real-World Videos},
	author={Gamaleldin Fathy Elsayed and Aravindh Mahendran and Sjoerd van Steenkiste and Klaus Greff and Michael Curtis Mozer and Thomas Kipf},
	booktitle={Advances in Neural Information Processing Systems (NeurIPS)},
	year={2022},
}

@inproceedings{Greff_KubricAScalableDatasetGenerator_2022,
	title={Kubric: A scalable dataset generator},
	author={Greff, Klaus and Belletti, Francois and Beyer, Lucas and Doersch, Carl and Du, Yilun and Duckworth, Daniel and Fleet, David J and Gnanapragasam, Dan and Golemo, Florian and Herrmann, Charles and others},
	booktitle={IEEE/CVF Conference on Computer Vision and Pattern Recognition (CVPR)},
	year={2022}
}

@article{Yan_PatchBasedObjectCentricTransformersForEfficientVideoGeneration_2022,
	title={Patch-based Object-centric Transformers for Efficient Video Generation},
	author={Yan, Wilson and Okumura, Ryo and James, Stephen and Abbeel, Pieter},
	journal={arXiv preprint arXiv:2206.04003},
	year={2022}
}


@inproceedings{Villar_MSPredVideoPrediction_2022,
	title={{MSPred}: Video Prediction at Multiple Spatio-Temporal Scales with Hierarchical Recurrent Networks},
	author={Villar-Corrales, Angel and Karapetyan, Ani and Boltres, Andreas and Behnke, Sven},
	booktitle={British Machine Vision Conference (BMVC)},
	year={2022}
}

@inproceedings{Gao_SimVPSimplerYetBetterVideoPrediction_2022,
	title={Sim{VP}: Simpler Yet Better Video Prediction},
	author={Gao, Zhangyang and Tan, Cheng and Wu, Lirong and Li, Stan Z},
	booktitle={IEEE/CVF Conference on Computer Vision and Pattern Recognition (CVPR)},
	year={2022}
}

@inproceedings{Kipf_ConditionalObjectCentricLearningFromVideo_2022,
	author = {Kipf, Thomas
	and Elsayed, Gamaleldin F.
	and Mahendran, Aravindh
	and Stone, Austin
	and Sabour, Sara
	and Heigold, Georg
	and Jonschkowski, Rico
	and Dosovitskiy, Alexey
	and Greff, Klaus},
	title = {{Conditional Object-Centric Learning from Video}},
	booktitle = {International Conference on Learning Representations (ICLR)},
	year  = {2022}
}

@inproceedings{Villar_PCDNet_2022,
	title={Unsupervised Image Decomposition with Phase-Correlation Networks},
	author={Villar-Corrales, Angel and Behnke, Sven},
	booktitle={International Conference on Computer Vision Theory and Applications (VISAPP)},
	year={2022}
}

@InProceedings{Gao_SimVPSimplerYetBetterVideoPrediction_2022,
	author    = {Gao, Zhangyang and Tan, Cheng and Wu, Lirong and Li, Stan Z.},
	title     = {SimVP: Simpler Yet Better Video Prediction},
	booktitle = {IEEE/CVF Conference on Computer Vision and Pattern Recognition (CVPR)},
	year      = {2022},
}

@inproceedings{Dittadi_GeneralizationAndRobustnessImplicationsInObjectCentricLearning_2022,
	title={Generalization and Robustness Implications in Object-Centric Learning},
	author={Dittadi, Andrea and Papa, Samuele and De Vita, Michele and Sch{\"o}lkopf, Bernhard and Winther, Ole and Locatello, Francesco},
	booktitle={International Conference on Machine Learning (ICML)},
	year={2022},
}

@article{Smitt_ExplicitlyIncorporatingSpatialInformationToRecurrentNetworksForAgriculture_2022,
	title={Explicitly incorporating spatial information to recurrent networks for agriculture},
	author={Smitt, Claus and Halstead, Michael and Ahmadi, Alireza and McCool, Chris},
	journal={IEEE Robotics and Automation Letters (RA-L)},
	volume={7},
	number={4},
	pages={10017--10024},
	year={2022},
}

@article{Singh_STEVE_2022,
	title={Simple unsupervised object-centric learning for complex and naturalistic videos},
	author={Singh, Gautam and Wu, Yi-Fu and Ahn, Sungjin},
	journal={Advances in Neural Information Processing Systems (NeurIPS)},
	volume={35},
	pages={18181--18196},
	year={2022}
}


%%%%%%%%%%%%%%%%%%%%%%%%%%%
% 2021
%%%%%%%%%%%%%%%%%%%%%%%%%%%

@inproceedings{Zoran_PARTS_2021,
	title={Parts: Unsupervised segmentation with slots, attention and independence maximization},
	author={Zoran, Daniel and Kabra, Rishabh and Lerchner, Alexander and Rezende, Danilo J},
	booktitle={IEEE/CVF International Conference on Computer Vision (ICCV)},
	pages={10439--10447},
	year={2021}
}

@article{Singh_SLATE_2021,
	title={Illiterate dall-e learns to compose},
	author={Singh, Gautam and Deng, Fei and Ahn, Sungjin},
	journal={arXiv preprint arXiv:2110.11405},
	year={2021}
}

@inproceedings{Menapace_PlayableVideoGeneration_2021,
	title={Playable video generation},
	author={Menapace, Willi and Lathuiliere, Stephane and Tulyakov, Sergey and Siarohin, Aliaksandr and Ricci, Elisa},
	booktitle={IEEE/CVF Conference on Computer Vision and Pattern Recognition (CVPR)},
	year={2021}
}


@inproceedings{Kong_FastFlowNet_2021,
	title={{FastFlowNet: A lightweight network for fast optical flow estimation}},
	author={Kong, Lingtong and Shen, Chunhua and Yang, Jie},
	booktitle={International Conference on Robotics and Automation (ICRA)},
	pages={10310--10316},
	year={2021},
	organization={IEEE}
}

@inproceedings{Qiao_VIPDeepLab_2021,
	title={{ViP-DeepLab: Learning visual perception with depth-aware video panoptic segmentation}},
	author={Qiao, Siyuan and Zhu, Yukun and Adam, Hartwig and Yuille, Alan and Chen, Liang-Chieh},
	booktitle={IEEE/CVF Conference on Computer Vision and Pattern Recognition (CVPR)},
	pages={3997--4008},
	year={2021}
}

@inproceedings{Aygun_4DPanopticLidarSegmentation_2021,
	title={4D panoptic lidar segmentation},
	author={Aygun, Mehmet and Osep, Aljosa and Weber, Mark and Maximov, Maxim and Stachniss, Cyrill and Behley, Jens and Leal-Taix{\'e}, Laura},
	booktitle={IEEE/CVF Conference on Computer Vision and Pattern Recognition (CVPR)},
	pages={5527--5537},
	year={2021}
}

@inproceedings{Varghese_TC_2021,
	title={An unsupervised temporal consistency ({TC}) loss to improve the performance of semantic segmentation networks},
	author={Varghese, Serin and Gujamagadi, Sharat and Klingner, Marvin and Kapoor, Nikhil and Bar, Andreas and Schneider, Jan David and Maag, Kira and Schlicht, Peter and Huger, Fabian and Fingscheidt, Tim},
	booktitle={IEEE/CVF Conference on Computer Vision and Pattern Recognition Workshops (CVPRw)},
	pages={12--20},
	year={2021}
}

@inproceedings{hoyer_ThreeWaysToImproveSemanticSegmentation_2021,
	title={Three ways to improve semantic segmentation with self-supervised depth estimation},
	author={Hoyer, Lukas and Dai, Dengxin and Chen, Yuhua and Koring, Adrian and Saha, Suman and Van Gool, Luc},
	booktitle={IEEE/CVF Conference on Computer Vision and Pattern Recognition (CVPR)},
	pages={11130--11140},
	year={2021}
}

@inproceedings{Li_VideoSemanticSegmentationViaSparseTemporalTransformer_2021,
	title={Video semantic segmentation via sparse temporal transformer},
	author={Li, Jiangtong and Wang, Wentao and Chen, Junjie and Niu, Li and Si, Jianlou and Qian, Chen and Zhang, Liqing},
	booktitle={29th ACM International Conference on Multimedia (MM)},
	pages={59--68},
	year={2021}
}


@inproceedings{guizilini_geometric_2021,
	title={Geometric unsupervised domain adaptation for semantic segmentation},
	author={Guizilini, Vitor and Li, Jie and Ambrus, Rares and Gaidon, Adrien},
	booktitle={IEEE/CVF International Conference on Computer Vision (ICCV)},
	pages={8537--8547},
	year={2021}
}

@inproceedings{Wang_DomainAdaptiveSemanticSegmentationWithSSDE_2021,
	title={Domain adaptive semantic segmentation with self-supervised depth estimation},
	author={Wang, Qin and Dai, Dengxin and Hoyer, Lukas and Van Gool, Luc and Fink, Olga},
	booktitle={IEEE/CVF International Conference on Computer Vision (CVPR)},
	pages={8515--8525},
	year={2021}
}


@inproceedings{Lee_AttentiveAndContrastiveLearningForDepthAndMotionFieldEstiamtion_2021,
	title={Attentive and contrastive learning for joint depth and motion field estimation},
	author={Lee, Seokju and Rameau, Francois and Pan, Fei and Kweon, In So},
	booktitle={IEEE/CVF International Conference on Computer Vision (CVPR)},
	pages={4862--4871},
	year={2021}
}

@inproceedings{Lee_LearningMonocularDepthInDynamicScenes_2021,
	title={Learning monocular depth in dynamic scenes via instance-aware projection consistency},
	author={Lee, Seokju and Im, Sunghoon and Lin, Stephen and Kweon, In So},
	booktitle={Conference on Artificial Intelligence ({AAAI})},
	pages={1863--1872},
	year={2021}
}

@inproceedings{Strudel_SegmenterTransformerForSemanticSegmentation_2021,
	title={Segmenter: Transformer for semantic segmentation},
	author={Strudel, Robin and Garcia, Ricardo and Laptev, Ivan and Schmid, Cordelia},
	booktitle={IEEE/CVF International Conference on Computer Vision (ICCV)},
	pages={7262--7272},
	year={2021}
}


@article{bian_SCDepth_2021,
	title={Unsupervised scale-consistent depth learning from video},
	author={Bian, Jia-Wang and Zhan, Huangying and Wang, Naiyan and Li, Zhichao and Zhang, Le and Shen, Chunhua and Cheng, Ming-Ming and Reid, Ian},
	journal={International Journal of Computer Vision (IJCV)},
	volume={129},
	number={9},
	pages={2548--2564},
	year={2021},
}

@inproceedings{Wang_TemporalMemoryAttentionVideoSemanticSegmenation_2021,
	title={Temporal memory attention for video semantic segmentation},
	author={Wang, Hao and Wang, Weining and Liu, Jing},
	booktitle={IEEE International Conference on Image Processing (ICIP)},
	pages={2254--2258},
	year={2021}
}

@inproceedings{Seichter_EfficientRGBDSemanticSegmentationForIndoorSceneAnalysis_2021,
	title={Efficient {RGB-D} semantic segmentation for indoor scene analysis},
	author={Seichter, Daniel and K{\"o}hler, Mona and Lewandowski, Benjamin and Wengefeld, Tim and Gross, Horst-Michael},
	booktitle={IEEE International Conference on Robotics and Automation (ICRA)},
	pages={13525--13531},
	year={2021}
}

@inproceedings{Ahmadi_VirtualTemproalSamplesRNNSemgentaitonAgriculture_2021,
	title={Virtual temporal samples for recurrent neural networks: Applied to semantic segmentation in agriculture},
	author={Ahmadi, Alireza and Halstead, Michael and McCool, Chris},
	booktitle={DAGM German Conference on Pattern Recognition (GCPR)},
	pages={574--588},
	year={2021}
}

@article{Creswell_UnsupervisedObjectBasedTransitionModelsFor3DPartiallyObservableEnvironments_2021,
	title={Unsupervised object-based transition models for 3{D} partially observable environments},
	author={Creswell, Antonia and Kabra, Rishabh and Burgess, Chris and Shanahan, Murray},
	journal={Advances in Neural Information Processing Systems (NeurIPS)},
	year={2021}
}

@inproceedings{Wu_GenerativeVideoTransformerCanObjectsBeTheWords_2021,
	title={Generative Video Transformer: Can Objects be the Words?},
	author={Wu, Yi-Fu and Yoon, Jaesik and Ahn, Sungjin},
	booktitle={International Conference on Machine Learning (ICML)},
	year={2021},
}

@article{Scholkopf_TowardCausalRepresentationLearning_2021,
	title={Toward causal representation learning},
	author={Sch{\"o}lkopf, Bernhard and Locatello, Francesco and Bauer, Stefan and Ke, Nan Rosemary and Kalchbrenner, Nal and Goyal, Anirudh and Bengio, Yoshua},
	journal={Proceedings of the IEEE},
	volume={109},
	number={5},
	pages={612--634},
	year={2021}
}

@inproceedings{Akan_SlampStochasticLatentAppearanceAndMotionPrediction_2021,
	title={{SLAMP}: Stochastic latent appearance and motion prediction},
	author={Akan, Adil Kaan and Erdem, Erkut and Erdem, Aykut and G{\"u}ney, Fatma},
	booktitle={IEEE/CVF International Conference on Computer Vision ({ICCV})},
	year={2021}
}

@inproceedings{Periyasamy_SynPick_2021,
	title={{SynPick}: A Dataset for Dynamic Bin Picking Scene Understanding},
	author={Periyasamy, Arul Selvam and Schwarz, Max and Behnke, Sven},
	booktitle={IEEE 17th International Conference on Automation Science and Engineering (CASE)},
	year={2021}
}

@inproceedings{Wu_GreedyHierarchicalVariationalAutoencoders_2021,
	title={Greedy hierarchical variational autoencoders for large-scale video prediction},
	author={Wu, Bohan and Nair, Suraj and Martin-Martin, Roberto and Fei-Fei, Li and Finn, Chelsea},
	booktitle={IEEE/CVF Conference on Computer Vision and Pattern Recognition (CVPR)},
	pages={2318--2328},
	year={2021}
}

@inproceedings{Saxena_ClockworkVariationalAutoencoders_2021,
	title={Clockwork Variational Autoencoders}, 
	author={Saxena, Vaibhav and Ba, Jimmy and Hafner, Danijar},
	booktitle={International Conference on Neural Information Processing Systems ({NeurIPS})},
	year={2021},
}

@article{Smirnov_MarioNetteSelfSupervisedSpriteLearning_2021marionette,
	title={MarioNette: Self-Supervised Sprite Learning},
	author={Smirnov, Dmitriy and Gharbi, Michael and Fisher, Matthew and Guizilini, Vitor and , Alexei A and Solomon, Justin},
	journal={arXiv preprint arXiv:2104.14553},
	year={2021}
}

@artice{ach_FourierBasedVideoPredictionThroughRelationalObjectMotion_2021,
	title={Fourier-based Video Prediction through Relational Object Motion},
	author={Mosbach, Malte and Behnke, Sven},
	journal={arXiv preprint arXiv:2110.05881},
	year={2021}
}

@inproceedings{Niemeyer_GiraffeRepresentingScenesAsCompositionalFields_2021,
	title={Giraffe: Representing scenes as compositional generative neural feature fields},
	author={Niemeyer, Michael and Geiger, Andreas},
	booktitle={IEEE/CVF Conference on Computer Vision and Pattern Recognition},
	pages={11453--11464},
	year={2021}
}


@inproceedings{Monnier_UnsupervisedLayeredImageDecompositionIntoObjectPrototypes_2021,
	title={{Unsupervised Layered Image Decomposition into Object Prototypes}},
	author={Monnier, Tom and Vincent, Elliot and Ponce, Jean and Aubry, Mathieu},
	booktitle={IEEE/CVF International Conference on Computer Vision ({ICCV})},
	year={2021},
}

@inproceedings{Villar_DeepLearningDesignsForSuperResolutionNoisyImages_2021,
	title={Deep learning architectural designs for super-resolution of noisy images},
	author={Villar-Corrales, Angel and Schirrmacher, Franziska and Riess, Christian},
	booktitle={IEEE International Conference on Acoustics, Speech and Signal Processing ({ICASSP})},
	pages={1635--1639},
	year={2021}
}


@inproceedings{Farazi_LocalFrequencyDomainTransformerNwtworksForVideoPrediction_2021,
	title={Local frequency domain transformer networks for video prediction},
	author={Farazi, Hafez and Nogga, Jan and Behnke, Sven},
	booktitle={International Joint Conference on Neural Networks (IJCNN)},
	year={2021}
}

@inproceedings{Li_PrototypicalContrastiveLearningOfUnsupervisedRepresentations_2020,
	title={Prototypical contrastive learning of unsupervised representations},
	author={Li, Junnan and Zhou, Pan and Xiong, Caiming and Socher, Richard and Hoi, Steven CH},
	booktitle={International Conference on Learning Representations ({ICLR})},
	year={2021},
}


@inproceedings{Engelcke_GenesisV2InferringObjectRepresentationsWithoutIterativeRefinement_2021,
	title={GENESIS-V2: Inferring Unordered Object Representations without Iterative Refinement},
	author={Engelcke, Martin and Jones, Oiwi Parker and Posner, Ingmar},
	booktitle={International Conference on Neural Information Processing Systems ({NeurIPS})},
	year={2021},
}

@inproceedings{Wu_APEX_UnsupervisedObjectCentricSegmentationForRobtManipulation_2021,
	title={APEX: Unsupervised, object-centric scene segmentation and tracking for robot manipulation},
	author={Wu, Yizhe and Jones, Oiwi Parker and Engelcke, Martin and Posner, Ingmar},
	booktitle={2021 IEEE/RSJ International Conference on Intelligent Robots and Systems (IROS)},
	pages={3375--3382},
	year={2021},
	organization={IEEE}
}

@article{Wang_PredRNN_2021,
	title={{PredRNN}: A recurrent neural network for spatiotemporal predictive learning},
	author={Wang, Yunbo and Wu, Haixu and Zhang, Jianjin and Gao, Zhifeng and Wang, Jianmin and Yu, Philip and Long, Mingsheng},
	journal={IEEE Transactions on Pattern Analysis and Machine Intelligence ({TPAMI})},
	year={2022},
	volume={},
	number={},
	pages={1-1},
}

@inproceedings{Rakhimov_LatentVideoTransformer_2021,
	title={Latent video transformer},
	author={Rakhimov, Ruslan and Volkhonskiy, Denis and Artemov, Alexey and Zorin, Denis and Burnaev, Evgeny},
	booktitle={International Conference on Computer Vision Theory and Applications (VISAPP)},
	year={2021}
}

@article{Tangemann_UnsupervisedObjectLearningViaCommonFate_2021,
	title={Unsupervised object learning via common fate},
	author={Tangemann, Matthias and Schneider, Steffen and Von K{\"u}gelgen, Julius and Locatello, Francesco and Gehler, Peter and Brox, Thomas and K{\"u}mmerer, Matthias and Bethge, Matthias and Sch{\"o}lkopf, Bernhard},
	journal={arXiv preprint arXiv:2110.06562},
	year={2021}
}

@inproceedings{Dosovitskiy_ViT_2021,
	title={An image is worth 16x16 words: Transformers for image recognition at scale},
	author={Dosovitskiy, Alexey and Beyer, Lucas and Kolesnikov, Alexander and Weissenborn, Dirk and Zhai, Xiaohua and Unterthiner, Thomas and Dehghani, Mostafa and Minderer, Matthias and Heigold, Georg and Gelly, Sylvain and others},
	booktitle={International Conference on Learning Representations (ICLR)},
	year={2021}
}

@inproceedings{Liu_SwinTransformer_2021,
	title={Swin transformer: Hierarchical vision transformer using shifted windows},
	author={Liu, Ze and Lin, Yutong and Cao, Yue and Hu, Han and Wei, Yixuan and Zhang, Zheng and Lin, Stephen and Guo, Baining},
	booktitle={IEEE/CVF International Conference on Computer Vision (ICCV)},
	pages={10012--10022},
	year={2021}
}

@inproceedings{Petrovich_ActionConditioned3dHumanMotionSynthesisWithTransformerVAE_2021,
	title={Action-conditioned 3D human motion synthesis with transformer VAE},
	author={Petrovich, Mathis and Black, Michael J and Varol, G{\"u}l},
	booktitle={IEEE/CVF International Conference on Computer Vision (ICCV)},
	pages={10985--10995},
	year={2021}
}


@article{Chen_SpatialInformationGuidedConvolutionRGBDSemseg_2021,
	title={Spatial information guided convolution for real-time {RGBD} semantic segmentation},
	author={Chen, Lin-Zhuo and Lin, Zheng and Wang, Ziqin and Yang, Yong-Liang and Cheng, Ming-Ming},
	journal={IEEE Transactions on Image Processing},
	volume={30},
	pages={2313--2324},
	year={2021},
	publisher={IEEE}
}



%%%%%%%%%%%%%%%%%%%%%%%%%%%
% 2020
%%%%%%%%%%%%%%%%%%%%%%%%%%%


@inproceedings{Cabi_ScalingDataDrivenRoboticsRewardSketching_2020,
	title={Scaling data-driven robotics with reward sketching and batch reinforcement learning},
	author={Cabi, Serkan and Colmenarejo, Sergio G{\'o}mez and Novikov, Alexander and Konyushkova, Ksenia and Reed, Scott and Jeong, Rae and Zolna, Konrad and Aytar, Yusuf and Budden, David and Vecerik, Mel and others},
	booktitle={Robotics: Science and Systems (RSS)},
	year={2020}
}


@inproceedings{Li_TowardsPracticalMultiObjectManipulationRelationalRL_2020,
	title={Towards practical multi-object manipulation using relational reinforcement learning},
	author={Li, Richard and Jabri, Allan and Darrell, Trevor and Agrawal, Pulkit},
	booktitle={IEEE International Conference on Robotics and Automation (ICRA)},
	year={2020},
}


@inproceedings{Yu_MetaworldDataset_2020,
	title={Meta-world: A benchmark and evaluation for multi-task and meta reinforcement learning},
	author={Yu, Tianhe and Quillen, Deirdre and He, Zhanpeng and Julian, Ryan and Hausman, Karol and Finn, Chelsea and Levine, Sergey},
	booktitle={Conference on Robot Learning (CoRL)},
	pages={1094--1100},
	year={2020}
}


@inproceedings{Kundu_VirtualMultiViewFusion3DSemanticSegmentation_2020,
	title={Virtual multi-view fusion for {3D} semantic segmentation},
	author={Kundu, Abhijit and Yin, Xiaoqi and Fathi, Alireza and Ross, David and Brewington, Brian and Funkhouser, Thomas and Pantofaru, Caroline},
	booktitle={European Conference on Computer Vision (ECCV)},
	pages={518--535},
	year={2020}
}

@article{Rosu_SemisupervisedSegmanticMappingThroughLabelPropagationWithSemanticTexture_2020,
	title={Semi-supervised semantic mapping through label propagation with semantic texture meshes},
	author={Rosu, Radu Alexandru and Quenzel, Jan and Behnke, Sven},
	journal={International Journal of Computer Vision (IJCV)},
	volume={128},
	number={5},
	pages={1220--1238},
	year={2020}
}

@inproceedings{Shi_SpSequenceNetSegmentation4DPointClouds_2020,
	title={{SpSequenceNet: Semantic segmentation network on 4D point clouds}},
	author={Shi, Hanyu and Lin, Guosheng and Wang, Hao and Hung, Tzu-Yi and Wang, Zhenhua},
	booktitle={IEEE/CVF Conference on Computer Vision and Pattern Recognition (CVPR)},
	pages={4574--4583},
	year={2020}
}

@inproceedings{Hu_TemporallyDistributedNetworksForFastVideoSegmentation_2020,
	title={Temporally distributed networks for fast video semantic segmentation},
	author={Hu, Ping and Caba, Fabian and Wang, Oliver and Lin, Zhe and Sclaroff, Stan and Perazzi, Federico},
	booktitle={IEEE/CVF Conference on Computer Vision and Pattern Recognition (CVPR)},
	pages={8818--8827},
	year={2020}
}

@inproceedings{Wiles_SynSinEndToEndViewSynthesisFromASingleImage_2020,
	title={{SynSin}: End-to-end view synthesis from a single image},
	author={Wiles, Olivia and Gkioxari, Georgia and Szeliski, Richard and Johnson, Justin},
	booktitle={IEEE/CVF Conference on Computer Vision and Pattern Recognition (CVPR)},
	pages={7467--7477},
	year={2020}
}

@inproceedings{Pfeuffer_RobustSemanticSegmentationAdverseWeatherConditions_2020,
	title={Robust semantic segmentation in adverse weather conditions by means of fast video-sequence segmentation},
	author={Pfeuffer, Andreas and Dietmayer, Klaus},
	booktitle={IEEE International Conference on Intelligent Transportation Systems (ITSC)},
	pages={1--6},
	year={2020}
}

@inproceedings{Teed_RAFT_2020,
	title={Raft: Recurrent all-pairs field transforms for optical flow},
	author={Teed, Zachary and Deng, Jia},
	booktitle={European Conference on Computer Vision (ECCV)},
	pages={402--419},
	year={2020}
}


@InProceedings{Rebol_FrameToFrameConsistentSemanticSegmentation_2020,
	author = {Rebol, Manuel and Knöbelreiter, Patrick},
	title = {Frame-To-Frame Consistent Semantic Segmentation},
	booktitle = {Joint Austrian Computer Vision And Robotics Workshop (ACVRW)},
	year = {2020},
	pages = {79-86}
}

@inproceedings{Liu_EfficientSemanticVideoSegmentationWithPerFrameInference_2020,
	title={Efficient semantic video segmentation with per-frame inference},
	author={Liu, Yifan and Shen, Chunhua and Yu, Changqian and Wang, Jingdong},
	booktitle={European Conference on Computer Vision (ECCV)},
	pages={352--368},
	year={2020}
}

@inproceedings{Ding_EveryFrameCountsLearningVideoSegmentationAndOpticalFlow_2020,
	title={Every frame counts: Joint learning of video segmentation and optical flow},
	author={Ding, Mingyu and Wang, Zhe and Zhou, Bolei and Shi, Jianping and Lu, Zhiwu and Luo, Ping},
	booktitle={Conference on Artificial Intelligence (AAAI)},
	volume={34},
	number={07},
	pages={10713--10720},
	year={2020}
}

@inproceedings{jiang_TransformerVAE_2020,
	title={Transformer VAE: A hierarchical model for structure-aware and interpretable music representation learning},
	author={Jiang, Junyan and Xia, Gus G and Carlton, Dave B and Anderson, Chris N and Miyakawa, Ryan H},
	booktitle={IEEE International Conference on Acoustics, Speech and Signal Processing (ICASSP)},
	pages={516--520},
	year={2020},
}

@article{Lin_VariationalTransformersForDiverseResponseGeneration_2020,
	title={Variational transformers for diverse response generation},
	author={Lin, Zhaojiang and Winata, Genta Indra and Xu, Peng and Liu, Zihan and Fung, Pascale},
	journal={arXiv preprint arXiv:2003.12738},
	year={2020}
}


@inproceedings{Lin_SPACEUnsupervised_Object-Oriented_SceneRepresentationViaSpatialAttentionAndDecomposition_2020,
	title={SPACE: Unsupervised Object-Oriented Scene Representation via Spatial Attention and Decomposition},
	author={Zhixuan Lin and Yi-Fu Wu and Skand Vishwanath Peri and Weihao Sun and Gautam Singh and Fei Deng and Jindong Jiang and Sungjin Ahn},
	booktitle={International Conference on Learning Representations (ICLR)},
	year={2020},
	url={https://openreview.net/forum?id=rkl03ySYDH}
}

@inproceedings{Lin_ImprovingGenerativeImaginationInObjectCentricWorldModels_2020,
	title={Improving generative imagination in object-centric world models},
	author={Lin, Zhixuan and Wu, Yi-Fu and Peri, Skand and Fu, Bofeng and Jiang, Jindong and Ahn, Sungjin},
	booktitle={International Conference on Machine Learning (ICML)},
	year={2020}
}

@inproceedings{Franceschi_StochasticLatentResidualVideoPrediction_2020,
	title={Stochastic latent residual video prediction},
	author={Franceschi, Jean-Yves and Delasalles, Edouard and Chen, Micka{\"e}l and Lamprier, Sylvain and Gallinari, Patrick},
	booktitle={International Conference on Machine Learning},
	pages={3233--3246},
	year={2020},
	organization={PMLR}
}

@inproceedings{
	Weissenborn_ScalingAutoregressiveVideoModels_2020,
	title={Scaling Autoregressive Video Models},
	author={Dirk Weissenborn and Oscar Täckström and Jakob Uszkoreit},
	booktitle={International Conference on Learning Representations (ICLR)},
	year={2020},
}

@inproceedings{Fushishita_LongTermVideoGenerationOfMultipleHumanPoses_2020,
	title={Long-Term Human Video Generation of Multiple Futures Using Poses},
	author={Fushishita, Naoya and Tejero-de-Pablos, Antonio and Mukuta, Yusuke and Harada, Tatsuya},
	booktitle={European Conference on Computer Vision (ECCV)},
	pages={596--612},
	year={2020},
}

@inproceedings{Guen_DisentanglingPhysiscalDynamicsFromUnknownFactorsForVideoPrediction_2020,
	title={Disentangling physical dynamics from unknown factors for unsupervised video prediction},
	author={Guen, Vincent Le and Thome, Nicolas},
	booktitle={IEEE/CVF Conference on Computer Vision and Pattern Recognition (CVPR)},
	year={2020}
}

@article{Oprea_VideoPredictionReview_2020,
	title={A review on deep learning techniques for video prediction},
	author={Oprea, Sergiu and Martinez-Gonzalez, Pablo and Garcia-Garcia, Alberto and Castro-Vargas, John Alejandro and Orts-Escolano, Sergio and Garcia-Rodriguez, Jose and Argyros, Antonis},
	journal={Transactions on Pattern Analysis and Machine Intelligence (TPAMI)},
	year={2020},
	volume={44},
	number={6},
	pages={2806-2826},
	publisher={IEEE}
}

@article{Jany_AutomaticMicroscopicImageAnalysisByMovingWindowLocalFourierTransformAndMachineLearning_2020,
	title={Automatic microscopic image analysis by moving window local Fourier Transform and Machine Learning},
	author={Jany, Benedykt R and Janas, Arkadiusz and Krok, Franciszek},
	journal={Micron},
	volume={130},
	pages={102800},
	year={2020},
	publisher={Elsevier}
}

@article{Greff_OnTheBindingProblemInNeuralNetworks_2020,
	title={On the binding problem in artificial neural networks},
	author={Greff, Klaus and Van Steenkiste, Sjoerd and Schmidhuber, J{\"u}rgen},
	journal={arXiv preprint arXiv:2012.05208},
	year={2020}
}

@article{Goyal_ObjectFilesAndSchemata_2020,
	title={Object files and schemata: Factorizing declarative and procedural knowledge in dynamical systems},
	author={Goyal, Anirudh and Lamb, Alex and Gampa, Phanideep and Beaudoin, Philippe and Levine, Sergey and Blundell, Charles and Bengio, Yoshua and Mozer, Michael},
	journal={arXiv preprint arXiv:2006.16225},
	year={2020}
}

@inproceedings{Goyal_RecurrentIndependentMechanisms_2020,
	title={Recurrent Independent Mechanisms},
	author={Goyal, Anirudh and Lamb, Alex and Hoffmann, Jordan and Sodhani, Shagun and Levine, Sergey and Bengio, Yoshua and Sch{\"o}lkopf, Bernhard},
	booktitle={International Conference on Learning Representations ({ICLR})},
	year={2020}
}

@inproceedings{Sbai_UnuspervisedImageDecompositioninVectorLayers_2020,
	title={Unsupervised Image Decomposition in Vector Layers},
	author={Sbai, Othman and Couprie, Camille and Aubry, Mathieu},
	booktitle={IEEE International Conference on Image Processing ({ICIP})},
	pages={1576--1580},
	year={2020},
	organization={IEEE}
}

@article{Lu_LayeredNeuralRenderingForRetimingPeople_2020,
	title={Layered neural rendering for retiming people in video},
	author={Lu, Erika and Cole, Forrester and Dekel, Tali and Xie, Weidi and Zisserman, Andrew and Salesin, David and Freeman, William T and Rubinstein, Michael},
	journal={arXiv preprint arXiv:2009.07833},
	year={2020}
}

@inproceedings{Lin_UnsupervisedObjectOrientedSceneRepresentationViaSpatialAttentionAndDecomposition_2020,
	title={Space: Unsupervised object-oriented scene representation via spatial attention and decomposition},
	author={Lin, Zhixuan and Wu, Yi-Fu and Peri, Skand Vishwanath and Sun, Weihao and Singh, Gautam and Deng, Fei and Jiang, Jindong and Ahn, Sungjin},
	booktitle={International Conference on Learning Representations ({ICLR})},
	year={2020},
}

@inproceedings{Locatello_ObjectCentricLearningWithSlotAttention_2020,
	title={Object-centric learning with slot attention},
	author={Locatello, Francesco and Weissenborn, Dirk and Unterthiner, Thomas and Mahendran, Aravindh and Heigold, Georg and Uszkoreit, Jakob and Dosovitskiy, Alexey and Kipf, Thomas},
	booktitle={International Conference on Neural Information Processing Systems ({NeurIPS})},
	year={2020}
}

@inproceedings{Monnier_DeepTransformationInvariantClustering_2020,
	title={Deep Transformation-Invariant Clustering},
	author={Monnier, Tom and Groueix, Thibault and Aubry, Mathieu},
	booktitle={International Conference on Neural Information Processing Systems ({NeurIPS})},
	year={2020}
}

@article{Chiu_SegmentingTheFuturue_2020,
	title={Segmenting the future},
	author={Chiu, Hsu-kuang and Adeli, Ehsan and Niebles, Juan Carlos},
	journal={IEEE Robotics and Automation Letters},
	volume={5},
	number={3},
	pages={4202--4209},
	year={2020},
	publisher={IEEE}
}

@inproceedings{Wolter_ObjectCenteredFourierMotionEstimation_2020,
	title={Object-centered Fourier Motion Estimation and Segment-Transformation Prediction},
	author={Wolter, Moritz and Yao, Angela and Behnke, Sven},
	booktitle={European Symposium on Artificial Neural Networks, Computational Intelligence and Machine Learning (ESANN)},
	year={2020}
}

@inproceedings{Farazi_MotionSegmentationUsingFrequencyDomainTransformerNetworks_2020,
	title={Motion Segmentation using Frequency Domain Transformer Networks},
	author={Farazi, Hafez and Behnke, Sven},
	booktitle={European Symposium on Artificial Neural Networks, Computational Intelligence and Machine Learning (ESANN)},
	year={2020}
}

@inproceedings{Veerapaneni_EntityAbstractioninVisualModelBasedReinforcementLearning_2020,
	title={Entity abstraction in visual model-based reinforcement learning},
	author={Veerapaneni, Rishi and Co-Reyes, John D and Chang, Michael and Janner, Michael and Finn, Chelsea and Wu, Jiajun and Tenenbaum, Joshua and Levine, Sergey},
	booktitle={Conference on Robot Learning ({CoRL})},
	pages={1439--1456},
	year={2020},
	organization={PMLR}
}
 
@inproceedings{Weis_UnmaskingInductiveBiasesOfUnsupervisedObjectRepresentationsForVideoSequences_2020,
	author  = {Marissa A. Weis and Kashyap Chitta and Yash Sharma and Wieland Brendel and Matthias Bethge and Andreas Geiger and Alexander S. Ecker},
	title   = {Benchmarking Unsupervised Object Representations for Video Sequences},
	journal = {Journal of Machine Learning Research},
	year    = {2021},
	volume  = {22},
	number  = {183},
	pages   = {1-61},
}

@inproceedings{Grill_BootstrapYourOwnLatent_2020,
	title={Bootstrap your own latent: A new approach to self-supervised learning},
	author={Grill, Jean-Bastien and Strub, Florian and Altch{\'e}, Florent and Tallec, Corentin and Richemond, Pierre H and Buchatskaya, Elena and Doersch, Carl and Pires, Bernardo Avila and Guo, Zhaohan Daniel and Azar, Mohammad Gheshlaghi and others},
	booktitle={International Conference on Neural Information Processing Systems ({NeurIPS})},
	year={2020}
}

@inproceedings{Chen_SimpleFrameworkForContrastiveLearningOfVisualRepresentations_2020,
	title={A simple framework for contrastive learning of visual representations},
	author={Chen, Ting and Kornblith, Simon and Norouzi, Mohammad and Hinton, Geoffrey},
	booktitle={International {C}onference on {M}achine {L}earning ({ICML})},
	pages={1597--1607},
	year={2020},
	organization={PMLR}
}

@inproceedings{crawford2019spatially,
	title={Spatially invariant unsupervised object detection with convolutional neural networks},
	author={Crawford, Eric and Pineau, Joelle},
	booktitle={Conference on Artificial Intelligence ({AAAI})},
	volume={33},
	number={01},
	pages={3412--3420},
	year={2019}
}

@inproceedings{Jain_AccelEfficientVideoSemanticSegmentation_2019,
	title={Accel: A corrective fusion network for efficient semantic segmentation on video},
	author={Jain, Samvit and Wang, Xin and Gonzalez, Joseph E},
	booktitle={IEEE/CVF Conference on Computer Vision and Pattern Recognition (CVPR)},
	pages={8866--8875},
	year={2019}
}

@inproceedings{Pfeuffer_SemanticSegmentaitonVideoSequencesConvLSTM_2019,
	title={Semantic segmentation of video sequences with convolutional lstms},
	author={Pfeuffer, Andreas and Schulz, Karina and Dietmayer, Klaus},
	booktitle={IEEE Intelligent Vehicles Symposium (IV)},
	pages={1441--1447},
	year={2019}
}

@inproceedings{Godard_DiggingIntoSelfSupervisedMonocularDepthEstimation_2019,
	title={Digging into self-supervised monocular depth estimation},
	author={Godard, Cl{\'e}ment and Mac Aodha, Oisin and Firman, Michael and Brostow, Gabriel J},
	booktitle={IEEE/CVF International Conference on Computer Vision (ICCV)},
	pages={3828--3838},
	year={2019}
}

@inproceedings{Devli_BERT_2019,
	title = "{BERT}: Pre-training of Deep Bidirectional Transformers for Language Understanding",
	author = "Devlin, Jacob  and
	Chang, Ming-Wei  and
	Lee, Kenton  and
	Toutanova, Kristina",
	booktitle = "Conference of the North {A}merican Chapter of the Association for Computational Linguistics {(NAACL)}",
	month = jun,
	year={2019},
}

@article{Sara_ImageQualityAssesmentThroughSSIMMSEPSNTStudy_2019,
	title={Image quality assessment through {FSIM}, {SSIM}, {MSE} and {PSNR}—a comparative study},
	author={Sara, Umme and Akter, Morium and Uddin, Mohammad Shorif},
	journal={Journal of Computer and Communications},
	volume={7},
	number={3},
	pages={8--18},
	year={2019},
}

@inproceedings{Zhang_CopyPasteGAN_2020,
	title={Copy and paste {GAN}: Face hallucination from shaded thumbnails},
	author={Zhang, Yang and Tsang, Ivor W and Luo, Yawei and Hu, Chang-Hui and Lu, Xiaobo and Yu, Xin},
	booktitle={IEEE/CVF Conference on Computer Vision and Pattern Recognition ({CVPR})},
	pages={7355--7364},
	year={2020}
}

@article{Harris_Numpy_2020,
	title={Array programming with NumPy},
	author={Harris, Charles R and Millman, K Jarrod and van der Walt, St{\'e}fan J and Gommers, Ralf and Virtanen, Pauli and Cournapeau, David and Wieser, Eric and Taylor, Julian and Berg, Sebastian and Smith, Nathaniel J and others},
	journal={Nature},
	volume={585},
	number={7825},
	pages={357--362},
	year={2020},
	publisher={Nature Publishing Group}
}

@article{Bochkovskiy_YoloV4_2020,
	title={YOLOv4: Optimal Speed and Accuracy of Object Detection},
	author={Bochkovskiy, Alexey and Wang, Chien-Yao and Liao, Hong-Yuan Mark},
	journal={arXiv preprint arXiv:2004.10934},
	year={2020}
}

@inproceedings{Ren_DeepDensityBasedClustering_2020,
	title={Deep density-based image clustering},
	author={Ren, Yazhou and Wang, Ni and Li, Mingxia and Xu, Zenglin},
	journal={Knowledge-Based Systems},
	pages={105841},
	year={2020},
	publisher={Elsevier}
}

@inproceedings{Mrabah_AdversarialDeepEmbeddedClustering_2020,
	title={Adversarial deep embedded clustering: on a better trade-off between feature randomness and feature drift},
	author={Mrabah, Nairouz and Bouguessa, Mohamed and Ksantini, Riadh},
	booktitle={IEEE Transactions on Knowledge and Data Engineering},
	year={2020},
	publisher={IEEE}
}

@article{Zhang_Resnest_2020,
	title={Resnest: Split-attention networks},
	author={Zhang, Hang and Wu, Chongruo and Zhang, Zhongyue and Zhu, Yi and Zhang, Zhi and Lin, Haibin and Sun, Yue and He, Tong and Mueller, Jonas and Manmatha, R and others},
	journal={arXiv preprint arXiv:2004.08955},
	year={2020}
}

@inproceedings{Du_SpineNet_2020,
	title={SpineNet: Learning scale-permuted backbone for recognition and localization},
	author={Du, Xianzhi and Lin, Tsung-Yi and Jin, Pengchong and Ghiasi, Golnaz and Tan, Mingxing and Cui, Yin and Le, Quoc V and Song, Xiaodan},
	booktitle={IEEE/CVF Conference on Computer Vision and Pattern Recognition},
	pages={11592--11601},
	year={2020}
}

@inproceedings{Tan_EfficientDet_2020,
	title={Efficientdet: Scalable and efficient object detection},
	author={Tan, Mingxing and Pang, Ruoming and Le, Quoc V},
	booktitle={IEEE/CVF Conference on Computer Vision and Pattern Recognition},
	pages={10781--10790},
	year={2020}
}

@inproceedings{Zhang_DarkNetDistributionAwarePoseEstimation2020,
	title={Distribution-aware coordinate representation for human pose estimation},
	author={Zhang, Feng and Zhu, Xiatian and Dai, Hanbin and Ye, Mao and Zhu, Ce},
	booktitle={IEEE/CVF Conference on Computer Vision and Pattern Recognition},
	pages={7093--7102},
	year={2020}
}

@article{Wang_HRNetVisualRecognition_2020,
	title={Deep high-resolution representation learning for visual recognition},
	author={Wang, Jingdong and Sun, Ke and Cheng, Tianheng and Jiang, Borui and Deng, Chaorui and Zhao, Yang and Liu, Dong and Mu, Yadong and Tan, Mingkui and Wang, Xinggang and others},
	journal={IEEE Transactions on Pattern Analysis and Machine Intelligence (TPAMI)},
	year={2020}
}


@inproceedings{Xu_LearningInTheFrequencyDomain_2020,
	title={Learning in the frequency domain},
	author={Xu, Kai and Qin, Minghai and Sun, Fei and Wang, Yuhao and Chen, Yen-Kuang and Ren, Fengbo},
	booktitle={IEEE/CVF Conference on Computer Vision and Pattern Recognition ({CVPR})},
	pages={1740--1749},
	year={2020}
}

@article{Von_TowardsCausalGenerativeSceneModelsViaCompetition_2020,
	title={Towards causal generative scene models via competition of experts},
	author={von K{\"u}gelgen, Julius and Ustyuzhaninov, Ivan and Gehler, Peter and Bethge, Matthias and Sch{\"o}lkopf, Bernhard},
	journal={arXiv:2004.12906},
	year={2020}
}


@inproceedings{Stanic_HierarchicalRelationalInference_2020,
	title={Hierarchical relational inference},
	author={Stanic, Aleksandar and Van Steenkiste, Sjoerd and Schmidhuber, J{\"u}rgen},
	booktitle={Conference on Artificial Intelligence ({AAAI})},
	pages={9730--9738},
	year={2021}
}

@inproceedings{Paschalidou_LearningUnsupervisedPartDecompositionOf3DObjects_2020,
	title={Learning unsupervised hierarchical part decomposition of 3{D} objects from a single {RGB} image},
	author={Paschalidou, Despoina and Gool, Luc Van and Geiger, Andreas},
	booktitle={IEEE/CVF Conference on Computer Vision and Pattern Recognition ({CVPR})},
	pages={1060--1070},
	year={2020}
}

@article{Babaeizadeh_FitVidOverfittingPixel-LevelVideoPrediction_2021,
	title={FitVid: Overfitting in Pixel-Level Video Prediction},
	author= {Babaeizadeh, Mohammad and Saffar, Mohammad Taghi and Nair, Suraj 
	and Levine, Sergey and Finn, Chelsea and Erhan, Dumitru},
	journal={arXiv preprint arXiv:2106.13195},
	year={2020}
}


%%%%%%%%%%%%%%%%%%%%%%%%%%%
% 2019
%%%%%%%%%%%%%%%%%%%%%%%%%%%


@inproceedings{Edwards_ImitatingLatentPoliciesFromObservation_2019,
	title={Imitating latent policies from observation},
	author={Edwards, Ashley and Sahni, Himanshu and Schroecker, Yannick and Isbell, Charles},
	booktitle={International Conference on Machine Learning (ICML)},
	year={2019}
}


@inproceedings{Howard_MobilenetV3_2019,
	title={{Searching for MobileNetV3}},
	author={Howard, Andrew and Sandler, Mark and Chu, Grace and Chen, Liang-Chieh and Chen, Bo and Tan, Mingxing and Wang, Weijun and Zhu, Yukun and Pang, Ruoming and Vasudevan, Vijay and others},
	booktitle={IEEE/CVF International Conference on Computer Vision (CVPR)},
	pages={1314--1324},
	year={2019}
}

@inproceedings{Gordon_DepthFromVideosInTheWild_2019,
	title={Depth from videos in the wild: Unsupervised monocular depth learning from unknown cameras},
	author={Gordon, Ariel and Li, Hanhan and Jonschkowski, Rico and Angelova, Anelia},
	booktitle={IEEE/CVF International Conference on Computer Vision (ICCV)},
	pages={8977--8986},
	year={2019}
}

@inproceedings{Edwards_ImitatingLatentPoliciesFromObservation_2019,
	title={Imitating latent policies from observation},
	author={Edwards, Ashley and Sahni, Himanshu and Schroecker, Yannick and Isbell, Charles},
	booktitle={International Conference on Machine Learning (ICML)},
	year={2019},
}


@inproceedings{Pfeuffer_SeparableConvolutionalLSTMFasterVideoSegmentation_2019,
	title={Separable convolutional LSTMs for faster video segmentation},
	author={Pfeuffer, Andreas and Dietmayer, Klaus},
	booktitle={IEEE Intelligent Transportation Systems Conference (ITSC)},
	pages={1072--1078},
	year={2019}
}

@article{VanSteenkiste_AreDisentagledRepresentationsHelpfuForAbstractVisualReasoning_2019,
	title={Are disentangled representations helpful for abstract visual reasoning?},
	author={Van Steenkiste, Sjoerd and Locatello, Francesco and Schmidhuber, J{\"u}rgen and Bachem, Olivier},
	journal={Advances in neural information processing systems},
	volume={32},
	year={2019}
}

@inproceedings{Liu_StructuredKnowldegeDistillationSemanticSegmentation_2019,
	title={Structured knowledge distillation for semantic segmentation},
	author={Liu, Yifan and Chen, Ke and Liu, Chris and Qin, Zengchang and Luo, Zhenbo and Wang, Jingdong},
	booktitle={IEEE/CVF Conference on Computer Vision and Pattern Recognition (CVPR)},
	pages={2604--2613},
	year={2019}
}

@inproceedings{Hahner_SemanticUnderstaningFoggyScenes_2019,
	title={Semantic understanding of foggy scenes with purely synthetic data},
	author={Hahner, Martin and Dai, Dengxin and Sakaridis, Christos and Zaech, Jan-Nico and Van Gool, Luc},
	booktitle={IEEE Intelligent Transportation Systems Conference (ITSC)},
	pages={3675--3681},
	year={2019},
}

@inproceedings{Wang_LearningDeepTransformerModelsForMachineTranslation_2019,
	title={Learning Deep Transformer Models for Machine Translation},
	author={Qiang Wang and Bei Li and Tong Xiao and Jingbo Zhu and Changliang Li and Derek F. Wong and Lidia S. Chao},
	booktitle={Annual Meeting of the Association for Computational Linguistics (ACL)},
	year={2019}
}

@inproceedings{novosel_BoostingSemanticSegmentationWithMultiTaskSelfSupervisedLearning_2019,
	title={Boosting semantic segmentation with multi-task self-supervised learning for autonomous driving applications},
	author={Novosel, Jelena and Viswanath, Prashanth and Arsenali, Bruno},
	booktitle={NeurIPS-Workshops},
	volume={3},
	year={2019}
}

@inproceedings{Ye_CompositionalVideoPrediction_2019,
	title={Compositional video prediction},
	author={Ye, Yufei and Singh, Maneesh and Gupta, Abhinav and Tulsiani, Shubham},
	booktitle={IEEE/CVF International Conference on Computer Vision (CVPR)},
	year={2019}
}

@inproceedings{Pan_VideoGenerationFromSingleSemanticLabp_2019,
	title={Video generation from single semantic label map},
	author={Pan, Junting and Wang, Chengyu and Jia, Xu and Shao, Jing and Sheng, Lu and Yan, Junjie and Wang, Xiaogang},
	booktitle={IEEE/CVF Conference on Computer Vision and Pattern Recognition (CVPR)},
	pages={3733--3742},
	year={2019}
}

@inproceedings{Kosiorek_StackedCapsuleAutoencoders_2019,
	title={Stacked capsule autoencoders},
	author={Kosiorek, Adam R and Sabour, Sara and Teh, Yee Whye and Hinton, Geoffrey E},
	booktitle={International Conference on Neural Information Processing Systems ({NeurIPS})},
	year={2019}
}

@inproceedings{Locatello_ChallengingAssumptionsInLearningOfDissentangledRepresentations_2019,
	title={Challenging common assumptions in the unsupervised learning of disentangled representations},
	author={Locatello, Francesco and Bauer, Stefan and Lucic, Mario and Raetsch, Gunnar and Gelly, Sylvain and Sch{\"o}lkopf, Bernhard and Bachem, Olivier},
	booktitle={{I}nternational {C}onference on {M}achine {L}earning ({ICML})},
	pages={4114--4124},
	year={2019},
}

@inproceedings{Stelzner_FasterAttendInferRepeat_2019,
	title={Faster attend-infer-repeat with tractable probabilistic models},
	author={Stelzner, Karl and Peharz, Robert and Kersting, Kristian},
	booktitle={International {C}onference on {M}achine {L}earning ({ICML})},
	year={2019},
}

@inproceedings{Greff_IodineMultiObjectRepresentationLearningWithIterativeVariationalInference_2019,
	title={Multi-object representation learning with iterative variational inference},
	author={Greff, Klaus and Kaufman, Rapha{\"e}l Lopez and Kabra, Rishabh and Watters, Nick and Burgess, Christopher and Zoran, Daniel and Matthey, Loic and Botvinick, Matthew and Lerchner, Alexander},
	booktitle={{I}nternational {C}onference on {M}achine {L}earning ({ICML})},
	year={2019},
}

@inproceedings{He_TrackingByAnnimation_2019,
	title={Tracking by animation: Unsupervised learning of multi-object attentive trackers},
	author={He, Zhen and Li, Jian and Liu, Daxue and He, Hangen and Barber, David},
	booktitle={IEEE/CVF Conference on Computer Vision and Pattern Recognition ({CVPR})},
	year={2020}
}


@inproceedings{Jiang_ScalorGenerativeWorldModelsWithScalableObjectRepresentations_2019,
	title={{SCALOR}: Generative world models with scalable object representations},
	author={Jiang, Jindong and Janghorbani, Sepehr and De Melo, Gerard and Ahn, Sungjin},
	booktitle={International Conference on Learning Representations ({ICLR})},
	year={2019}
}

@misc{Watters_SpatialBroadcastDecoder_2019,
	title={Spatial Broadcast Decoder: A Simple Architecture for Disentangled Representations in {VAE}s},
	author={Nick Watters and Loic Matthey and Chris P. Burgess and Alexander Lerchner},
	year={2019},
	url={https://openreview.net/forum?id=S1x7WjnzdV}
}

@article{Burgess_MonetUnsupervisedSceneDecompositionRepresentation_2019,
	title={Monet: Unsupervised scene decomposition and representation},
	author={Burgess, Christopher P and Matthey, Loic and Watters, Nicholas and Kabra, Rishabh and Higgins, Irina and Botvinick, Matt and Lerchner, Alexander},
	journal={arXiv:1901.11390},
	year={2019}
}

@inproceedings{Akiba_Optuna_2019,
	title={Optuna: A next-generation hyperparameter optimization framework},
	author={Akiba, Takuya and Sano, Shotaro and Yanase, Toshihiko and Ohta, Takeru and Koyama, Masanori},
	booktitle={25th ACM SIGKDD International Conference on Knowledge Discovery \& Data Mining},
	year={2019}
}

@inproceedings{Madhu_RecognizingCharactersInArt_2019,
	title={Recognizing Characters in Art History Using Deep Learning},
	author={Madhu, Prathmesh and Kosti, Ronak and M{\"u}hrenberg, Lara and Bell, Peter and Maier, Andreas and Christlein, Vincent},
	booktitle={1st Workshop on Structuring and Understanding of Multimedia heritAge Contents},
	pages={15--22},
	year={2019}
}

@article{Mcconville_DeepClusteringManifoldAutoencodedEmbedding_2019,
	title={N2d:(not too) deep clustering via clustering the local manifold of an autoencoded embedding},
	author={McConville, Ryan and Santos-Rodriguez, Raul and Piechocki, Robert J and Craddock, Ian},
	journal={arXiv preprint arXiv:1908.05968},
	year={2019}
}

@article{Arandjelovic_ObjectDiscoveryWithCopyPasteGAN_2019,
	title={Object discovery with a copy-pasting {GAN}},
	author={Arandjelovi{\'c}, Relja and Zisserman, Andrew},
	journal={arXiv:1905.11369},
	year={2019}
}

@inproceedings{Huang_UltraScalableSpectralClustering_2019,
	title={Ultra-scalable spectral clustering and ensemble clustering},
	author={Huang, Dong and Wang, Chang-Dong and Wu, Jian-Sheng and Lai, Jian-Huang and Kwoh, Chee-Keong},
	journal={IEEE Transactions on Knowledge and Data Engineering},
	volume={32},
	number={6},
	pages={1212--1226},
	year={2019},
	publisher={IEEE}
}

@article{Zarka_ScatteringHomotopyDictionaryLearningClassification_2019,
	title={Deep network classification by scattering and homotopy dictionary learning},
	author={Zarka, John and Thiry, Louis and Angles, Tom{\'a}s and Mallat, St{\'e}phane},
	journal={arXiv preprint arXiv:1910.03561},
	year={2019}
}

@inproceedings{Castrejon_ImprovedVRNNsForVideoPrediction_2019,
	title={Improved conditional {VRNNs} for video prediction},
	author={Castrejon, Lluis and Ballas, Nicolas and Courville, Aaron},
	booktitle={IEEE/CVF International Conference on Computer Vision (ICCV)},
	pages={7608--7617},
	year={2019}
}

@article{Villegas_HighFidelityVideoPrediction_2019,
	title={High fidelity video prediction with large stochastic recurrent neural networks},
	author={Villegas, Ruben and Pathak, Arkanath and Kannan, Harini and Erhan, Dumitru and Le, Quoc V and Lee, Honglak},
	journal={Advances in {N}eural {I}nformation {P}rocessing {S}ystems (NeurIPS)},
	year={2019}
}


@inproceedings{Sun_HighResolutionPoseEstimationHRNet_2019,
	title={Deep high-resolution representation learning for human pose estimation},
	author={Sun, Ke and Xiao, Bin and Liu, Dong and Wang, Jingdong},
	booktitle={IEEE conference on computer vision and pattern recognition},
	pages={5693--5703},
	year={2019}
}

@article{Soltanolkotabi_ShallowNetworksGeneralization_2019,
	author    = {Samet Oymak and Mahdi Soltanolkotabi},
	title     = {Towards moderate overparameterization: global convergence guarantees for training shallow neural networks},
	journal   = {},
	volume    = {},
	number    = {},
	pages     = {},
	year      = {2019}
}

@article{Soltanolkotabi_NoisyTraining_2019,
	author    = {M. Li and M Soltanolkotabi and S Oymak},
	title     = {Gradient Descent with Early Stopping is Provably Robust to Label Noise for Overparameterized Neural Networks},
	journal   = {},
	volume    = {},
	number    = {},
	pages     = {},
	year      = {2019}
}

@article{Brendel_BogOfFeatures_2019,
	author    = {W. Brendel and M. Bethge},
	title     = {Approximating cnns with bag-of-local-features models works surprisingly well on imagenet},
	journal   = {},
	volume    = {},
	number    = {},
	pages     = {},
	year      = {2019}
}

@incollection{Gu_ReviewDenoising_2019,
	title={A brief review of image denoising algorithms and beyond},
	author={Gu, Shuhang and Timofte, Radu},
	booktitle={Inpainting and Denoising Challenges},
	pages={1--21},
	year={2019},
	publisher={Springer}
}


@article{Fan_ReviewDenoising_2019,
	title={Brief review of image denoising techniques},
	author={Fan, Linwei and Zhang, Fan and Fan, Hui and Zhang, Caiming},
	journal={Visual Computing for Industry, Biomedicine, and Art},
	volume={2},
	number={1},
	pages={7},
	year={2019},
	publisher={Springer}
}


@mastersthesis{Brandner_Indexing_2019,
	title   = {Efficient Cross-Version Music Retrieval Using Dimensionality Reduction and Indexing Techniques},
	author  = {Julian Brandner},
	school  = {Friedrich-Alexander-Universit{\"a}t Erlangen-N{\"u}rnberg},
	type    = {{M}aster {T}hesis},
	year    = {2019}
}

@inproceedings{Tralie_SimilarityBasedFusion_2019,
	title={Multi-scale geometric summaries for similarity-based sensor fusion},
	author={Tralie, Christopher J and Bendich, Paul and Harer, John},
	booktitle={2019 IEEE Aerospace Conference},
	pages={1--10},
	year={2019},
	organization={IEEE}
}

@inproceedings{Jenicek_LinkingArtThroughHumanPoses_2019,
	title={Linking Art through Human Poses},
	author={Jenicek, Tomas and Chum, Ond{\v{r}}ej},
	booktitle={2019 International Conference on Document Analysis and Recognition (ICDAR)},
	pages={1338--1345},
	year={2019},
	organization={IEEE}
}

@article{Stanic_RelationalSequentialAttendInferRepeat_2019,
	title={{R-SQAIR}: relational sequential attend, infer, repeat},
	author={Stani{\'c}, Aleksandar and Schmidhuber, J{\"u}rgen},
	journal={arXiv preprint arXiv:1910.05231},
	year={2019}
}


@inproceedings{Fritsche_FrequencySeparationForRealWorldSuperResolution_2019,
	title={Frequency separation for real-world super-resolution},
	author={Fritsche, Manuel and Gu, Shuhang and Timofte, Radu},
	booktitle={IEEE/CVF International Conference on Computer Vision Workshop (ICCVW)},
	pages={3599--3608},
	year={2019},
}

@inproceedings{Engelcke_GenesisGeneraticeSceneInferenceWithObjectCentricRepresentations_2019,
	title={Genesis: Generative scene inference and sampling with object-centric latent representations},
	author={Engelcke, Martin and Kosiorek, Adam R and Jones, Oiwi Parker and Posner, Ingmar},
	booktitle={{I}nternational {C}onference on {L}earning {R}epresentations ({ICLR})},
	year={2020}
}

@inproceedings{Zama_GeometryMeetsSemantics_2019,
	title={Geometry meets semantics for semi-supervised monocular depth estimation},
	author={Zama Ramirez, Pierluigi and Poggi, Matteo and Tosi, Fabio and Mattoccia, Stefano and Di Stefano, Luigi},
	booktitle={14th Asian Conference on Computer Vision (ACCV)},
	pages={298--313},
	year={2019},
	organization={Springer}
}


%%%%%%%%%%%%%%%%%%%%%%%%%%%
% 2018
%%%%%%%%%%%%%%%%%%%%%%%%%%%


@inproceedings{Kuznietsov_TowardsUnsupervisedOnlineDomainAdaptationForSemanticSegmentation_2022,
	title={Towards unsupervised online domain adaptation for semantic segmentation},
	author={Kuznietsov, Yevhen and Proesmans, Marc and Van Gool, Luc},
	booktitle={IEEE/CVF Winter Conference on Applications of Computer Vision (WACV)},
	pages={261--271},
	year={2022}
}


@inproceedings{Lai_LearningBlindVideoTemporalConsistency_2018,
	title={Learning blind video temporal consistency},
	author={Lai, Wei-Sheng and Huang, Jia-Bin and Wang, Oliver and Shechtman, Eli and Yumer, Ersin and Yang, Ming-Hsuan},
	booktitle={European Conference on Computer Vision (ECCV)},
	pages={170--185},
	year={2018}
}


@inproceedings{Yin_GeoNetUnsupervisedLearningOfDepthFlowCamera_2018,
	title={Geonet: Unsupervised learning of dense depth, optical flow and camera pose},
	author={Yin, Zhichao and Shi, Jianping},
	booktitle={IEEE/CVF Conference on Computer Vision and Pattern Recognition (CVPR)},
	pages={1983--1992},
	year={2018}
}

@inproceedings{Wang_LearningDepthMonoculaVideosDirectMethods_2018,
	title={Learning depth from monocular videos using direct methods},
	author={Wang, Chaoyang and Buenaposada, Jos{\'e} Miguel and Zhu, Rui and Lucey, Simon},
	booktitle={IEEE/CVF Conference on Computer Vision and Pattern Recognition (CVPR)},
	pages={2022--2030},
	year={2018}
}

@inproceedings{Xu_DynamicVideoSegmentationNetwork_2018,
	title={Dynamic video segmentation network},
	author={Xu, Yu-Syuan and Fu, Tsu-Jui and Yang, Hsuan-Kung and Lee, Chun-Yi},
	booktitle={IEEE/CVF Conference on Computer Vision and Pattern Recognition (CVPR)},
	pages={6556--6565},
	year={2018}
}

@inproceedings{Siam_ComparativeStudeySegmetationAutonomousDriving_2018,
	title={A comparative study of real-time semantic segmentation for autonomous driving},
	author={Siam, Mennatullah and Gamal, Mostafa and Abdel-Razek, Moemen and Yogamani, Senthil and Jagersand, Martin and Zhang, Hong},
	booktitle={IEEE Conference on Computer Vision and Pattern Recognition Workshops (CVPRw)},
	pages={587--597},
	year={2018}
}

@article{Sara_ImageQualityAssessmentAComparativeStudy_2019,
	title={Image quality assessment through {FSIM}, {SSIM}, {MSE} and {PSNR}—a comparative study},
	author={Sara, Umme and Akter, Morium and Uddin, Mohammad Shorif},
	journal={Journal of Computer and Communications},
	volume={7},
	number={3},
	pages={8--18},
	year={2019},
}


@inproceedings{Zhang_TheUnreasonableEffectivenessOfDeepFeaturesLPIPS_2018,
	title={The unreasonable effectiveness of deep features as a perceptual metric},
	author={Zhang, Richard and Isola, Phillip and Efros, Alexei A and Shechtman, Eli and Wang, Oliver},
	booktitle={IEEE Conference on Computer Vision and Pattern Recognition (CVPR)},
	pages={586--595},
	year={2018}
}

@inproceedings{Babaeizadeh_StochasticVariationalVideoPrediction_2018,
	title={Stochastic Variational Video Prediction},
	author={Mohammad Babaeizadeh and Chelsea Finn and Dumitru Erhan and Roy H. Campbell and Sergey Levine},
	booktitle={International Conference on Learning Representations (ICLR)},
	year={2018},
}

@inproceedings{Denton_StochasticVideoGenerationWithALearnedPrior_2018,
	title={Stochastic video generation with a learned prior},
	author={Denton, Emily and Fergus, Rob},
	booktitle={{I}nternational {C}onference on {M}achine {L}earning (ICML)},
	year={2018},
}

@inproceedings{Li_FlowGroundedSpatialTemporalVideoPredictionFromStillImages_2018,
	title={Flow-grounded spatial-temporal video prediction from still images},
	author={Li, Yijun and Fang, Chen and Yang, Jimei and Wang, Zhaowen and Lu, Xin and Yang, Ming-Hsuan},
	booktitle={European Conference on Computer Vision (ECCV)},
	pages={600--615},
	year={2018}
}

@inproceedings{Devin_DeepObjectCentricRepresentationsForRobotLearning_2018,
	title={Deep object-centric representations for generalizable robot learning},
	author={Devin, Coline and Abbeel, Pieter and Darrell, Trevor and Levine, Sergey},
	booktitle={2018 IEEE International Conference on Robotics and Automation (ICRA)},
	pages={7111--7118},
	year={2018},
	organization={IEEE}
}

@inproceedings{Shu_DeformingAutoencoders_2018,
	title={Deforming autoencoders: Unsupervised disentangling of shape and appearance},
	author={Shu, Zhixin and Sahasrabudhe, Mihir and Guler, Riza Alp and Samaras, Dimitris and Paragios, Nikos and Kokkinos, Iasonas},
	booktitle={European conference on computer vision (ECCV)},
	pages={650--665},
	year={2018}
}


@inproceedings{Liu_ImageDenoisingBasedOnCNN_2018,
	title={Image denoising based on a CNN model},
	author={Liu, Zhe and Yan, Wei Qi and Yang, Mee Loong},
	booktitle={2018 4th International Conference on Control, Automation and Robotics (ICCAR)},
	pages={389--393},
	year={2018},
	organization={IEEE}
}

@inproceedings{Kosiorek_SequentialAttendInferRepeat_2018,
	title={Sequential attend, infer, repeat: Generative modelling of moving objects},
	author={Kosiorek, Adam R and Kim, Hyunjik and Posner, Ingmar and Teh, Yee Whye},
	booktitle={International Conference on Neural Information Processing Systems ({NeurIPS})},
	year={2018}
}

@inproceedings{Gueguen_FasterNeuralNetworkStraightFromJPEG_2018,
	title={Faster neural networks straight from {JPEG}},
	author={Gueguen, Lionel and Sergeev, Alex and Kadlec, Ben and Liu, Rosanne and Yosinski, Jason},
	booktitle={International Conference on Neural Information Processing Systems ({NeurIPS})},
	volume={31},
	pages={3933--3944},
	year={2018}
}


@inproceedings{He_FastSpectralClusteringExplicitFeatureMapping_2018,
	title={Fast large-scale spectral clustering via explicit feature mapping},
	author={He, Li and Ray, Nilanjan and Guan, Yisheng and Zhang, Hong},
	journal={IEEE transactions on cybernetics},
	volume={49},
	number={3},
	pages={1058--1071},
	year={2018},
	publisher={IEEE}
}


@inproceedings{Chen_SpectralClusteringFastNormaizedCut_2018,
	title={Spectral clustering of large-scale data by directly solving normalized cut},
	author={Chen, Xiaojun and Hong, Weijun and Nie, Feiping and He, Dan and Yang, Min and Huang, Joshua Zhexue},
	booktitle={24th ACM SIGKDD International Conference on Knowledge Discovery \& Data Mining},
	pages={1206--1215},
	year={2018}
}


@article{Oyallon_ScatteringHybridNetworks_2018,
	title={Scattering networks for hybrid representation learning},
	author={Oyallon, Edouard and Zagoruyko, Sergey and Huang, Gabriel and Komodakis, Nikos and Lacoste-Julien, Simon and Blaschko, Matthew and Belilovsky, Eugene},
	journal={IEEE transactions on pattern analysis and machine intelligence},
	volume={41},
	number={9},
	pages={2208--2221},
	year={2018},
	publisher={IEEE}
}


@inproceedings{Nie_PosePartitionNetworks_2018,
	title={Pose partition networks for multi-person pose estimation},
	author={Nie, Xuecheng and Feng, Jiashi and Xing, Junliang and Yan, Shuicheng},
	booktitle={European Conference on Computer Vision (ECCV)},
	pages={684--699},
	year={2018}
}

@article{Andreux_Kimatio_2018,
	author    = {M. Andreux and T. Angles and G. Exarchakis and R. Leonarduzzi and G. Rochette and L. Thiry and J. Zarka and S. Mallat and J. Andén and E. Belilovsky and J. Bruna and V. Lostanlen and M. J. Hirn and E. Oyallon and S. Zhang and C. Cella and M. Eickenberg},
	title     = {Kymatio: Scattering transforms in python},
	journal   = {CoRR},
	volume    = {1812.11214},
	number    = {},
	pages     = {},
	year      = {2018}
}

@article{Cao_OpenPose_2018,
	title={OpenPose: realtime multi-person 2{D} pose estimation using Part Affinity Fields},
	author={Cao, Zhe and Hidalgo, Gines and Simon, Tomas and Wei, Shih-En and Sheikh, Yaser},
	journal={arXiv preprint arXiv:1812.08008},
	year={2018}
}

@inproceedings{Chen_CascadedPyramidNetworksPoseEstimation_2018,
	title={Cascaded pyramid network for multi-person pose estimation},
	author={Chen, Yilun and Wang, Zhicheng and Peng, Yuxiang and Zhang, Zhiqiang and Yu, Gang and Sun, Jian},
	booktitle={IEEE conference on computer vision and pattern recognition},
	pages={7103--7112},
	year={2018}
}

@article{Diwakar_ReviewDenosing_2018,
	title={A review on CT image noise and its denoising},
	author={Diwakar, Manoj and Kumar, Manoj},
	journal={Biomedical Signal Processing and Control},
	volume={42},
	pages={73--88},
	year={2018},
	publisher={Elsevier}
}


@article{Burgess_UnderstandingDisentanglingInBetaVAE_2018,
	title={Understanding disentangling in $\beta$-VAE},
	author={Burgess, Christopher P and Higgins, Irina and Pal, Arka and Matthey, Loic and Watters, Nick and Desjardins, Guillaume and Lerchner, Alexander},
	journal={CoRR},
	volume={abs/1804.03599},
	year={2018}
}


@article{Malkov_HNSWG_2018,
	title={Efficient and robust approximate nearest neighbor search using hierarchical navigable small world graphs},
	author={Malkov, Yury A and Yashunin, Dmitry A},
	journal={IEEE transactions on pattern analysis and machine intelligence ({TPAMI})},
	year={2018},
	publisher={IEEE}
}

@inproceedings{Bei_DenoisingSuperResolution_2018,
	title={New techniques for preserving global structure and denoising with low information loss in single-image super-resolution},
	author={Bei, Yijie and Damian, Alexandru and Hu, Shijia and Menon, Sachit and Ravi, Nikhil and Rudin, Cynthia},
	booktitle={IEEE Conference on Computer Vision and Pattern Recognition Workshops},
	pages={874--881},
	year={2018}
}

@article{Yu_WideActivationSuperResolution_2018,
	title={Wide activation for efficient and accurate image super-resolution},
	author={Yu, Jiahui and Fan, Yuchen and Yang, Jianchao and Xu, Ning and Wang, Zhaowen and Wang, Xinchao and Huang, Thomas},
	journal={arXiv preprint arXiv:1808.08718},
	year={2018}
}

@inproceedings{Zhang_ResidualSR_2018,
	title={Residual dense network for image super-resolution},
	author={Zhang, Yulun and Tian, Yapeng and Kong, Yu and Zhong, Bineng and Fu, Yun},
	booktitle={IEEE conference on computer vision and pattern recognition},
	pages={2472--2481},
	year={2018}
}

@inproceedings{Xiao_SimpleBaselinePoseEstimation_2018,
	title={Simple baselines for human pose estimation and tracking},
	author={Xiao, Bin and Wu, Haiping and Wei, Yichen},
	booktitle={European conference on computer vision (ECCV)},
	pages={466--481},
	year={2018}
}

@incollection{Johnson_ObjectPerception_2018,
	title={Object perception},
	author={Johnson, Scott P},
	booktitle={Oxford Research Encyclopedia of Psychology},
	year={2018}
}

@inproceedings{Ke_MultiScateStructurePoseEstimation_2018,
	title={Multi-scale structure-aware network for human pose estimation},
	author={Ke, Lipeng and Chang, Ming-Ching and Qi, Honggang and Lyu, Siwei},
	booktitle={European Conference on Computer Vision (ECCV)},
	pages={713--728},
	year={2018}
}


@article{Tschannen_SubspaceClusteringMatchingPursuit_2018,
	title={Noisy subspace clustering via matching pursuits},
	author={Tschannen, Michael and B{\"o}lcskei, Helmut},
	journal={IEEE Transactions on Information Theory},
	volume={64},
	number={6},
	pages={4081--4104},
	year={2018},
	publisher={IEEE}
}

@article{Redmon_YOLOv3_2018,
	title={Yolov3: An incremental improvement},
	author={Redmon, Joseph and Farhadi, Ali},
	journal={arXiv preprint arXiv:1804.02767},
	year={2018}
}

@inproceedings{Caron_DeepClusteringUnsupervisedLearningVisualFeatures_2018,
	title={Deep clustering for unsupervised learning of visual features},
	author={Caron, Mathilde and Bojanowski, Piotr and Joulin, Armand and Douze, Matthijs},
	booktitle={European Conference on Computer Vision (ECCV)},
	pages={132--149},
	year={2018}
}


@inproceedings{lin2018st,
	title={St-gan: Spatial transformer generative adversarial networks for image compositing},
	author={Lin, Chen-Hsuan and Yumer, Ersin and Wang, Oliver and Shechtman, Eli and Lucey, Simon},
	booktitle={IEEE Conference on Computer Vision and Pattern Recognition ({CVPR})},
	pages={9455--9464},
	year={2018}
}

@inproceedings{Seguin_ArtDigitizationTechniques_2018,
	title={New techniques for the digitization of art historical photographic archives-the case of the cini foundation in venice},
	author={Seguin, Benoit and Costiner, Lisandra and di Lenardo, Isabella and Kaplan, Fr{\'e}d{\'e}ric},
	booktitle={Archiving Conference},
	volume={2018},
	number={1},
	pages={1--5},
	year={2018},
	organization={Society for Imaging Science and Technology}
}

@inproceedings{Luc_PredictingFutureInstanceSegmentation_2018predicting,
	title={Predicting future instance segmentation by forecasting convolutional features},
	author={Luc, Pauline and Couprie, Camille and Lecun, Yann and Verbeek, Jakob},
	booktitle={{E}uropean {C}onference on {C}omputer {V}ision (ECCV)},
	pages={584--599},
	year={2018}
}

@inproceedings{Chen_DeepLabV3+_2018,
	title={Encoder-decoder with atrous separable convolution for semantic image segmentation},
	author={Chen, Liang-Chieh and Zhu, Yukun and Papandreou, George and Schroff, Florian and Adam, Hartwig},
	booktitle={{E}uropean {C}onference on {C}omputer {V}ision (ECCV)},
	pages={801--818},
	year={2018}
}

@inproceedings{Wagner_FunctionallyModularSemanticSegmentation_2018,
	title={Functionally Modular and Interpretable Temporal Filtering for Robust Segmentation},
	author={Wagner, J{\"o}rg and Fischer, Volker and Herman, Michael and Behnke, Sven},
	booktitle={British Machine Vision Conference (BMVC)},
  pages        = {282},
  year         = {2018}
}

%%%%%%%%%%%%%%%%%%%%%%%%%%%
% 2017
%%%%%%%%%%%%%%%%%%%%%%%%%%%

@inproceedings{VanOord_NeuralDiscreteRepresentationLearning_2017,
	title={Neural discrete representation learning},
	author={Van Den Oord, Aaron and Vinyals, Oriol},
	journal={Advances in Neural Information Processing Systems (NeurIPS)},
	year={2017}
}


@inproceedings{Ilg_FlowNet2_2017,
	title={{Flownet 2.0: Evolution of optical flow estimation with deep networks}},
	author={Ilg, Eddy and Mayer, Nikolaus and Saikia, Tonmoy and Keuper, Margret and Dosovitskiy, Alexey and Brox, Thomas},
	booktitle={IEEE/CVF Conference on Computer Vision and Pattern Recognition (CVPR)},
	pages={2462--2470},
	year={2017}
}

@inproceedings{Ma_MultiViewDeepLearningSemSegMappingRGBDCameras_2017,
	title={Multi-view deep learning for consistent semantic mapping with {RGB-D} cameras},
	author={Ma, Lingni and St{\"u}ckler, J{\"o}rg and Kerl, Christian and Cremers, Daniel},
	booktitle={IEEE/RSJ International Conference on Intelligent Robots and Systems (IROS)},
	pages={598--605},
	year={2017}
}

@inproceedings{zhao_PSPNet_2017,
	title={Pyramid scene parsing network},
	author={Zhao, Hengshuang and Shi, Jianping and Qi, Xiaojuan and Wang, Xiaogang and Jia, Jiaya},
	booktitle={IEEE Conference on Computer Vision and Pattern Recognition (CVPR)},
	pages={2881--2890},
	year={2017}
}

@inproceedings{Gadde_SemanticVideoCNNsThroughRepresentationWarping_2017,
	title={Semantic video {CNNs} through representation warping},
	author={Gadde, Raghudeep and Jampani, Varun and Gehler, Peter V},
	booktitle={IEEE International Conference on Computer Vision (ICCV)},
	year={2017}
}

@inproceedings{Godard_UnuspervisedMonocularDepthEstimationWithLeftRightConsistency_2017,
	title={Unsupervised monocular depth estimation with left-right consistency},
	author={Godard, Cl{\'e}ment and Mac Aodha, Oisin and Brostow, Gabriel J},
	booktitle={IEEE/CVF Conference on Computer Vision and Pattern Recognition (CVPR)},
	pages={270--279},
	year={2017}
}

@inproceedings{Zhu_DeepFeatureFlowVideoRecognition_2017,
	title={Deep feature flow for video recognition},
	author={Zhu, Xizhou and Xiong, Yuwen and Dai, Jifeng and Yuan, Lu and Wei, Yichen},
	booktitle={IEEE/CVF Conference on Computer Vision and Pattern Recognition (CVPR)},
	pages={2349--2358},
	year={2017}
}

@inproceedings{Siam_ConvolutionalGatedRecurrentNetworksVideoSegmnetation_2017,
	title={Convolutional gated recurrent networks for video segmentation},
	author={Siam, Mennatullah and Valipour, Sepehr and Jagersand, Martin and Ray, Nilanjan},
	booktitle={IEEE International Conference on Image Processing (ICIP)},
	pages={3090--3094},
	year={2017}
}

@article{Vaswani_AttentionIsAllYouNeed_2017,
	title={Attention is all you need},
	author={Vaswani, Ashish and Shazeer, Noam and Parmar, Niki and Uszkoreit, Jakob and Jones, Llion and Gomez, Aidan N and Kaiser, {\L}ukasz and Polosukhin, Illia},
	journal={Advances in {N}eural {I}nformation {P}rocessing {S}ystems (NeurIPS)},
	year={2017}
}

@inproceedings{Wang_PredRNN_2017,
	title={Pred{R}{N}{N}: Recurrent Neural Networks for Predictive Learning Using Spatiotemporal {LSTM}s},
	author={Wang, Yunbo and Long, Mingsheng and Wang, Jianmin and Gao, Zhifeng and Yu, Philip S},
	booktitle={Advances in {N}eural {I}nformation {P}rocessing {S}ystems (NeurIPS)},
	pages={879--888},
	year={2017}
}

@article{Shi_DeepLearningForPrecipitationNowcastingBenchamrkAndModel_2017,
	title={Deep learning for precipitation nowcasting: A benchmark and a new model},
	author={Shi, Xingjian and Gao, Zhihan and Lausen, Leonard and Wang, Hao and Yeung, Dit-Yan and Wong, Wai-kin and Woo, Wang-chun},
	journal={Advances in {N}eural {I}nformation {P}rocessing {S}ystems (NeurIPS)},
	year={2017}
}

@inproceedings{Villegas_LearningToGenerateLongTermFutureViaHierarchicalPredcition_2017,
	title={Learning to generate long-term future via hierarchical prediction},
	author={Villegas, Ruben and Yang, Jimei and Zou, Yuliang and Sohn, Sungryull and Lin, Xunyu and Lee, Honglak},
	booktitle={{I}nternational {C}onference on {M}achine {L}earning (ICML)},
	pages={3560--3569},
	year={2017},
}

@article{Premont_RecurrentLadderNetworks_2017,
	title={Recurrent ladder networks},
	author={Pr{\'e}mont-Schwarz, Isabeau and Ilin, Alexander and Hao, Tele and Rasmus, Antti and Boney, Rinu and Valpola, Harri},
	journal={Advances in {N}eural {I}nformation {P}rocessing {S}ystems (NeurIPS)},
	volume={30},
	year={2017}
}

@article{Yang_LRGan_2017,
	title={{LR-GAN}: Layered recursive generative adversarial networks for image generation},
	author={Yang, Jianwei and Kannan, Anitha and Batra, Dhruv and Parikh, Devi},
	journal={arXiv:1703.01560},
	year={2017}
}

@inproceedings{Ko_EnergyEfficientTrainingCNNFrequencyDomain_2017,
	title={Design of an energy-efficient accelerator for training of convolutional neural networks using frequency-domain computation},
	author={Ko, Jong Hwan and Mudassar, Burhan and Na, Taesik and Mukhopadhyay, Saibal},
	booktitle={54th ACM/EDAC/IEEE Design Automation Conference (DAC)},
	year={2017},
}

@inproceedings{Paszke_AutomaticDifferneciationInPytorch_2017,
	title={Automatic differentiation in {P}y{T}orch},
	author={Paszke, Adam and Gross, Sam and Chintala, Soumith and Chanan, Gregory and Yang, Edward and DeVito, Zachary and Lin, Zeming and Desmaison, Alban and Antiga, Luca and Lerer, Adam},
	booktitle={International Conference on Neural Information Processing Systems Workshops ({NeurIPS-W})},
	year={2017}
}

@article{Kumar_ConvNeuralNetworksForWaveletDomainSuperResolution_2017,
	title={Convolutional neural networks for wavelet domain super resolution},
	author={Kumar, Neeraj and Verma, Ruchika and Sethi, Amit},
	journal={Pattern Recognition Letters},
	volume={90},
	pages={65--71},
	year={2017},
	publisher={Elsevier}
}

@inproceedings{Jin_AdvantagesDisadvantagesPoseEstimation_2017,
	title={Towards multi-person pose tracking: Bottom-up and top-down methods},
	author={Jin, Sheng and Ma, Xujie and Han, Zhipeng and Wu, Yue and Yang, Wei and Liu, Wentao and Qian, Chen and Ouyang, Wanli},
	booktitle={ICCV PoseTrack Workshop},
	volume={2},
	number={3},
	pages={7},
	year={2017}
}

@article{Xiao_FashionMNIST_2017,
	title={Fashion-mnist: a novel image dataset for benchmarking machine learning algorithms},
	author={Xiao, Han and Rasul, Kashif and Vollgraf, Roland},
	journal={arXiv preprint arXiv:1708.07747},
	year={2017}
}

@inproceedings{Yang_TowrdsKMeansFriendlySpacesDeepClustering_2017,
	title={Towards k-means-friendly spaces: Simultaneous deep learning and clustering},
	author={Yang, Bo and Fu, Xiao and Sidiropoulos, Nicholas D and Hong, Mingyi},
	booktitle={{I}nternational {C}onference on {M}achine {L}earning},
	pages={3861--3870},
	year={2017},
	organization={PMLR}
}

@inproceedings{Redmon_YOLOv2_2017,
	title={YOLO9000: better, faster, stronger},
	author={Redmon, Joseph and Farhadi, Ali},
	booktitle={IEEE conference on computer vision and pattern recognition},
	pages={7263--7271},
	year={2017}
}

@article{Schubert_DBSCANRevisited_2017,
	title={DBSCAN revisited, revisited: why and how you should (still) use DBSCAN},
	author={Schubert, Erich and Sander, J{\"o}rg and Ester, Martin and Kriegel, Hans Peter and Xu, Xiaowei},
	journal={ACM Transactions on Database Systems (TODS)},
	volume={42},
	number={3},
	pages={1--21},
	year={2017},
	publisher={ACM New York, NY, USA}
}

@inproceedings{Lin_FeaturePyramidNetworksObjectDetection_2017,
	title={Feature pyramid networks for object detection},
	author={Lin, Tsung-Yi and Doll{\'a}r, Piotr and Girshick, Ross and He, Kaiming and Hariharan, Bharath and Belongie, Serge},
	booktitle={IEEE conference on computer vision and pattern recognition},
	pages={2117--2125},
	year={2017}
}

@inproceedings{Yang_LearningFeaturePyramidsPoseEstimation_2017,
	title={Learning feature pyramids for human pose estimation},
	author={Yang, Wei and Li, Shuang and Ouyang, Wanli and Li, Hongsheng and Wang, Xiaogang},
	booktitle={IEEE international conference on computer vision},
	pages={1281--1290},
	year={2017}
}

@inproceedings{Huang_DenselyConnectedConvolutionalNetworksDenseNet_2017,
	title={Densely connected convolutional networks},
	author={Huang, Gao and Liu, Zhuang and Van Der Maaten, Laurens and Weinberger, Kilian Q},
	booktitle={IEEE conference on computer vision and pattern recognition},
	pages={4700--4708},
	year={2017}
}

@inproceedings{Cao_RealTimePoseEstimationAffinityFields_2017,
	title={Realtime multi-person 2{D} pose estimation using part affinity fields},
	author={Cao, Zhe and Simon, Tomas and Wei, Shih-En and Sheikh, Yaser},
	booktitle={IEEE Conference on Computer Vision and Pattern Recognition (CVPR)},
	pages={7291--7299},
	year={2017}
}

@article{Kurin_TheAtariGranChallengeDataset_2017,
	title={The {A}tari grand challenge dataset},
	author={Kurin, Vitaly and Nowozin, Sebastian and Hofmann, Katja and Beyer, Lucas and Leibe, Bastian},
	journal={arXiv:1705.10998},
	year={2017}
}

@inproceedings{He_MaskRCNN_2017,
	title={Mask r-cnn},
	author={He, Kaiming and Gkioxari, Georgia and Doll{\'a}r, Piotr and Girshick, Ross},
	booktitle={IEEE international conference on computer vision},
	pages={2961--2969},
	year={2017}
}

@inproceedings{Fang_AlphaPose_2017,
	title={Rmpe: Regional multi-person pose estimation},
	author={Fang, Hao-Shu and Xie, Shuqin and Tai, Yu-Wing and Lu, Cewu},
	booktitle={IEEE International Conference on Computer Vision},
	pages={2334--2343},
	year={2017}
}

@inproceedings{Huang_ArbitraryStyleTransferAdaptiveInstanceNormalization_2017,
	title={Arbitrary style transfer in real-time with adaptive instance normalization},
	author={Huang, Xun and Belongie, Serge},
	booktitle={IEEE International Conference on Computer Vision},
	pages={1501--1510},
	year={2017}
}

@article{Oyallon_DeepHybridNetworks_2017,
	author    = {Edouard Oyallon and Eugene Belilovsky and Sergey Zagoruyko},
	title     = {Scaling the Scattering Transform: Deep Hybrid Networks},
	journal   = {CoRR},
	volume    = {abs/1703.08961},
	year      = {2017},
}

@article{aksoy2017unmixing,
	title={Unmixing-based soft color segmentation for image manipulation},
	author={Aksoy, Ya{\u{g}}iz and Aydin, Tun{\c{c}} Ozan and Smoli{\'c}, Aljo{\v{s}}a and Pollefeys, Marc},
	journal={ACM Transactions on Graphics (TOG)},
	volume={36},
	number={2},
	pages={1--19},
	year={2017},
	publisher={ACM New York, NY, USA}
}

@inproceedings{Agustsson_NRIREChallenge_2017,
	title={Ntire 2017 challenge on single image super-resolution: Methods and results},
	author={Timofte, Radu and Agustsson, Eirikur and Van Gool, Luc and Yang, Ming-Hsuan and Zhang, Lei},
	booktitle={IEEE conference on computer vision and pattern recognition workshops},
	pages={114--125},
	year={2017}
}

@inproceedings{Ledig_PhotoRealisticSRGans_2017,
	title={Photo-realistic single image super-resolution using a generative adversarial network},
	author={Ledig, Christian and Theis, Lucas and Husz{\'a}r, Ferenc and Caballero, Jose and Cunningham, Andrew and Acosta, Alejandro and Aitken, Andrew and Tejani, Alykhan and Totz, Johannes and Wang, Zehan and others},
	booktitle={IEEE conference on computer vision and pattern recognition},
	pages={4681--4690},
	year={2017}
}

@inproceedings{Lim_EnhancedResidualSR_2017,
	title={Enhanced deep residual networks for single image super-resolution},
	author={Lim, Bee and Son, Sanghyun and Kim, Heewon and Nah, Seungjun and Mu Lee, Kyoung},
	booktitle={IEEE conference on computer vision and pattern recognition workshops},
	pages={136--144},
	year={2017}
}

@inproceedings{Papandreou_MultiPersonPoseEstimationInTheWild_2017,
	title={Towards accurate multi-person pose estimation in the wild},
	author={Papandreou, George and Zhu, Tyler and Kanazawa, Nori and Toshev, Alexander and Tompson, Jonathan and Bregler, Chris and Murphy, Kevin},
	booktitle={IEEE Conference on Computer Vision and Pattern Recognition},
	pages={4903--4911},
	year={2017}
}


@article{Heckel_DimensionalityReducedSubspaceClustering_2017,
	title={Dimensionality-reduced subspace clustering},
	author={Heckel, Reinhard and Tschannen, Michael and B{\"o}lcskei, Helmut},
	journal={Information and Inference: A Journal of the IMA},
	volume={6},
	number={3},
	pages={246--283},
	year={2017},
	publisher={Oxford University Press}
}

@inproceedings{Guo_DeepClusteringConvolutionalAutoencoders_2017,
	title={Deep clustering with convolutional autoencoders},
	author={Guo, Xifeng and Liu, Xinwang and Zhu, En and Yin, Jianping},
	booktitle={International conference on neural information processing},
	pages={373--382},
	year={2017},
	organization={Springer}
}

@inproceedings{Guo_ImprovedDeepEmbeddedClustering_2017,
	title={Improved deep embedded clustering with local structure preservation.},
	author={Guo, Xifeng and Gao, Long and Liu, Xinwang and Yin, Jianping},
	booktitle={IJCAI},
	pages={1753--1759},
	year={2017}
}

@inproceedings{Ji_DeepSubspaceClusteringNetworks_2017,
	title={Deep subspace clustering networks},
	author={Ji, Pan and Zhang, Tong and Li, Hongdong and Salzmann, Mathieu and Reid, Ian},
	booktitle={Advances in {N}eural {I}nformation {P}rocessing {S}ystems},
	pages={24--33},
	year={2017}
}

@inproceedings{Ghasedi_DEPICTDeepClusteringJointConvolutionalAutoencoderAndRelativeEntropyMinimization_2017,
	title={Deep clustering via joint convolutional autoencoder embedding and relative entropy minimization},
	author={Ghasedi Dizaji, Kamran and Herandi, Amirhossein and Deng, Cheng and Cai, Weidong and Huang, Heng},
	booktitle={IEEE international conference on computer vision},
	pages={5736--5745},
	year={2017}
}


@inproceedings{Zhou_UnsupervisedLearningDethEgoMotionFromVideo_2017,
	title={Unsupervised learning of depth and ego-motion from video},
	author={Zhou, Tinghui and Brown, Matthew and Snavely, Noah and Lowe, David G},
	booktitle={IEEE/CVF Conference on Computer Vision and Pattern Recognition (CVPR)},
	pages={1851--1858},
	year={2017}
}

@inproceedings{Dosovitskiy_CarlaSimulator_2017,
	title = { {CARLA}: {An} Open Urban Driving Simulator},
	author = {Alexey Dosovitskiy and German Ros and Felipe Codevilla and Antonio Lopez and Vladlen Koltun},
	booktitle = {Conference on Robot Learning ({CoRL})},
	pages = {1--16},
	year = {2017}
}


%%%%%%%%%%%%%%%%%%%%%%%%%%%
% 2016
%%%%%%%%%%%%%%%%%%%%%%%%%%%

@inproceedings{Hur_JointOpticalFlowAndTemporallyConsistentSemSeg_2016,
	title={Joint optical flow and temporally consistent semantic segmentation},
	author={Hur, Junhwa and Roth, Stefan},
	booktitle={European Conference on Computer Vision Workshops (ECCVw)},
	pages={163--177},
	year={2016},
	organization={Springer}
}

@article{Ballas_ConvGRU_2015,
	title={Delving deeper into convolutional networks for learning video representations},
	author={Ballas, Nicolas and Yao, Li and Pal, Chris and Courville, Aaron},
	journal={International Conference on Learning Representations (ICLR)},
	year={2016}
}

@inproceedings{Cordts_CityscapesDataset_2016,
	title={The {C}ityscapes dataset for semantic urban scene understanding},
	author={Cordts, Marius and Omran, Mohamed and Ramos, Sebastian and Rehfeld, Timo and Enzweiler, Markus and Benenson, Rodrigo and Franke, Uwe and Roth, Stefan and Schiele, Bernt},
	booktitle={IEEE/CVF Conference on Computer Vision and Pattern Recognition (CVPR)},
	pages={3213--3223},
	year={2016}
}

@inproceedings{Garg_UnuspervisedCNNSingleViewDepthEstimation_2016,
	title={Unsupervised {CNN} for single view depth estimation: Geometry to the rescue},
	author={Garg, Ravi and Bg, Vijay Kumar and Carneiro, Gustavo and Reid, Ian},
	booktitle={European Conference on Computer Vision (ECCV)},
	pages={740--756},
	year={2016}
}

@inproceedings{Shelhamer_ClockworkConvnetsForVideoSemanticSegmentation_2016,
	title={Clockwork convnets for video semantic segmentation},
	author={Shelhamer, Evan and Rakelly, Kate and Hoffman, Judy and Darrell, Trevor},
	booktitle={European Conference on Computer Vision Workshops (ECCVw)},
	pages={852--868},
	year={2016}
}

@article{Sonderby_LadderVariationalAutoencoders_2016,
	title={Ladder variational autoencoders},
	author={S{\o}nderby, Casper Kaae and Raiko, Tapani and Maal{\o}e, Lars and S{\o}nderby, S{\o}ren Kaae and Winther, Ole},
	journal={Advances in {N}eural {I}nformation {P}rocessing {S}ystems (NeurIPS)},
	year={2016}
}

@article{Chung_HierarchicalMultiscaleRNNs_2016,
	title={Hierarchical multiscale recurrent neural networks},
	author={Chung, Junyoung and Ahn, Sungjin and Bengio, Yoshua},
	journal={International Conference on Learning Representations (ICLR)},
	year={2017}
}

@inproceedings{Patraucean_SpatioTemporalVideoAutoencoderWithDifferentiableMemory_2016,
	author    = {Viorica P{\u a}tr{\u a}ucean and
	Ankur Handa and
	Roberto Cipolla},
	title     = {Spatio-temporal video autoencoder with differentiable memory},
	booktitle = {International Conference on Learning Representations (ICLR) Workshop},
	year      = {2016}
}


@article{Lazar_MotionDetectionAlgorithmUsingLocalPhaseInformation_2016,
	title={A motion detection algorithm using local phase information},
	author={Lazar, Aurel A and Ukani, Nikul H and Zhou, Yiyin},
	journal={Computational intelligence and neuroscience},
	volume={2016},
	year={2016},
	publisher={Hindawi}
}

@inproceedings{Gatys_ImageStyleTransferUsingCNNs_2016,
	title={Image style transfer using convolutional neural networks},
	author={Gatys, Leon A and Ecker, Alexander S and Bethge, Matthias},
	booktitle={IEEE conference on computer vision and pattern recognition},
	pages={2414--2423},
	year={2016}
}

@article{Jia_DynamicFilterNetworks_2016,
	title={Dynamic filter networks},
	author={Jia, Xu and De Brabandere, Bert and Tuytelaars, Tinne and Gool, Luc V},
	journal={Advances in {N}eural {I}nformation {P}rocessing {S}ystems (NeurIPS)},
	volume={29},
	year={2016}
}

@mastersthesis{Roos_ConvPGP_2016,
	title={Modeling spatiotemporal information with convolutional gated networks},
	author={Roos, Filip de},
	year={2016}
}

@inproceedings{Carreira_HumanPoseEstimationWithIterativeErrorFeedback_2016,
	title={Human pose estimation with iterative error feedback},
	author={Carreira, Joao and Agrawal, Pulkit and Fragkiadaki, Katerina and Malik, Jitendra},
	booktitle={IEEE conference on computer vision and pattern recognition},
	pages={4733--4742},
	year={2016}
}

@article{Lostanlen_ScatteringNetInstruzmentRecognition2016,
	title={Deep convolutional networks on the pitch spiral for musical instrument recognition},
	author={Lostanlen, Vincent and Cella, Carmine-Emanuele},
	journal={arXiv preprint arXiv:1605.06644},
	year={2016}
}

@inproceedings{Zeghidour_DeepScatteringSpectrumPhonemeModeling_2016,
	title={A deep scattering spectrum—deep siamese network pipeline for unsupervised acoustic modeling},
	author={Zeghidour, Neil and Synnaeve, Gabriel and Versteegh, Maarten and Dupoux, Emmanuel},
	booktitle={2016 IEEE International Conference on Acoustics, Speech and Signal Processing (ICASSP)},
	pages={4965--4969},
	year={2016},
	organization={IEEE}
}

@article{Donahue_AdversarialFeatureLearning_2016,
	title={Adversarial feature learning},
	author={Donahue, Jeff and Kr{\"a}henb{\"u}hl, Philipp and Darrell, Trevor},
	journal={arXiv preprint arXiv:1605.09782},
	year={2016}
}

@inproceedings{Xie_UnsupervisedDeepEmbeddingClustering_2016,
	title={Unsupervised deep embedding for clustering analysis},
	author={Xie, Junyuan and Girshick, Ross and Farhadi, Ali},
	booktitle={{I}nternational {C}onference on {M}achine {L}earning},
	pages={478--487},
	year={2016}
}

@inproceedings{Hershey_DeepClustering_2016,
	title={Deep clustering: Discriminative embeddings for segmentation and separation},
	author={Hershey, John R and Chen, Zhuo and Le Roux, Jonathan and Watanabe, Shinji},
	booktitle={2016 IEEE International Conference on Acoustics, Speech and Signal Processing (ICASSP)},
	pages={31--35},
	year={2016},
	organization={IEEE}
}

@article{Mallat_UnderstandingDeepNetworks_2016,
	title={Understanding deep convolutional networks},
	author={Mallat, St{\'e}phane},
	journal={Philosophical Transactions of the Royal Society A: Mathematical, Physical and Engineering Sciences},
	volume={374},
	number={2065},
	pages={20150203},
	year={2016},
	publisher={The Royal Society Publishing}
}

@inproceedings{You_OracleActiveSetSubspaceClustering_2016,
	title={Oracle based active set algorithm for scalable elastic net subspace clustering},
	author={You, Chong and Li, Chun-Guang and Robinson, Daniel P and Vidal, Ren{\'e}},
	booktitle={IEEE conference on computer vision and pattern recognition},
	pages={3928--3937},
	year={2016}
}

@inproceedings{Yang_JointUnsupervisedLearningImageClusters_2016joint,
	title={Joint unsupervised learning of deep representations and image clusters},
	author={Yang, Jianwei and Parikh, Devi and Batra, Dhruv},
	booktitle={IEEE Conference on Computer Vision and Pattern Recognition},
	pages={5147--5156},
	year={2016}
}

@inproceedings{Redmon_YOLO_2016,
	title={You only look once: Unified, real-time object detection},
	author={Redmon, Joseph and Divvala, Santosh and Girshick, Ross and Farhadi, Ali},
	booktitle={IEEE conference on computer vision and pattern recognition},
	pages={779--788},
	year={2016}
}


@inproceedings{Hu_BottomUpRectifiedGaussians_2016,
	title={Bottom-up and top-down reasoning with hierarchical rectified gaussians},
	author={Hu, Peiyun and Ramanan, Deva},
	booktitle={IEEE Conference on Computer Vision and Pattern Recognition},
	pages={5600--5609},
	year={2016}
}

@inproceedings{He_DeepResidualLearningResNet_2016,
	title={Deep residual learning for image recognition},
	author={He, Kaiming and Zhang, Xiangyu and Ren, Shaoqing and Sun, Jian},
	booktitle={IEEE/CVF Conference on Computer Vision and Pattern Recognition (CVPR)},
	pages={770--778},
	year={2016}
}

@inproceedings{Insafutdinov_DeeperCut_2016,
	title={Deepercut: A deeper, stronger, and faster multi-person pose estimation model},
	author={Insafutdinov, Eldar and Pishchulin, Leonid and Andres, Bjoern and Andriluka, Mykhaylo and Schiele, Bernt},
	booktitle={European Conference on Computer Vision},
	pages={34--50},
	year={2016},
	organization={Springer}
}

@inproceedings{Pishchulin_DeepCut_2016,
	title={Deepcut: Joint subset partition and labeling for multi person pose estimation},
	author={Pishchulin, Leonid and Insafutdinov, Eldar and Tang, Siyu and Andres, Bjoern and Andriluka, Mykhaylo and Gehler, Peter V and Schiele, Bernt},
	booktitle={IEEE conference on computer vision and pattern recognition},
	pages={4929--4937},
	year={2016}
}

@inproceedings{Newell_StackedHourglassNetworksPoseEstimation_2016,
	title={Stacked hourglass networks for human pose estimation},
	author={Newell, Alejandro and Yang, Kaiyu and Deng, Jia},
	booktitle={European conference on computer vision},
	pages={483--499},
	year={2016},
	organization={Springer}
}

@inproceedings{Baecker_ImageProcessing_2016,
	title={Two Dimensional Signal And Image Processing},
	author={Karolin Baecker},
	year={2016}
}


@inproceedings{Johnson_PerceptualLoss_2016,
	title={Perceptual losses for real-time style transfer and super-resolution},
	author={Johnson, Justin and Alahi, Alexandre and Fei-Fei, Li},
	booktitle={European conference on computer vision},
	pages={694--711},
	year={2016}
}


@book{Goodfellow_DeepLearning_2016,
	title={Deep learning},
	author={Goodfellow, Ian and Bengio, Yoshua and Courville, Aaron},
	year={2016},
	publisher={MIT press}
}

@inproceedings{Gondara_MedicalDenoisingAutoencoders_2016,
	title={Medical image denoising using convolutional denoising autoencoders},
	author={Gondara, Lovedeep},
	booktitle={2016 IEEE 16th International Conference on Data Mining Workshops (ICDMW)},
	pages={241--246},
	year={2016},
	organization={IEEE}
}

@inproceedings{Kim_AccurateSR_2016,
	title={Accurate image super-resolution using very deep convolutional networks},
	author={Kim, Jiwon and Kwon Lee, Jung and Mu Lee, Kyoung},
	booktitle={IEEE conference on computer vision and pattern recognition},
	pages={1646--1654},
	year={2016}
}

@inproceedings{Salimans_WeightNormalization_2016,
	title={Weight normalization: A simple reparameterization to accelerate training of deep neural networks},
	author={Salimans, Tim and Kingma, Durk P},
	booktitle={Advances in {N}eural {I}nformation {P}rocessing {S}ystems},
	pages={901--909},
	year={2016}
}

@inproceedings{Shi_PixelShuffleSR_2016,
	title={Real-time single image and video super-resolution using an efficient sub-pixel convolutional neural network},
	author={Shi, Wenzhe and Caballero, Jose and Husz{\'a}r, Ferenc and Totz, Johannes and Aitken, Andrew P and Bishop, Rob and Rueckert, Daniel and Wang, Zehan},
	booktitle={IEEE conference on computer vision and pattern recognition},
	pages={1874--1883},
	year={2016}
}

@article{Zhang_RethinkingGeneralization_2016,
	title={Understanding deep learning requires rethinking generalization},
	author={Zhang, Chiyuan and Bengio, Samy and Hardt, Moritz and Recht, Benjamin and Vinyals, Oriol},
	journal={arXiv preprint arXiv:1611.03530},
	year={2016}
}

@article{Ruder_OverviewGradientDescent_2016,
	title={An overview of gradient descent optimization algorithms},
	author={Ruder, Sebastian},
	journal={arXiv preprint arXiv:1609.04747},
	year={2016}
}

@inproceedings{Eslami_AttendInferRepeatSceneUnderstanding_2016,
	title={Attend, Infer, Repeat: Fast Scene Understanding with Generative Models},
	author={Eslami, SM Ali and Heess, Nicolas and Weber, Theophane and Tassa, Yuval and Szepesvari, David and Kavukcuoglu, Koray and Hinton, Geoffrey E},
	booktitle={International Conference on Neural Information Processing Systems ({NeurIPS})},
	year={2016}
}

@article{Milan_MOT16_2016,
	title={MOT16: A benchmark for multi-object tracking},
	author={Milan, Anton and Leal-Taix{\'e}, Laura and Reid, Ian and Roth, Stefan and Schindler, Konrad},
	journal={arXiv preprint arXiv:1603.00831},
	year={2016}
}


%%%%%%%%%%%%%%%%%%%%%%%%%%%
% 2015
%%%%%%%%%%%%%%%%%%%%%%%%%%%

@inproceedings{Srivastava_UnsupervisedLeaerningOfVideoRepresentationsUsingLSTMs_2015,
	title={Unsupervised learning of video representations using {LSTM}s},
	author={Srivastava, Nitish and Mansimov, Elman and Salakhudinov, Ruslan},
	booktitle={{I}nternational {C}onference on {M}achine {L}earning (ICML)},
	pages={843--852},
	year={2015},
}

@article{Radford_DCGAN_2015,
	title={Unsupervised representation learning with deep convolutional generative adversarial networks},
	author={Radford, Alec and Metz, Luke and Chintala, Soumith},
	journal={{I}nternational {C}onference on {L}earning {R}epresentations, ({ICLR})},
	year={2016}
}

@article{Shi_ConvLSTMNetworkPrecipitationNowcasting_2015,
	title={Convolutional {LSTM} network: A machine learning approach for precipitation nowcasting},
	author={Shi, Xingjian and Chen, Zhourong and Wang, Hao and Yeung, Dit-Yan and Wong, Wai-Kin and Woo, Wang-chun},
	journal={Advances in {N}eural {I}nformation {P}rocessing {S}ystems (NeurIPS)},
	year={2015}
}

@inproceedings{Jaderberg_SpatialTransformerNetworks_2015,
	title={Spatial transformer networks},
	author={Jaderberg, Max and Simonyan, Karen and Zisserman, Andrew and Kavukcuoglu, Koray},
	booktitle={International Conference on Neural Information Processing Systems ({NeurIPS})},
	year={2015}
}


@article{Lecun_DeepLearning_2015,
	title={Deep learning},
	author={LeCun, Yann and Bengio, Yoshua and Hinton, Geoffrey},
	journal={nature},
	volume={521},
	number={7553},
	pages={436--444},
	year={2015},
	publisher={Nature Publishing Group}
}

@article{Saleh_ClassificationFineArtPaintings_2015,
	title={Large-scale classification of fine-art paintings: Learning the right metric on the right feature},
	author={Saleh, Babak and Elgammal, Ahmed},
	journal={arXiv preprint arXiv:1505.00855},
	year={2015}
}

@article{Cai_RecognisingObjectsInArt_2015,
	title={The cross-depiction problem: Computer vision algorithms for recognising objects in artwork and in photographs},
	author={Cai, Hongping and Wu, Qi and Corradi, Tadeo and Hall, Peter},
	journal={arXiv preprint arXiv:1505.00110},
	year={2015}
}

@inproceedings{Anden_TimeFrequencyScatteringAudioClassification_2015,
	title={Joint time-frequency scattering for audio classification},
	author={And{\'e}n, Joakim and Lostanlen, Vincent and Mallat, St{\'e}phane},
	booktitle={2015 IEEE 25th International Workshop on Machine Learning for Signal Processing (MLSP)},
	pages={1--6},
	year={2015},
	organization={IEEE}
}

@inproceedings{Szegedy_InceptionNet_2015,
	title={Going deeper with convolutions},
	author={Szegedy, Christian and Liu, Wei and Jia, Yangqing and Sermanet, Pierre and Reed, Scott and Anguelov, Dragomir and Erhan, Dumitru and Vanhoucke, Vincent and Rabinovich, Andrew},
	booktitle={IEEE conference on computer vision and pattern recognition},
	pages={1--9},
	year={2015}
}

@inproceedings{Girshick_FasterRCNN_2015,
	title={Faster r-cnn: Towards real-time object detection with region proposal networks},
	author={Ren, Shaoqing and He, Kaiming and Girshick, Ross and Sun, Jian},
	booktitle={International Conference on Neural Information Processing Systems ({NeurIPS})},
	pages={91--99},
	year={2015}
}

@inproceedings{Girshick_FastRCNN_2015,
	title={Fast r-cnn},
	author={Girshick, Ross},
	booktitle={IEEE international conference on computer vision},
	pages={1440--1448},
	year={2015}
}


@article{Heckel_SubspaceClusteringSoftThresholding_2015,
	title={Robust subspace clustering via thresholding},
	author={Heckel, Reinhard and B{\"o}lcskei, Helmut},
	journal={IEEE Transactions on Information Theory},
	volume={61},
	number={11},
	pages={6320--6342},
	year={2015},
	publisher={IEEE}
}

@article{Oyallon_RotoTranslationScatteringClassification_2015,
	author    = {Edouard Oyallon and St{\'{e}}phane Mallat},
	title     = {Deep Roto-Translation Scattering for Object Classification},
	journal   = {CoRR},
	volume    = {abs/1412.8659},
	year      = {2014},
}


@article{Ioffe_BatchNormalization_2015,
	title={Batch normalization: Accelerating deep network training by reducing internal covariate shift},
	author={Ioffe, Sergey and Szegedy, Christian},
	journal={arXiv preprint arXiv:1502.03167},
	year={2015}
}


@inproceedings{Huang_Urban100_2015,
	title={Single image super-resolution from transformed self-exemplars},
	author={Huang, Jia-Bin and Singh, Abhishek and Ahuja, Narendra},
	booktitle={IEEE conference on computer vision and pattern recognition},
	pages={5197--5206},
	year={2015}
}

@inproceedings{Jammalamadaka_HumanPoseSearchUsingDeepPoselets_2015,
	title={Human pose search using deep poselets},
	author={Jammalamadaka, Nataraj and Zisserman, Andrew and Jawahar, CV},
	booktitle={2015 11th IEEE International Conference and Workshops on Automatic Face and Gesture Recognition (FG)},
	volume={1},
	pages={1--8},
	year={2015},
	organization={IEEE}
}

@inproceedings{Ronneberger_UNetBiomedicalImageSegmentation_2015,
	title={U-net: Convolutional networks for biomedical image segmentation},
	author={Ronneberger, Olaf and Fischer, Philipp and Brox, Thomas},
	booktitle={International Conference on Medical image computing and computer-assisted intervention},
	pages={234--241},
	year={2015},
	organization={Springer}
}


@article{Dhanachandra_ImageSegementationThroughClustering_2015,
	title={Image segmentation using K-means clustering algorithm and subtractive clustering algorithm},
	author={Dhanachandra, Nameirakpam and Manglem, Khumanthem and Chanu, Yambem Jina},
	journal={Procedia Computer Science},
	volume={54},
	pages={764--771},
	year={2015},
	publisher={Elsevier}
}

@inproceedings{He_DelvingIntoRectifiers_2015,
	title={Delving deep into rectifiers: Surpassing human-level performance on imagenet classification},
	author={He, Kaiming and Zhang, Xiangyu and Ren, Shaoqing and Sun, Jian},
	booktitle={IEEE international conference on computer vision},
	pages={1026--1034},
	year={2015}
}

@article{Bengio_RMSProp_2015,
	title={Rmsprop and equilibrated adaptive learning rates for nonconvex optimization},
	author={Bengio, Yoshua and CA, MONTREAL},
	journal={corr abs/1502.04390},
	year={2015}
}

@article{Chung_RecurrentLatentVariableModel_2015,
	title={A recurrent latent variable model for sequential data},
	author={Chung, Junyoung and Kastner, Kyle and Dinh, Laurent and Goel, Kratarth and Courville, Aaron C and Bengio, Yoshua},
	journal={Advances in {N}eural {I}nformation {P}rocessing {S}ystems (NeurIPS)},
	volume={28},
	year={2015}
}

%%%%%%%%%%%%%%%%%%%%%%%%%%%
% 2014
%%%%%%%%%%%%%%%%%%%%%%%%%%%


@inproceedings{Cho_GRU_2014,
	title = "Learning Phrase Representations using {RNN} Encoder{--}Decoder for Statistical Machine Translation",
	author = {Cho, Kyunghyun  and
	van Merri{\"e}nboer, Bart  and
	Gulcehre, Caglar  and
	Bahdanau, Dzmitry  and
	Bougares, Fethi  and
	Schwenk, Holger  and
	Bengio, Yoshua},
	booktitle = "Conference on Empirical Methods in Natural Language Processing ({EMNLP})",
	year = "2014",
}


@article{Michalski_ModelingDeepTemporalDependenciesPGP_2014,
	title={Modeling deep temporal dependencies with recurrent grammar cells},
	author={Michalski, Vincent and Memisevic, Roland and Konda, Kishore},
	journal={Advances in {N}eural {I}nformation {P}rocessing {S}ystems (NeurIPS)},
	volume={27},
	year={2014}
}

@article{Ionescu_Humans36Dataset_2014,
	author = {Ionescu, Catalin and Papava, Dragos and Olaru, Vlad and Sminchisescu,  Cristian},
	title = {Human3.6M: Large Scale Datasets and Predictive Methods for 3D Human Sensing in Natural Environments},
	journal = {IEEE Transactions on Pattern Analysis and Machine Intelligence (TPAMI)},
	volume = {36},
	number = {7},
	pages = {1325-1339},
	month = {jul},
	year = {2014}
}

@inproceedings{Koutnik_ClockworkRNN_2014,
	title={A clockwork {RNN}},
	author={Koutnik, Jan and Greff, Klaus and Gomez, Faustino and Schmidhuber, Juergen},
	booktitle={{I}nternational {C}onference on {M}achine {L}earning (ICML)},
	pages={1863--1871},
	year={2014},
}

@article{Bayer_LearningStochasticRecurrentNetworks_2014,
	title={Learning stochastic recurrent networks},
	author={Bayer, Justin and Osendorfer, Christian},
	journal={arXiv preprint arXiv:1411.7610},
	year={2014}
}

@article{Starosielec_DiscreteTimeWindowsWithMinimalRMSBandwidth_2014,
	title={Discrete-time windows with minimal RMS bandwidth for given RMS temporal width},
	author={Starosielec, Sebastian and H{\"a}gele, Daniel},
	journal={Signal processing},
	volume={102},
	pages={240--246},
	year={2014},
	publisher={Elsevier}
}

@article{Crowley_ObjectRetrievalInPainiting_2014,
	title={The state of the art: Object retrieval in paintings using discriminative regions},
	author={Crowley, Elliot J and Zisserman, Andrew},
	year={2014},
	publisher={British Machine Vision Association}
}

@inproceedings{Mensink_RijksmuseumChallenge_2014,
	title={The rijksmuseum challenge: Museum-centered visual recognition},
	author={Mensink, Thomas and Van Gemert, Jan},
	booktitle={Proceedings of International Conference on Multimedia Retrieval},
	pages={451--454},
	year={2014}
}

@article{Anden_DeepScatteringSpectrum_2014,
	title={Deep scattering spectrum},
	author={And{\'e}n, Joakim and Mallat, St{\'e}phane},
	journal={IEEE Transactions on Signal Processing},
	volume={62},
	number={16},
	pages={4114--4128},
	year={2014},
	publisher={IEEE}
}

@article{Zisserman_VGG_2014,
	title={Very deep convolutional networks for large-scale image recognition},
	author={Simonyan, Karen and Zisserman, Andrew},
	journal={{I}nternational {C}onference on {L}earning {R}epresentations, ({ICLR})},
	year={2015}
}


@inproceedings{Girshick_RCNN_2014,
	title={Rich feature hierarchies for accurate object detection and semantic segmentation},
	author={Girshick, Ross and Donahue, Jeff and Darrell, Trevor and Malik, Jitendra},
	booktitle={IEEE conference on computer vision and pattern recognition},
	pages={580--587},
	year={2014}
}

@inproceedings{Tompson_JointModelGraphicalPoseEstimation_2014,
	title={Joint training of a convolutional network and a graphical model for human pose estimation},
	author={Tompson, Jonathan J and Jain, Arjun and LeCun, Yann and Bregler, Christoph},
	booktitle={Advances in {N}eural {I}nformation {P}rocessing {S}ystems},
	pages={1799--1807},
	year={2014}
}

@inproceedings{Chen_ArticulatedPoseEstimationGraphicalModel_2014,
	title={Articulated pose estimation by a graphical model with image dependent pairwise relations},
	author={Chen, Xianjie and Yuille, Alan L},
	booktitle={Advances in {N}eural {I}nformation {P}rocessing {S}ystems},
	pages={1736--1744},
	year={2014}
}

@inproceedings{Lin_COCODataset_2014,
	title={Microsoft coco: Common objects in context},
	author={Lin, Tsung-Yi and Maire, Michael and Belongie, Serge and Hays, James and Perona, Pietro and Ramanan, Deva and Doll{\'a}r, Piotr and Zitnick, C Lawrence},
	booktitle={European conference on computer vision},
	pages={740--755},
	year={2014},
	organization={Springer}
}

@inproceedings{Kingma_Adam_2014,
	title={
	 A method for stochastic optimization},
	author={Kingma, Diederik P and Ba, Jimmy},
	booktitle={International Conference on Learning Representations ({ICLR})},
	year={2015}
}

@inproceedings{Gu_NuclearNormDenoising_2014,
	title={Weighted nuclear norm minimization with application to image denoising},
	author={Gu, Shuhang and Zhang, Lei and Zuo, Wangmeng and Feng, Xiangchu},
	booktitle={IEEE conference on computer vision and pattern recognition},
	pages={2862--2869},
	year={2014}
}

@inproceedings{Toshev_DeepPose_2014,
	title={Deeppose: Human pose estimation via deep neural networks},
	author={Toshev, Alexander and Szegedy, Christian},
	booktitle={IEEE conference on computer vision and pattern recognition},
	pages={1653--1660},
	year={2014}
}


%%%%%%%%%%%%%%%%%%%%%%%%%%%
% 2013
%%%%%%%%%%%%%%%%%%%%%%%%%%%

@inproceedings{Sapp_MultimodalDecomposableModelsForHumanPoseEstimation_2013,
	title={Modec: Multimodal decomposable models for human pose estimation},
	author={Sapp, Ben and Taskar, Ben},
	booktitle={IEEE/CVF Conference on Computer Vision and Pattern Recognition (CVPR)},
	pages={3674--3681},
	year={2013}
}

@inproceedings{Mathieu_FastTrainingOfCNNsThroughFFTs_2013,
	title={Fast training of convolutional networks through {FFTs}},
	author={Mathieu, Michael and Henaff, Mikael and LeCun, Yann},
	booktitle={International Conference on Learning Representations ({ICLR})},
	year={2014}
}

@inproceedings{Kingma_AutoEncodingVariationalBayes_2013,
	title={Auto-encoding variational {B}ayes},
	author={Kingma, Diederik P and Welling, Max},
	booktitle={International Conference on Learning Representations ({ICLR})},
	year={2014}
}

@article{Szegedy_IntriguingPropertiesNeuralNetworks_2013,
	title={Intriguing properties of neural networks},
	author={Szegedy, Christian and Zaremba, Wojciech and Sutskever, Ilya and Bruna, Joan and Erhan, Dumitru and Goodfellow, Ian and Fergus, Rob},
	journal={arXiv preprint arXiv:1312.6199},
	year={2013}
}

@article{Dyer_GreedySubspaceClustering_2013,
	title={Greedy feature selection for subspace clustering},
	author={Dyer, Eva L and Sankaranarayanan, Aswin C and Baraniuk, Richard G},
	journal={The Journal of Machine Learning Research},
	volume={14},
	number={1},
	pages={2487--2517},
	year={2013},
	publisher={JMLR. org}
}

@inproceedings{Sapp_DecomposableModelsPoseEstimation_2013,
	title={Modec: Multimodal decomposable models for human pose estimation},
	author={Sapp, Ben and Taskar, Ben},
	booktitle={IEEE Conference on Computer Vision and Pattern Recognition},
	pages={3674--3681},
	year={2013}
}

@article{Bruna_Dissertation_2013,
	author    = {Joan Bruna},
	title     = {Scattering representations for recognition},
	journal   = {PhD Thesis, Ecole Polytechnique},
	volume    = {},
	number    = {},
	pages     = {},
	year      = {2013}
}

@article{Sanchez_ImageClassificationFisherVector_2013,
	title={Image classification with the fisher vector: Theory and practice},
	author={S{\'a}nchez, Jorge and Perronnin, Florent and Mensink, Thomas and Verbeek, Jakob},
	journal={International journal of computer vision},
	volume={105},
	number={3},
	pages={222--245},
	year={2013},
	publisher={Springer}
}

@inproceedings{Hara_ComputationallyEfficientRegressionGraphPoseEstimation_2013,
	title={Computationally efficient regression on a dependency graph for human pose estimation},
	author={Hara, Kota and Chellappa, Rama},
	booktitle={IEEE conference on computer vision and pattern recognition},
	pages={3390--3397},
	year={2013}
}

@article{Bengio_RepresentationLearningReview_2013,
	title={Representation learning: A review and new perspectives},
	author={Bengio, Yoshua and Courville, Aaron and Vincent, Pascal},
	journal={IEEE {T}ransactions on {P}attern {A}nalysis and {M}achine {I}ntelligence ({TPAMI})},
	volume={35},
	number={8},
	pages={1798--1828},
	year={2013},
	publisher={IEEE}
}

%%%%%%%%%%%%%%%%%%%%%%%%%%%
% 2012
%%%%%%%%%%%%%%%%%%%%%%%%%%%

@inproceedings{todorov2012mujoco,
	title={Mujoco: A physics engine for model-based control},
	author={Todorov, Emanuel and Erez, Tom and Tassa, Yuval},
	booktitle={IEEE/RSJ International Conference on Intelligent Robots and Systems (IROS)},
	year={2012},
}

@incollection{Bengio_PracticalRecommendationsTrainingDeepArchitectures_2012,
	title={Practical recommendations for gradient-based training of deep architectures},
	author={Bengio, Yoshua},
	booktitle={Neural networks: Tricks of the trade},
	pages={437--478},
	year={2012},
	publisher={Springer}
}


@inproceedings{Jammalamadaka_VideoRetrievalMimickingPoses_2012,
	title={Video retrieval by mimicking poses},
	author={Jammalamadaka, Nataraj and Zisserman, Andrew and Eichner, Marcin and Ferrari, Vittorio and Jawahar, CV},
	booktitle={2nd ACM International Conference on Multimedia Retrieval},
	pages={1--8},
	year={2012}
}

@article{Ren_VisualSentencesPoseRetrieval_2012,
	title={Visual sentences for pose retrieval over low-resolution cross-media dance collections},
	author={Ren, Reede and Collomosse, John},
	journal={IEEE Transactions on Multimedia},
	volume={14},
	number={6},
	pages={1652--1661},
	year={2012},
	publisher={IEEE}
}

@inproceedings{Li_SegmentationUsingSuperpixelsTransferCut_2012,
	title={Segmentation using superpixels: A bipartite graph partitioning approach},
	author={Li, Zhenguo and Wu, Xiao-Ming and Chang, Shih-Fu},
	booktitle={2012 IEEE Conference on Computer Vision and Pattern Recognition},
	pages={789--796},
	year={2012},
	organization={IEEE}
}

@inproceedings{Carneiro_ArtisticImageClassification_2012,
	title={Artistic image classification: An analysis on the printart database},
	author={Carneiro, Gustavo and Da Silva, Nuno Pinho and Del Bue, Alessio and Costeira, Jo{\~a}o Paulo},
	booktitle={European conference on computer vision},
	pages={143--157},
	year={2012},
	organization={Springer}
}

@article{Soltanolkotabi_SubspaceClusteringOutliers_2012,
	title={A geometric analysis of subspace clustering with outliers},
	author={Soltanolkotabi, Mahdi and Candes, Emmanuel J and others},
	journal={The Annals of Statistics},
	volume={40},
	number={4},
	pages={2195--2238},
	year={2012},
	publisher={Institute of Mathematical Statistics}
}



@article{Bruna_InvariantScattering_2012,
  author    = {Joan Bruna and Stephane Mallat},
  title     = {Invariant Scattering Convolutional Networks},
  journal   = {},
  volume    = {},
  number    = {},
  pages     = {},
  year      = {2012}
}

@article{Mallat_GroupInvariantScattering_2012,
	title={Group invariant scattering},
	author={Mallat, St{\'e}phane},
	journal={Communications on Pure and Applied Mathematics},
	volume={65},
	number={10},
	pages={1331--1398},
	year={2012},
	publisher={Wiley Online Library}
}

@inproceedings{Krizhevsky_Alexnet_2012,
	title={Imagenet classification with deep convolutional neural networks},
	author={Krizhevsky, Alex and Sutskever, Ilya and Hinton, Geoffrey E},
	booktitle={Advances in {N}eural {I}nformation {P}rocessing {S}ystems},
	pages={1097--1105},
	year={2012}
}

@article{Babu_PcaDenoising_Babu,
	title={PCA based image denoising},
	author={Babu, Y Murali Mohan and Subramanyam, M Venkata and Prasad, MN Giri},
	journal={Signal \& Image Processing},
	volume={3},
	number={2},
	pages={236},
	year={2012},
	publisher={Academy \& Industry Research Collaboration Center (AIRCC)}
}

@article{Rubinstein_kSvd_2012,
	title={Analysis K-SVD: A dictionary-learning algorithm for the analysis sparse model},
	author={Rubinstein, Ron and Peleg, Tomer and Elad, Michael},
	journal={IEEE Transactions on Signal Processing},
	volume={61},
	number={3},
	pages={661--677},
	year={2012},
	publisher={IEEE}
}

@article{Verma_ComparativeStudyClusteringForDataMining_2012,
	title={A comparative study of various clustering algorithms in data mining},
	author={Verma, Manish and Srivastava, Mauly and Chack, Neha and Diswar, Atul Kumar and Gupta, Nidhi},
	journal={International Journal of Engineering Research and Applications (IJERA)},
	volume={2},
	number={3},
	pages={1379--1384},
	year={2012}
}

@article{Zeiler_Adadelta_2012,
	title={Adadelta: an adaptive learning rate method},
	author={Zeiler, Matthew D},
	journal={arXiv preprint arXiv:1212.5701},
	year={2012}
}

@inproceedings{Alba_PahseCorrelationImageAlignment_2012,
	title={Phase correlation based image alignment with subpixel accuracy},
	author={Alba, Alfonso and Aguilar-Ponce, Ruth M and Vigueras-G{\'o}mez, Javier Flavio and Arce-Santana, Edgar},
	booktitle={Mexican International Conference on Artificial Intelligence},
	pages={171--182},
	year={2012},
	organization={Springer}
}

%%%%%%%%%%%%%%%%%%%%%%%%%%%
% 2011
%%%%%%%%%%%%%%%%%%%%%%%%%%%

@article{Ristic_MOTMetrics_2011,
	title={A metric for performance evaluation of multi-target tracking algorithms},
	author={Ristic, Branko and Vo, Ba-Ngu and Clark, Daniel and Vo, Ba-Tuong},
	journal={IEEE Transactions on Signal Processing},
	volume={59},
	number={7},
	pages={3452--3457},
	year={2011},
	publisher={IEEE}
}

@article{Duchi_AdaptiveSubgradientOptimizationAdagrad_2011,
	title={Adaptive subgradient methods for online learning and stochastic optimization.},
	author={Duchi, John and Hazan, Elad and Singer, Yoram},
	journal={Journal of machine learning research},
	volume={12},
	number={7},
	year={2011}
}


@article{Pedregosa_ScikitLearn_201,
	title={Scikit-learn: Machine learning in Python},
	author={Pedregosa, Fabian and Varoquaux, Ga{\"e}l and Gramfort, Alexandre and Michel, Vincent and Thirion, Bertrand and Grisel, Olivier and Blondel, Mathieu and Prettenhofer, Peter and Weiss, Ron and Dubourg, Vincent and others},
	journal={the Journal of machine Learning research},
	volume={12},
	pages={2825--2830},
	year={2011},
	publisher={JMLR. org}
}

@article{Netzer_SvhnDataset_2011,
	title={Reading digits in natural images with unsupervised feature learning},
	author={Netzer, Yuval and Wang, Tao and Coates, Adam and Bissacco, Alessandro and Wu, Bo and Ng, Andrew Y},
	year={2011}
}

@article{Nie_SpectralEmbeddedClustering_2011,
	title={Spectral embedded clustering: A framework for in-sample and out-of-sample spectral clustering},
	author={Nie, Feiping and Zeng, Zinan and Tsang, Ivor W and Xu, Dong and Zhang, Changshui},
	journal={IEEE Transactions on Neural Networks},
	volume={22},
	number={11},
	pages={1796--1808},
	year={2011},
	publisher={IEEE}
}


%%%%%%%%%%%%%%%%%%%%%%%%%%%
% 2010
%%%%%%%%%%%%%%%%%%%%%%%%%%%

@article{Vinh_InformationTheoreticMeasuresClusteringEvaluation_2010,
	title={Information theoretic measures for clusterings comparison: Variants, properties, normalization and correction for chance},
	author={Vinh, Nguyen Xuan and Epps, Julien and Bailey, James},
	journal={The Journal of Machine Learning Research},
	volume={11},
	pages={2837--2854},
	year={2010},
	publisher={JMLR. org}
}

@article{Murthy_ContetBasedImageRetrievalKMeansClustering_2010,
	title={Content based image retrieval using Hierarchical and K-means clustering techniques},
	author={Murthy, VSVS and Vamsidhar, E and Kumar, JNVR Swarup and Rao, P Sankara and others},
	journal={International Journal of Engineering Science and Technology},
	volume={2},
	number={3},
	pages={209--212},
	year={2010}
}


@inproceedings{Velardo_FaceRecognitionDaisy_2010,
	title={Face recognition with DAISY descriptors},
	author={Velardo, Carmelo and Dugelay, Jean-Luc},
	booktitle={12th ACM workshop on Multimedia and security},
	pages={95--100},
	year={2010}
}

@article{Vincent_DenoisingAutoencoders_2010,
	title={Stacked denoising autoencoders: Learning useful representations in a deep network with a local denoising criterion},
	author={Vincent, Pascal and Larochelle, Hugo and Lajoie, Isabelle and Bengio, Yoshua and Manzagol, Pierre-Antoine},
	journal={Journal of machine learning research},
	volume={11},
	number={Dec},
	pages={3371--3408},
	year={2010}
}

@inproceedings{Lecun_CNNsVision_2010,
	title={Convolutional networks and applications in vision},
	author={LeCun, Yann and Kavukcuoglu, Koray and Farabet, Cl{\'e}ment},
	booktitle={Proceedings of 2010 IEEE international symposium on circuits and systems},
	pages={253--256},
	year={2010},
	organization={IEEE}
}


@article{Everingham_PascalVOCDataset_2010,
	title={The pascal visual object classes (voc) challenge},
	author={Everingham, Mark and Van Gool, Luc and Williams, Christopher KI and Winn, John and Zisserman, Andrew},
	journal={International journal of computer vision},
	volume={88},
	number={2},
	pages={303--338},
	year={2010},
	publisher={Springer}
}


%%%%%%%%%%%%%%%%%%%%%%%%%%%
% 2009
%%%%%%%%%%%%%%%%%%%%%%%%%%%

@inproceedings{Ferrari_PoseSearchRetrievingPeopleUsingPose_2009,
	title={Pose search: retrieving people using their pose},
	author={Ferrari, Vittorio and Marin-Jimenez, Manuel and Zisserman, Andrew},
	booktitle={2009 IEEE Conference on Computer Vision and Pattern Recognition},
	pages={1--8},
	year={2009},
	organization={IEEE}
}

@article{Stansbury_StructuralDifferenciationPursuitScenes_2009,
	title={Structural differentiation of pursuit scenes},
	author={Stansbury-O'Donnell, Mark},
	journal={$\sigma$$\tau$o: Yatromanolakis},
	pages={341--372},
	year={2009}
}

@article{Reynolds_GaussianMixtureModels_2009,
	title={Gaussian Mixture Models.},
	author={Reynolds, Douglas A},
	journal={Encyclopedia of biometrics},
	volume={741},
	year={2009},
	publisher={Berlin, Springer}
}


@inproceedings{Deng_ImagenetDataset_2009,
	title={Imagenet: A large-scale hierarchical image database},
	author={Deng, Jia and Dong, Wei and Socher, Richard and Li, Li-Jia and Li, Kai and Fei-Fei, Li},
	booktitle={2009 IEEE conference on computer vision and pattern recognition},
	pages={248--255},
	year={2009},
	organization={Ieee}
}


@book{Hastie_StatisticalLearning_2009,
	title={The elements of statistical learning: data mining, inference, and prediction},
	author={Hastie, Trevor and Tibshirani, Robert and Friedman, Jerome},
	year={2009},
	publisher={Springer Science \& Business Media}
}

@inproceedings{Boncelet_NoiseModels_2009,
	title={Image Noise Models},
	author={Charles G. Boncelet},
	year={2009}
}

@inproceedings{Andriluka_PictorialStructuresRevisited_2009,
	title={Pictorial structures revisited: People detection and articulated pose estimation},
	author={Andriluka, Mykhaylo and Roth, Stefan and Schiele, Bernt},
	booktitle={2009 IEEE conference on computer vision and pattern recognition},
	pages={1014--1021},
	year={2009},
	organization={IEEE}
}

@inproceedings{Elhamifar_SparseSubspaceClustering_2009,
	title={Sparse subspace clustering},
	author={Elhamifar, Ehsan and Vidal, Ren{\'e}},
	booktitle={2009 IEEE Conference on Computer Vision and Pattern Recognition},
	pages={2790--2797},
	year={2009},
	organization={IEEE}
}


@inproceedings{Yan_FastApproximateSpectralClustering_2009,
	title={Fast approximate spectral clustering},
	author={Yan, Donghui and Huang, Ling and Jordan, Michael I},
	booktitle={15th ACM SIGKDD international conference on Knowledge discovery and data mining},
	pages={907--916},
	year={2009}
}

@article{Tola_DaisyDescriptor_2009,
	title={Daisy: An efficient dense descriptor applied to wide-baseline stereo},
	author={Tola, Engin and Lepetit, Vincent and Fua, Pascal},
	journal={IEEE transactions on pattern analysis and machine intelligence},
	volume={32},
	number={5},
	pages={815--830},
	year={2009},
	publisher={IEEE}
}

%%%%%%%%%%%%%%%%%%%%%%%%%%%
% 2008
%%%%%%%%%%%%%%%%%%%%%%%%%%%

@article{Bernardin_EvaluatingMultiObjectTrackingPerformance_2008,
	title={Evaluating multiple object tracking performance: the clear mot metrics},
	author={Bernardin, Keni and Stiefelhagen, Rainer},
	journal={EURASIP Journal on Image and Video Processing},
	pages={1--10},
	year={2008},
	publisher={Springer}
}

@inproceedings{Wang_MultipleTreesHumanPoseEstimation_2008,
	title={Multiple tree models for occlusion and spatial constraints in human pose estimation},
	author={Wang, Yang and Mori, Greg},
	booktitle={European Conference on Computer Vision},
	pages={710--724},
	year={2008},
	organization={Springer}
}

@article{Maaten_tSNE_2008,
	title={Visualizing data using t-SNE},
	author={Maaten, Laurens van der and Hinton, Geoffrey},
	journal={Journal of machine learning research},
	volume={9},
	number={Nov},
	pages={2579--2605},
	year={2008}
}

@article{Johnson_ImageProcessingArtistIdentification_2008,
	title={Image processing for artist identification},
	author={Johnson, C Richard and Hendriks, Ella and Berezhnoy, Igor J and Brevdo, Eugene and Hughes, Shannon M and Daubechies, Ingrid and Li, Jia and Postma, Eric and Wang, James Z},
	journal={IEEE Signal Processing Magazine},
	volume={25},
	number={4},
	pages={37--48},
	year={2008},
	publisher={IEEE}
}

@book{Manning_IntroductionToInformationRetrieval_2008,
	title={Introduction to information retrieval},
	author={Manning, Christopher D and Sch{\"u}tze, Hinrich and Raghavan, Prabhakar},
	year={2008},
	publisher={Cambridge university press}
}

%%%%%%%%%%%%%%%%%%%%%%%%%%%
% 2007
%%%%%%%%%%%%%%%%%%%%%%%%%%%
@MISC{Luxburg_SpectralClusteringTutorial_2007,
	author = {Ulrike Von Luxburg},
	title = {A Tutorial on Spectral Clustering},
	year = {2007}
}


%%%%%%%%%%%%%%%%%%%%%%%%%%%
% 2006
%%%%%%%%%%%%%%%%%%%%%%%%%%%
@article{Chuang_FuzzyKMeansImageSegmentation_2006,
	title={Fuzzy c-means clustering with spatial information for image segmentation},
	author={Chuang, Keh-Shih and Tzeng, Hong-Long and Chen, Sharon and Wu, Jay and Chen, Tzong-Jer},
	journal={computerized medical imaging and graphics},
	volume={30},
	number={1},
	pages={9--15},
	year={2006},
	publisher={Elsevier}
}

@book{Bishop_PatternRecognitionAndMachineLearning_2006,
	title={Pattern recognition and machine learning},
	author={Bishop, Christopher M},
	year={2006},
	publisher={springer}
}


%%%%%%%%%%%%%%%%%%%%%%%%%%%
% 2005
%%%%%%%%%%%%%%%%%%%%%%%%%%%

@inproceedings{Dalal_HistogramsOrientedGradients_2005,
	title={Histograms of oriented gradients for human detection},
	author={Dalal, Navneet and Triggs, Bill},
	booktitle={2005 IEEE computer society conference on computer vision and pattern recognition (CVPR'05)},
	volume={1},
	pages={886--893},
	year={2005},
	organization={IEEE}
}

@article{Bordes_FastKernelClassifiers_2005,
	title={Fast kernel classifiers with online and active learning},
	author={Bordes, Antoine and Ertekin, Seyda and Weston, Jason and Bottou, L{\'e}on},
	journal={Journal of Machine Learning Research},
	volume={6},
	number={Sep},
	pages={1579--1619},
	year={2005}
}

@inproceedings{Zelnik_SelfTuningSpectralClustering_2005,
	title={Self-tuning spectral clustering},
	author={Zelnik-Manor, Lihi and Perona, Pietro},
	booktitle={Advances in {N}eural {I}nformation {P}rocessing {S}ystems},
	pages={1601--1608},
	year={2005}
}


%%%%%%%%%%%%%%%%%%%%%%%%%%%
% 2004
%%%%%%%%%%%%%%%%%%%%%%%%%%%

@article{Wang_SSIM_2004,
	title={Image quality assessment: from error visibility to structural similarity},
	author={Wang, Zhou and Bovik, Alan C and Sheikh, Hamid R and Simoncelli, Eero P},
	journal={IEEE Transactions on Image Processing},
	volume={13},
	number={4},
	pages={600--612},
	year={2004},
}

@inproceedings{Schuldt_KTHRecognizingHumanActionsALocalSVMApproach_2004,
	title={Recognizing human actions: {A} local {SVM} approach},
	author={Schuldt, Christian and Laptev, Ivan and Caputo, Barbara},
	booktitle={IEEE International Conference on Pattern Recognition (ICPR)},
	volume={3},
	pages={32--36},
	year={2004},
}

@article{Proakis_DigitalSignalProcessing_2004,
	title={Digital signal processing},
	author={Proakis, John G and Manolakis, Dimitris G},
	journal={PHI Publication: New Delhi, India},
	year={2004}
}

@article{Lowe_SIFTAlgorithm_2004,
	title={Distinctive image features from scale-invariant keypoints},
	author={Lowe, David G},
	journal={International journal of computer vision},
	volume={60},
	number={2},
	pages={91--110},
	year={2004},
	publisher={Springer}
}


%%%%%%%%%%%%%%%%%%%%%%%%%%%
% 2003
%%%%%%%%%%%%%%%%%%%%%%%%%%%

@book{Giuliani_BildUndMithosGesichteGriechischenKunst_2003,
	title={Bild und Mythos: Geschichte der Bilderz{\"a}hlung in der griechischen Kunst},
	author={Giuliani, Luca},
	year={2003},
	publisher={CH Beck}
}

@inproceedings{Chen_ContentBasedImageRetrievalClustering_2003,
	title={Content-based image retrieval by clustering},
	author={Chen, Yixin and Wang, James Z and Krovetz, Robert},
	booktitle={5th ACM SIGMM international workshop on Multimedia information retrieval},
	pages={193--200},
	year={2003}
}

@inproceedings{Stella_MulticlassSpectralClustering_2003,
	title={Multiclass spectral clustering},
	author={Stella, X Yu and Shi, Jianbo},
	booktitle={null},
	pages={313},
	year={2003},
	organization={IEEE}
}

%%%%%%%%%%%%%%%%%%%%%%%%%%%
% 2002
%%%%%%%%%%%%%%%%%%%%%%%%%%%
@article{Friedman_StochasticGradientBoosting_2002,
	title={Stochastic gradient boosting},
	author={Friedman, Jerome H},
	journal={Computational statistics \& data analysis},
	volume={38},
	number={4},
	pages={367--378},
	year={2002},
	publisher={Elsevier}
}

@inproceedings{Ng_SpectralClustering_2002,
	title={On spectral clustering: Analysis and an algorithm},
	author={Ng, Andrew Y and Jordan, Michael I and Weiss, Yair},
	booktitle={Advances in {N}eural {I}nformation {P}rocessing {S}ystems},
	pages={849--856},
	year={2002}
}

@article{Comaniciu_MeanShift_2002,
	title={Mean shift: A robust approach toward feature space analysis},
	author={Comaniciu, Dorin and Meer, Peter},
	journal={IEEE Transactions on pattern analysis and machine intelligence},
	volume={24},
	number={5},
	pages={603--619},
	year={2002},
	publisher={IEEE}
}


%%%%%%%%%%%%%%%%%%%%%%%%%%%
% 2001
%%%%%%%%%%%%%%%%%%%%%%%%%%%
@article{Mumford_StochasticModelsForGenericImages_2001,
	title={Stochastic models for generic images},
	author={Mumford, David and Gidas, Basilis},
	journal={Quarterly of applied mathematics},
	volume={59},
	number={1},
	pages={85--111},
	year={2001},
	publisher={JSTOR}
}

@inproceedings{Jojic_LearningFlexibleSpritesInVideoLayers_2001,
	title={Learning flexible sprites in video layers},
	author={Jojic, Nebojsa and Frey, Brendan J},
	booktitle={IEEE Computer Society Conference on Computer Vision and Pattern Recognition. ({CVPR})},
	year={2001},
}

@article{Lee_OcclusionModelsForNaturalImages_2001,
	title={Occlusion models for natural images: A statistical study of a scale-invariant dead leaves model},
	author={Lee, Ann B and Mumford, David and Huang, Jinggang},
	journal={International Journal of Computer Vision},
	volume={41},
	number={1},
	pages={35--59},
	year={2001},
	publisher={Springer}
}


@article{Breiman_RandomForest_2001,
	title={Random forests},
	author={Breiman, Leo},
	journal={Machine learning},
	volume={45},
	number={1},
	pages={5--32},
	year={2001},
	publisher={Springer}
}

@article{Sardy_RobustWaveletDenoising_2001,
	title={Robust wavelet denoising},
	author={Sardy, Sylvain and Tseng, Paul and Bruce, Andrew},
	journal={IEEE Transactions on Signal Processing},
	volume={49},
	number={6},
	pages={1146--1152},
	year={2001},
	publisher={IEEE}
}

@article{Malik_ImageSegmentationSpectralClustering_2001,
	title={Contour and texture analysis for image segmentation},
	author={Malik, Jitendra and Belongie, Serge and Leung, Thomas and Shi, Jianbo},
	journal={International journal of computer vision},
	volume={43},
	number={1},
	pages={7--27},
	year={2001},
	publisher={Springer}
}


%%%%%%%%%%%%%%%%%%%%%%%%%%%
% 2000
%%%%%%%%%%%%%%%%%%%%%%%%%%%
@article {Shi_NormalizedCuts_2000,
	author = {Jianbo Shi and Jitendra Malik},
	title = {Normalized cuts and image segmentation},
	institution = {},
	year = {2000}
}

@article {Roweis_LocallyLinearEmbedding_2000,
	author = {Roweis, Sam T. and Saul, Lawrence K.},
	title = {Nonlinear Dimensionality Reduction by Locally Linear Embedding},
	volume = {290},
	number = {5500},
	pages = {2323--2326},
	year = {2000},
	doi = {10.1126/science.290.5500.2323},
	publisher = {American Association for the Advancement of Science},
	issn = {0036-8075},
	journal = {Science}
}

@article{Westin_AdaptiveImageFiltering_2000,
	title={Adaptive image filtering},
	author={Westin, Carl-Fredrik and Kikinis, Ron and Knutsson, Hans},
	journal={Handbook of medical imaging},
	year={2000},
	publisher={Academic press}
}



%%%%%%%%%%%%%%%%%%%%%%%%%%%
% 1999
%%%%%%%%%%%%%%%%%%%%%%%%%%%
@article{Qian_MomentumInSGD_1999,
	title={On the momentum term in gradient descent learning algorithms},
	author={Qian, Ning},
	journal={Neural networks},
	volume={12},
	number={1},
	pages={145--151},
	year={1999},
	publisher={Elsevier}
}


%%%%%%%%%%%%%%%%%%%%%%%%%%%
% 1998
%%%%%%%%%%%%%%%%%%%%%%%%%%%
@article{LeCun_MnistDataset_1998,
	title={The {MNIST} database of handwritten digits},
	author={LeCun, Yann and Cortes, Corinna and Burges, Christopher JC},
	journal={URL http://yann. lecun. com/exdb/mnist},
	volume={10},
	pages={34},
	year={1998}
}


%%%%%%%%%%%%%%%%%%%%%%%%%%%
% 1998
%%%%%%%%%%%%%%%%%%%%%%%%%%%
@article{Hochreiter_LongShortTermMemory_1997,
	title={Long short-term memory},
	author={Hochreiter, Sepp and Schmidhuber, J{\"u}rgen},
	journal={Neural {C}omputation},
	volume={9},
	number={8},
	pages={1735--1780},
	year={1997},
	publisher={MIT Press}
}


%%%%%%%%%%%%%%%%%%%%%%%%%%%
% 1996
%%%%%%%%%%%%%%%%%%%%%%%%%%%
@inproceedings{Ester_DBSCANDensityBasedClustering_1996,
	title={A density-based algorithm for discovering clusters in large spatial databases with noise.},
	author={Ester, Martin and Kriegel, Hans-Peter and Sander, J{\"o}rg and Xu, Xiaowei and others},
	booktitle={Kdd},
	volume={96},
	number={34},
	pages={226--231},
	year={1996}
}

@book{West_IntroductiontoGraphTheory_1996,
	title={Introduction to graph theory},
	author={West, Douglas Brent and others},
	volume={2},
	year={1996},
	publisher={Prentice hall Upper Saddle River, NJ}
}


@article{Reddy_FFTBasedImageRegistration_1996,
	title={An {FFT}-based technique for translation, rotation, and scale-invariant image registration},
	author={Reddy, B Srinivasa and Chatterji, Biswanath N},
	journal={IEEE {T}ransactions on {I}mage {P}rocessing},
	volume={5},
	number={8},
	pages={1266--1271},
	year={1996},
	publisher={IEEE}
}

%%%%%%%%%%%%%%%%%%%%%%%%%%%
% 1995
%%%%%%%%%%%%%%%%%%%%%%%%%%%
@article{Vapnik_SVM_1995,
	author    = {Vladimir Vapnik and Corinna Cortes},
	title     = {Vapnik},
	journal   = {Journal of Machine Learning},
	volume    = {20},
	number    = {3},
	pages     = {273--297},
	year      = {1995}
}

@article{Gudivada_ContentBasedImageRetrieval_1995,
	title={Content based image retrieval systems},
	author={Gudivada, Venkat N and Raghavan, Vijay V},
	journal={Computer},
	volume={28},
	number={9},
	pages={18--22},
	year={1995},
	publisher={IEEE}
}


%%%%%%%%%%%%%%%%%%%%%%%%%%%
% 1995
%%%%%%%%%%%%%%%%%%%%%%%%%%%
@article{Hihi_HierarchicalRNNsForLongTermDependencies_1995,
	title={Hierarchical recurrent neural networks for long-term dependencies},
	author={Hihi, Salah and Bengio, Yoshua},
	journal={Advances in {N}eural {I}nformation {P}rocessing {S}ystems (NeurIPS)},
	volume={8},
	year={1995}
}

@article{Lim_TwoDimensionalSignalProcessing_1990,
	title={Two-dimensional signal and image processing},
	author={Lim, Jae S},
	journal={ph},
	year={1990}
}

@article{Donoho_WaveletSoftThresholding_1995,
	title={De-noising by soft-thresholding},
	author={Donoho, David L},
	journal={IEEE transactions on information theory},
	volume={41},
	number={3},
	pages={613--627},
	year={1995},
	publisher={IEEE}
}


@article{Hull_USPSDataset_1994,
	title={A database for handwritten text recognition research},
	author={Hull, Jonathan J.},
	journal={IEEE Transactions on pattern analysis and machine intelligence},
	volume={16},
	number={5},
	pages={550--554},
	year={1994},
	publisher={IEEE}
}


%%%%%%%%%%%%%%%%%%%%%%%%%%%
% 1992
%%%%%%%%%%%%%%%%%%%%%%%%%%%
@article{Kahneman_ReviewingOfObjectFiles_1992,
	title={The reviewing of object files: Object-specific integration of information},
	author={Kahneman, Daniel and Treisman, Anne and Gibbs, Brian J},
	journal={Cognitive psychology},
	volume={24},
	number={2},
	pages={175--219},
	year={1992},
	publisher={Elsevier}
}


%%%%%%%%%%%%%%%%%%%%%%%%%%%
% 1991
%%%%%%%%%%%%%%%%%%%%%%%%%%%
@inproceedings{Rudin_TotalVariationBasedImageRestoration_1994,
	title={Total variation based image restoration with free local constraints},
	author={Rudin, Leonid I and Osher, Stanley},
	booktitle={Proceedings of 1st International Conference on Image Processing},
	volume={1},
	pages={31--35},
	year={1994},
	organization={IEEE}
}

@article{Amit_StructuralImageRestorationThroughDeformableTemplates_1991,
	title={Structural image restoration through deformable templates},
	author={Amit, Yali and Grenander, Ulf and Piccioni, Mauro},
	journal={Journal of the American Statistical Association},
	volume={86},
	number={414},
	pages={376--387},
	year={1991},
	publisher={Taylor \& Francis}
}


%%%%%%%%%%%%%%%%%%%%%%%%%%%
% 1989
%%%%%%%%%%%%%%%%%%%%%%%%%%%
@article{Elman_FindingStructureInTime_1990,
	title={Finding structure in time},
	author={Elman, Jeffrey L},
	journal={{C}ognitive {S}cience},
	volume={14},
	number={2},
	pages={179--211},
	year={1990},
	publisher={Wiley Online Library}
}

%%%%%%%%%%%%%%%%%%%%%%%%%%%
% 1989
%%%%%%%%%%%%%%%%%%%%%%%%%%%
@article{Cybenko_UniversalApproximator_1989,
	title={Approximation by superpositions of a sigmoidal function},
	author={Cybenko, George},
	journal={Mathematics of control, signals and systems},
	volume={2},
	number={4},
	pages={303--314},
	year={1989},
	publisher={Springer}
}

%%%%%%%%%%%%%%%%%%%%%%%%%%%
% 1987
%%%%%%%%%%%%%%%%%%%%%%%%%%%
@inproceedings{Zhou_CnnDenoiserOriginal_1987,
	title={A novel approach to image restoration based on a neural network},
	author={Zhou, YT and Chellappa, R and Jenkins, BK},
	booktitle={IEEE First International Conference on Neural Networks, San Diego, California},
	volume={4},
	pages={269--276},
	year={1987}
}


%%%%%%%%%%%%%%%%%%%%%%%%%%%
% 1985
%%%%%%%%%%%%%%%%%%%%%%%%%%%
@article{Hubert_ComparingPartitionsARI_1985,
	title={Comparing partitions},
	author={Hubert, Lawrence and Arabie, Phipps},
	journal={Journal of {C}lassification},
	volume={2},
	number={1},
	pages={193--218},
	year={1985},
	publisher={Springer}
}

%%%%%%%%%%%%%%%%%%%%%%%%%%%
% 1984
%%%%%%%%%%%%%%%%%%%%%%%%%%%
@inproceedings{Guttman_RTrees_1984,
	title={R-trees: A dynamic index structure for spatial searching},
	author={Guttman, Antonin},
	booktitle={1984 ACM SIGMOD international conference on Management of data},
	pages={47--57},
	year={1984}
}


%%%%%%%%%%%%%%%%%%%%%%%%%%%
% 1983
%%%%%%%%%%%%%%%%%%%%%%%%%%%
@article{Mcniven_GesturesInAtticVasePaintings_1983,
	title={Gestures in Attic Vase Painting: use and meaning, 550-450 BC},
	author={McNiven, Timothy John},
	year={1983}
}

@inproceedings{Nesterov_NesterovMomentum_1983,
	title={A method for unconstrained convex minimization problem with the rate of convergence O (1/k\^{} 2)},
	author={Nesterov, Yurii},
	booktitle={Doklady an ussr},
	volume={269},
	pages={543--547},
	year={1983}
}



%%%%%%%%%%%%%%%%%%%%%%%%%%%
% 1981
%%%%%%%%%%%%%%%%%%%%%%%%%%%
@article{Gallagher_MediaFilter_1981,
	title={A theoretical analysis of the properties of median filters},
	author={Gallagher, N and Wise, G{\i}},
	journal={IEEE Transactions on Acoustics, Speech, and Signal Processing},
	volume={29},
	number={6},
	pages={1136--1141},
	year={1981},
	publisher={IEEE}
}

@article{Shapiro_CourtshipScenesAtticVasePainting_1981,
	title={Courtship scenes in Attic vase-painting},
	author={Shapiro, H Alan},
	journal={American Journal of Archaeology},
	pages={133--143},
	year={1981},
	publisher={JSTOR}
}


%%%%%%%%%%%%%%%%%%%%%%%%%%%
% 1975
%%%%%%%%%%%%%%%%%%%%%%%%%%%
@article{Nevatia_DescriptionAndRecognitionOfCurvedObjects_1977,
	title={Description and recognition of curved objects},
	author={Nevatia, Ramakant and Binford, Thomas O},
	journal={Artificial intelligence},
	volume={8},
	number={1},
	pages={77--98},
	year={1977},
	publisher={Elsevier}
}

%%%%%%%%%%%%%%%%%%%%%%%%%%%
% 1975
%%%%%%%%%%%%%%%%%%%%%%%%%%%
@article{Bentley_KdTrees_1975,
	author    = {JL. Bentley},
	title     = {Multidimensional Binary Search Trees Used for Associative Searching},
	journal   = {},
	volume    = {},
	number    = {},
	pages     = {},
	year      = {1975}
}


%%%%%%%%%%%%%%%%%%%%%%%%%%%
% 1973
%%%%%%%%%%%%%%%%%%%%%%%%%%%
@article{Bjorck_AnglesBetweenLinearSubspaces_1973,
	title={Numerical methods for computing angles between linear subspaces},
	author={Bjorck, Ake and Golub, Gene H},
	journal={Mathematics of computation},
	volume={27},
	number={123},
	pages={579--594},
	year={1973}
}


@article{Fischler_RepresentationPictorialStructures_1973,
	title={The representation and matching of pictorial structures},
	author={Fischler, Martin A and Elschlager, Robert A},
	journal={IEEE Transactions on computers},
	volume={100},
	number={1},
	pages={67--92},
	year={1973},
	publisher={IEEE}
}



@article{matheron1968schema,
	title={Sch{\'e}ma bool{\'e}en s{\'e}quentiel de partition al{\'e}atoire},
	author={Matheron, Georges},
	journal={N-83 CMM, Paris School of Mines publications},
	year={1968}
}

%%%%%%%%%%%%%%%%%%%%%%%%%%%
% 1967
%%%%%%%%%%%%%%%%%%%%%%%%%%%
@inproceedings{Macqueen_KMeansClustering_1967,
	title={Some methods for classification and analysis of multivariate observations},
	author={MacQueen, James and others},
	booktitle={fifth Berkeley symposium on mathematical statistics and probability},
	volume={1},
	number={14},
	pages={281--297},
	year={1967},
	organization={Oakland, CA, USA}
}

@article{Johnson_HierarchicalClustering_1967,
	title={Hierarchical clustering schemes},
	author={Johnson, Stephen C},
	journal={Psychometrika},
	volume={32},
	number={3},
	pages={241--254},
	year={1967},
	publisher={Springer}
}

%%%%%%%%%%%%%%%%%%%%%%%%%%%
% 1964
%%%%%%%%%%%%%%%%%%%%%%%%%%%
@book{Wiener_WienerFilter_1964,
	title={Extrapolation, interpolation, and smoothing of stationary time series},
	author={Wiener, Norbert},
	year={1964},
	publisher={The MIT press}
}


%%%%%%%%%%%%%%%%%%%%%%%%%%%
% Others
%%%%%%%%%%%%%%%%%%%%%%%%%%%
%@article{Nielse_NeuralNetworks,
%	title={Neural Networks and Deep Learning},
%	author={Nielse, Michael},
%	journal={Online Book},
%	volume={http://neuralnetworksanddeeplearning.com/}
%	number={},
%}

%@article{Mathworks_CNNs3ThingsYouNeedToKnow,
%	title={Convolutional Neural Network:3 things you need to know},
%	author={Mathworks},
%	journal={Online Blog},
%	volume={https://de.mathworks.com/discovery/convolutional-neural-network-matlab.html}
%	number={},
%}

%@article{Maier_DeepLearningLectureNotes,
%	title={All you want to know about deep learning},
%	author={Maier, Andreas},
%	journal={Lecture Notes},
%	volume={https://towardsdatascience.com/all-you-want-to-know-about-deep-learning-8d68dcffc258}
%	number={},
%}

@inproceedings{NGSIM_Dataset,
	title={Video-Based Vehicle Trajectory Data Collection},
	author={Alexiadis, Vassili},
	booktitle={Transportation Research Board 86th Annual Meeting},
	year={2006}
}

@book{Gonzalez_DigitalImage_Processing_2006,
	author = {Gonzalez, Rafael C. and Woods, Richard E.},
	title = {Digital Image Processing (3rd Edition)},
	year = {2006},
	isbn = {013168728X},
	publisher = {Prentice-Hall, Inc.},
	address = {USA}
}

@book{Koffka_PrinciplesOfGestaltPsychology_2013,
	title={Principles of Gestalt psychology},
	author={Koffka, Kurt},
	year={2013},
	publisher={Routledge}
}