@article{corso2023particle,
  title={Particle guidance: non-iid diverse sampling with diffusion models},
  author={Corso, Gabriele and Xu, Yilun and De Bortoli, Valentin and Barzilay, Regina and Jaakkola, Tommi},
  journal={arXiv preprint arXiv:2310.13102},
  year={2023}
}

@article{huang2023enhanced,
  title={Enhanced balancing GAN: Minority-class image generation},
  author={Huang, Gaofeng and Jafari, Amir Hossein},
  journal={Neural computing and applications},
  volume={35},
  number={7},
  pages={5145--5154},
  year={2023},
  publisher={Springer}
}

@article{lin2022raregan,
  title={RareGAN: Generating Samples for Rare Classes},
  author={Lin, Zinan and Liang, Hao and Fanti, Giulia and Sekar, Vyas and Sharma, Rahul Anand and Soltanaghaei, Elahe and Rowe, Anthony and Namkung, Hun and Liu, Zaoxing and Kim, Daehyeok and others},
  journal={arXiv preprint arXiv:2203.10674},
  year={2022}
}

@article{lu2024procreate,
  title={ProCreate, Don$\backslash$'t Reproduce! Propulsive Energy Diffusion for Creative Generation},
  author={Lu, Jack and Teehan, Ryan and Ren, Mengye},
  journal={arXiv preprint arXiv:2408.02226},
  year={2024}
}

@article{qin2023class,
  title={Class-Balancing Diffusion Models},
  author={Qin, Yiming and Zheng, Huangjie and Yao, Jiangchao and Zhou, Mingyuan and Zhang, Ya},
  journal={arXiv preprint arXiv:2305.00562},
  year={2023}
}

@inproceedings{rombach2022high,
  title={High-resolution image synthesis with latent diffusion models},
  author={Rombach, Robin and Blattmann, Andreas and Lorenz, Dominik and Esser, Patrick and Ommer, Bj{\"o}rn},
  booktitle={Proceedings of the IEEE/CVF conference on computer vision and pattern recognition},
  pages={10684--10695},
  year={2022}
}

@article{sadat2023cads,
  title={CADS: Unleashing the Diversity of Diffusion Models through Condition-Annealed Sampling},
  author={Sadat, Seyedmorteza and Buhmann, Jakob and Bradely, Derek and Hilliges, Otmar and Weber, Romann M},
  journal={arXiv preprint arXiv:2310.17347},
  year={2023}
}

@article{samuel2023all,
  title={It is all about where you start: Text-to-image generation with seed selection},
  author={Samuel, Dvir and Ben-Ari, Rami and Raviv, Simon and Darshan, Nir and Chechik, Gal},
  journal={arXiv preprint arXiv:2304.14530},
  year={2023}
}

@inproceedings{sehwag2022generating,
  title={Generating high fidelity data from low-density regions using diffusion models},
  author={Sehwag, Vikash and Hazirbas, Caner and Gordo, Albert and Ozgenel, Firat and Canton, Cristian},
  booktitle={Proceedings of the IEEE/CVF Conference on Computer Vision and Pattern Recognition},
  pages={11492--11501},
  year={2022}
}

@article{um2023don,
  title={Don't play favorites: Minority guidance for diffusion models},
  author={Um, Soobin and Lee, Suhyeon and Ye, Jong Chul},
  journal={arXiv preprint arXiv:2301.12334},
  year={2023}
}

@article{um2024minorityprompt,
  title={MinorityPrompt: Text to Minority Image Generation via Prompt Optimization},
  author={Um, Soobin and Ye, Jong Chul},
  journal={arXiv preprint arXiv:2410.07838},
  year={2024}
}

@article{um2024self,
  title={Self-Guided Generation of Minority Samples Using Diffusion Models},
  author={Um, Soobin and Ye, Jong Chul},
  journal={arXiv preprint arXiv:2407.11555},
  year={2024}
}

@inproceedings{yu2020inclusive,
  title={Inclusive gan: Improving data and minority coverage in generative models},
  author={Yu, Ning and Li, Ke and Zhou, Peng and Malik, Jitendra and Davis, Larry and Fritz, Mario},
  booktitle={European Conference on Computer Vision},
  pages={377--393},
  year={2020},
  organization={Springer}
}

