@String(PAMI = {IEEE Trans. Pattern Anal. Mach. Intell.})
@String(IJCV = {Int. J. Comput. Vis.})
@String(CVPR= {IEEE Conf. Comput. Vis. Pattern Recog.})
@String(ICCV= {Int. Conf. Comput. Vis.})
@String(ECCV= {Eur. Conf. Comput. Vis.})
@String(NIPS= {Adv. Neural Inform. Process. Syst.})
@String(ICPR = {Int. Conf. Pattern Recog.})
@String(BMVC= {Brit. Mach. Vis. Conf.})
@String(TOG= {ACM Trans. Graph.})
@String(TIP  = {IEEE Trans. Image Process.})
@String(TVCG  = {IEEE Trans. Vis. Comput. Graph.})
@String(TMM  = {IEEE Trans. Multimedia})
@String(ACMMM= {ACM Int. Conf. Multimedia})
@String(ICME = {Int. Conf. Multimedia and Expo})
@String(ICASSP=	{ICASSP})
@String(ICIP = {IEEE Int. Conf. Image Process.})
@String(ACCV  = {ACCV})
@String(ICLR = {Int. Conf. Learn. Represent.})
@String(IJCAI = {IJCAI})
@String(PR   = {Pattern Recognition})
@String(AAAI = {AAAI})
@String(CVPRW= {IEEE Conf. Comput. Vis. Pattern Recog. Worksh.})
@String(CSVT = {IEEE Trans. Circuit Syst. Video Technol.})

@String(SPL	= {IEEE Sign. Process. Letters})
@String(VR   = {Vis. Res.})
@String(JOV	 = {J. Vis.})
@String(TVC  = {The Vis. Comput.})
@String(JCST  = {J. Comput. Sci. Tech.})
@String(CGF  = {Comput. Graph. Forum})
@String(CVM = {Computational Visual Media})


@String(PAMI  = {IEEE TPAMI})
@String(IJCV  = {IJCV})
@String(CVPR  = {CVPR})
@String(ICCV  = {ICCV})
@String(ECCV  = {ECCV})
@String(NIPS  = {NeurIPS})
@String(ICPR  = {ICPR})
@String(BMVC  =	{BMVC})
@String(TOG   = {ACM TOG})
@String(TIP   = {IEEE TIP})
@String(TVCG  = {IEEE TVCG})
@String(TCSVT = {IEEE TCSVT})
@String(TMM   =	{IEEE TMM})
@String(ACMMM = {ACM MM})
@String(ICME  =	{ICME})
@String(ICASSP=	{ICASSP})
@String(ICIP  = {ICIP})
@String(ACCV  = {ACCV})
@String(ICLR  = {ICLR})
@String(IJCAI = {IJCAI})
@String(PR = {PR})
@String(AAAI = {AAAI})
@String(CVPRW= {CVPRW})
@String(CSVT = {IEEE TCSVT})




@article{brock2018large,
  title={Large scale GAN training for high fidelity natural image synthesis},
  author={Brock, Andrew and Donahue, Jeff and Simonyan, Karen},
  journal={arXiv preprint arXiv:1809.11096},
  year={2018}
}

@article{dhariwal2021diffusion,
  title={Diffusion models beat gans on image synthesis},
  author={Dhariwal, Prafulla and Nichol, Alexander},
  journal={Advances in neural information processing systems},
  volume={34},
  pages={8780--8794},
  year={2021}
}

@article{du2022vos,
  title={Vos: Learning what you don't know by virtual outlier synthesis},
  author={Du, Xuefeng and Wang, Zhaoning and Cai, Mu and Li, Yixuan},
  journal={arXiv preprint arXiv:2202.01197},
  year={2022}
}

@inproceedings{du2023dream,
  title={Dream the Impossible: Outlier Imagination with Diffusion Models}, 
  author={Xuefeng Du and Yiyou Sun and Xiaojin Zhu and Yixuan Li },
  booktitle={Advances in Neural Information Processing Systems},
  year = {2023}
}

@inproceedings{rombach2022high,
  title={High-resolution image synthesis with latent diffusion models},
  author={Rombach, Robin and Blattmann, Andreas and Lorenz, Dominik and Esser, Patrick and Ommer, Bj{\"o}rn},
  booktitle={Proceedings of the IEEE/CVF conference on computer vision and pattern recognition},
  pages={10684--10695},
  year={2022}
}

@article{han2022rarity,
  title={Rarity Score: A New Metric to Evaluate the Uncommonness of Synthesized Images},
  author={Han, Jiyeon and Choi, Hwanil and Choi, Yunjey and Kim, Junho and Ha, Jung-Woo and Choi, Jaesik},
  journal={arXiv preprint arXiv:2206.08549},
  year={2022}
}

@inproceedings{sehwag2022generating,
  title={Generating high fidelity data from low-density regions using diffusion models},
  author={Sehwag, Vikash and Hazirbas, Caner and Gordo, Albert and Ozgenel, Firat and Canton, Cristian},
  booktitle={Proceedings of the IEEE/CVF Conference on Computer Vision and Pattern Recognition},
  pages={11492--11501},
  year={2022}
}

@article{um2023don,
  title={Don't play favorites: Minority guidance for diffusion models},
  author={Um, Soobin and Lee, Suhyeon and Ye, Jong Chul},
  journal={arXiv preprint arXiv:2301.12334},
  year={2023}
}

@inproceedings{hendrycks2021natural,
  title={Natural adversarial examples},
  author={Hendrycks, Dan and Zhao, Kevin and Basart, Steven and Steinhardt, Jacob and Song, Dawn},
  booktitle={Proceedings of the IEEE/CVF Conference on Computer Vision and Pattern Recognition},
  pages={15262--15271},
  year={2021}
}

@article{goodfellow2014generative,
  title={Generative adversarial nets},
  author={Goodfellow, Ian and Pouget-Abadie, Jean and Mirza, Mehdi and Xu, Bing and Warde-Farley, David and Ozair, Sherjil and Courville, Aaron and Bengio, Yoshua},
  journal={Advances in neural information processing systems},
  volume={27},
  year={2014}
}

@article{ho2020denoising,
  title={Denoising diffusion probabilistic models},
  author={Ho, Jonathan and Jain, Ajay and Abbeel, Pieter},
  journal={Advances in neural information processing systems},
  volume={33},
  pages={6840--6851},
  year={2020}
}

@inproceedings{yu2020inclusive,
  title={Inclusive gan: Improving data and minority coverage in generative models},
  author={Yu, Ning and Li, Ke and Zhou, Peng and Malik, Jitendra and Davis, Larry and Fritz, Mario},
  booktitle={European Conference on Computer Vision},
  pages={377--393},
  year={2020},
  organization={Springer}
}

@article{lin2022raregan,
  title={RareGAN: Generating Samples for Rare Classes},
  author={Lin, Zinan and Liang, Hao and Fanti, Giulia and Sekar, Vyas and Sharma, Rahul Anand and Soltanaghaei, Elahe and Rowe, Anthony and Namkung, Hun and Liu, Zaoxing and Kim, Daehyeok and others},
  journal={arXiv preprint arXiv:2203.10674},
  year={2022}
}

@article{qin2023class,
  title={Class-Balancing Diffusion Models},
  author={Qin, Yiming and Zheng, Huangjie and Yao, Jiangchao and Zhou, Mingyuan and Zhang, Ya},
  journal={arXiv preprint arXiv:2305.00562},
  year={2023}
}

@inproceedings{sohl2015deep,
  title={Deep unsupervised learning using nonequilibrium thermodynamics},
  author={Sohl-Dickstein, Jascha and Weiss, Eric and Maheswaranathan, Niru and Ganguli, Surya},
  booktitle={International Conference on Machine Learning},
  pages={2256--2265},
  year={2015},
  organization={PMLR}
}

@article{schuhmann2022laion,
  title={Laion-5b: An open large-scale dataset for training next generation image-text models},
  author={Schuhmann, Christoph and Beaumont, Romain and Vencu, Richard and Gordon, Cade and Wightman, Ross and Cherti, Mehdi and Coombes, Theo and Katta, Aarush and Mullis, Clayton and Wortsman, Mitchell and others},
  journal={Advances in Neural Information Processing Systems},
  volume={35},
  pages={25278--25294},
  year={2022}
}

@article{song2019generative,
  title={Generative modeling by estimating gradients of the data distribution},
  author={Song, Yang and Ermon, Stefano},
  journal={Advances in Neural Information Processing Systems},
  volume={32},
  year={2019}
}

@inproceedings{chen2021exploring,
  title={Exploring simple siamese representation learning},
  author={Chen, Xinlei and He, Kaiming},
  booktitle={Proceedings of the IEEE/CVF conference on computer vision and pattern recognition},
  pages={15750--15758},
  year={2021}
}

@article{kwon2022diffusion,
  title={Diffusion models already have a semantic latent space},
  author={Kwon, Mingi and Jeong, Jaeseok and Uh, Youngjung},
  journal={arXiv preprint arXiv:2210.10960},
  year={2022}
}

@article{meng2021sdedit,
  title={Sdedit: Guided image synthesis and editing with stochastic differential equations},
  author={Meng, Chenlin and He, Yutong and Song, Yang and Song, Jiaming and Wu, Jiajun and Zhu, Jun-Yan and Ermon, Stefano},
  journal={arXiv preprint arXiv:2108.01073},
  year={2021}
}

@inproceedings{breunig2000lof,
  title={LOF: identifying density-based local outliers},
  author={Breunig, Markus M and Kriegel, Hans-Peter and Ng, Raymond T and Sander, J{\"o}rg},
  booktitle={Proceedings of the 2000 ACM SIGMOD international conference on Management of data},
  pages={93--104},
  year={2000}
}

@article{heusel2017gans,
  title={Gans trained by a two time-scale update rule converge to a local nash equilibrium},
  author={Heusel, Martin and Ramsauer, Hubert and Unterthiner, Thomas and Nessler, Bernhard and Hochreiter, Sepp},
  journal={Advances in neural information processing systems},
  volume={30},
  year={2017}
}

@article{song2020score,
  title={Score-based generative modeling through stochastic differential equations},
  author={Song, Yang and Sohl-Dickstein, Jascha and Kingma, Diederik P and Kumar, Abhishek and Ermon, Stefano and Poole, Ben},
  journal={arXiv preprint arXiv:2011.13456},
  year={2020}
}

@article{vincent2011connection,
  title={A connection between score matching and denoising autoencoders},
  author={Vincent, Pascal},
  journal={Neural computation},
  volume={23},
  number={7},
  pages={1661--1674},
  year={2011},
  publisher={MIT Press}
}

@article{epstein2023diffusion,
  title={Diffusion self-guidance for controllable image generation},
  author={Epstein, Dave and Jabri, Allan and Poole, Ben and Efros, Alexei A and Holynski, Aleksander},
  journal={arXiv preprint arXiv:2306.00986},
  year={2023}
}

@article{krizhevsky2009learning,
  title={Learning multiple layers of features from tiny images},
  author={Krizhevsky, Alex and Hinton, Geoffrey and others},
  journal={Master's thesis, University of Tront},
  year={2009},
  publisher={Toronto, ON, Canada}
}

@inproceedings{zhang2018perceptual,
  title={The Unreasonable Effectiveness of Deep Features as a Perceptual Metric},
  author={Zhang, Richard and Isola, Phillip and Efros, Alexei A and Shechtman, Eli and Wang, Oliver},
  booktitle={CVPR},
  year={2018}
}

@incollection{robbins1992empirical,
  title={An empirical Bayes approach to statistics},
  author={Robbins, Herbert E},
  booktitle={Breakthroughs in statistics},
  pages={388--394},
  year={1992},
  publisher={Springer}
}

@article{chung2022diffusion,
  title={Diffusion posterior sampling for general noisy inverse problems},
  author={Chung, Hyungjin and Kim, Jeongsol and Mccann, Michael T and Klasky, Marc L and Ye, Jong Chul},
  journal={arXiv preprint arXiv:2209.14687},
  year={2022}
}

@article{kingma2013auto,
  title={Auto-encoding variational bayes},
  author={Kingma, Diederik P and Welling, Max},
  journal={arXiv preprint arXiv:1312.6114},
  year={2013}
}

@inproceedings{choi2022perception,
  title={Perception prioritized training of diffusion models},
  author={Choi, Jooyoung and Lee, Jungbeom and Shin, Chaehun and Kim, Sungwon and Kim, Hyunwoo and Yoon, Sungroh},
  booktitle={Proceedings of the IEEE/CVF Conference on Computer Vision and Pattern Recognition},
  pages={11472--11481},
  year={2022}
}

@article{kim2021soft,
  title={Soft truncation: A universal training technique of score-based diffusion model for high precision score estimation},
  author={Kim, Dongjun and Shin, Seungjae and Song, Kyungwoo and Kang, Wanmo and Moon, Il-Chul},
  journal={arXiv preprint arXiv:2106.05527},
  year={2021}
}

@article{karras2022elucidating,
  title={Elucidating the design space of diffusion-based generative models},
  author={Karras, Tero and Aittala, Miika and Aila, Timo and Laine, Samuli},
  journal={Advances in Neural Information Processing Systems},
  volume={35},
  pages={26565--26577},
  year={2022}
}

@inproceedings{liu2015faceattributes,
  title = {Deep Learning Face Attributes in the Wild},
  author = {Liu, Ziwei and Luo, Ping and Wang, Xiaogang and Tang, Xiaoou},
  booktitle = {Proceedings of International Conference on Computer Vision (ICCV)},
  month = {December},
  year = {2015} 
}

@article{yu2015lsun,
  title={Lsun: Construction of a large-scale image dataset using deep learning with humans in the loop},
  author={Yu, Fisher and Seff, Ari and Zhang, Yinda and Song, Shuran and Funkhouser, Thomas and Xiao, Jianxiong},
  journal={arXiv preprint arXiv:1506.03365},
  year={2015}
}

@inproceedings{deng2009imagenet,
  title={Imagenet: A large-scale hierarchical image database},
  author={Deng, Jia and Dong, Wei and Socher, Richard and Li, Li-Jia and Li, Kai and Fei-Fei, Li},
  booktitle={2009 IEEE conference on computer vision and pattern recognition},
  pages={248--255},
  year={2009},
  organization={Ieee}
}

@inproceedings{karras2019style,
  title={A style-based generator architecture for generative adversarial networks},
  author={Karras, Tero and Laine, Samuli and Aila, Timo},
  booktitle={Proceedings of the IEEE/CVF conference on computer vision and pattern recognition},
  pages={4401--4410},
  year={2019}
}

@inproceedings{parmar2022aliased,
  title={On aliased resizing and surprising subtleties in gan evaluation},
  author={Parmar, Gaurav and Zhang, Richard and Zhu, Jun-Yan},
  booktitle={Proceedings of the IEEE/CVF Conference on Computer Vision and Pattern Recognition},
  pages={11410--11420},
  year={2022}
}

@article{nash2021generating,
  title={Generating images with sparse representations},
  author={Nash, Charlie and Menick, Jacob and Dieleman, Sander and Battaglia, Peter W},
  journal={arXiv preprint arXiv:2103.03841},
  year={2021}
}

@article{kynkaanniemi2019improved,
  title={Improved precision and recall metric for assessing generative models},
  author={Kynk{\"a}{\"a}nniemi, Tuomas and Karras, Tero and Laine, Samuli and Lehtinen, Jaakko and Aila, Timo},
  journal={Advances in Neural Information Processing Systems},
  volume={32},
  year={2019}
}

@article{hessel2021clipscore,
  title={Clipscore: A reference-free evaluation metric for image captioning},
  author={Hessel, Jack and Holtzman, Ari and Forbes, Maxwell and Bras, Ronan Le and Choi, Yejin},
  journal={arXiv preprint arXiv:2104.08718},
  year={2021}
}

@inproceedings{amini2019uncovering,
  title={Uncovering and mitigating algorithmic bias through learned latent structure},
  author={Amini, Alexander and Soleimany, Ava P and Schwarting, Wilko and Bhatia, Sangeeta N and Rus, Daniela},
  booktitle={Proceedings of the 2019 AAAI/ACM Conference on AI, Ethics, and Society},
  pages={289--295},
  year={2019}
}

@article{huang2023enhanced,
  title={Enhanced balancing GAN: Minority-class image generation},
  author={Huang, Gaofeng and Jafari, Amir Hossein},
  journal={Neural computing and applications},
  volume={35},
  number={7},
  pages={5145--5154},
  year={2023},
  publisher={Springer}
}

@article{samuel2023all,
  title={It is all about where you start: Text-to-image generation with seed selection},
  author={Samuel, Dvir and Ben-Ari, Rami and Raviv, Simon and Darshan, Nir and Chechik, Gal},
  journal={arXiv preprint arXiv:2304.14530},
  year={2023}
}

@inproceedings{choi2020fair,
    title={Fair generative modeling via weak supervision},
    author={Choi, Kristy and Grover, Aditya and Singh, Trisha and Shu, Rui and Ermon, Stefano},
    booktitle={Proceedings of the 37th International Conference on Machine Learning (ICML)},
    year={2020},
    organization={PMLR}
}

@article{zhao2019pyod,
    author  = {Zhao, Yue and Nasrullah, Zain and Li, Zheng},
    title   = {PyOD: A Python Toolbox for Scalable Outlier Detection},
    journal = {Journal of Machine Learning Research},
    year    = {2019},
    volume  = {20},
    number  = {96},
    pages   = {1-7},
    url     = {http://jmlr.org/papers/v20/19-011.html}
}

@inproceedings{nichol2021improved,
  title={Improved denoising diffusion probabilistic models},
  author={Nichol, Alexander Quinn and Dhariwal, Prafulla},
  booktitle={International Conference on Machine Learning},
  pages={8162--8171},
  year={2021},
  organization={PMLR}
}

@article{paszke2019pytorch,
  title={Pytorch: An imperative style, high-performance deep learning library},
  author={Paszke, Adam and Gross, Sam and Massa, Francisco and Lerer, Adam and Bradbury, James and Chanan, Gregory and Killeen, Trevor and Lin, Zeming and Gimelshein, Natalia and Antiga, Luca and others},
  journal={Advances in neural information processing systems},
  volume={32},
  year={2019}
}

@article{krizhevsky2012imagenet,
  title={Imagenet classification with deep convolutional neural networks},
  author={Krizhevsky, Alex and Sutskever, Ilya and Hinton, Geoffrey E},
  journal={Advances in neural information processing systems},
  volume={25},
  year={2012}
}

@inproceedings{Karras2020ada,
  title     = {Training Generative Adversarial Networks with Limited Data},
  author    = {Tero Karras and Miika Aittala and Janne Hellsten and Samuli Laine and Jaakko Lehtinen and Timo Aila},
  booktitle = {Proc. NeurIPS},
  year      = {2020}
}

@inproceedings{woodland2022evaluating,
  title={Evaluating the Performance of StyleGAN2-ADA on Medical Images},
  author={Woodland, McKell and Wood, John and Anderson, Brian M and Kundu, Suprateek and Lin, Ethan and Koay, Eugene and Odisio, Bruno and Chung, Caroline and Kang, Hyunseon Christine and Venkatesan, Aradhana M and others},
  booktitle={International Workshop on Simulation and Synthesis in Medical Imaging},
  pages={142--153},
  year={2022},
  organization={Springer}
}

@inproceedings{lin2014microsoft,
  title={Microsoft coco: Common objects in context},
  author={Lin, Tsung-Yi and Maire, Michael and Belongie, Serge and Hays, James and Perona, Pietro and Ramanan, Deva and Doll{\'a}r, Piotr and Zitnick, C Lawrence},
  booktitle={Computer Vision--ECCV 2014: 13th European Conference, Zurich, Switzerland, September 6-12, 2014, Proceedings, Part V 13},
  pages={740--755},
  year={2014},
  organization={Springer}
}

@article{liu2022pseudo,
  title={Pseudo numerical methods for diffusion models on manifolds},
  author={Liu, Luping and Ren, Yi and Lin, Zhijie and Zhao, Zhou},
  journal={arXiv preprint arXiv:2202.09778},
  year={2022}
}

@article{podell2023sdxl,
  title={Sdxl: Improving latent diffusion models for high-resolution image synthesis},
  author={Podell, Dustin and English, Zion and Lacey, Kyle and Blattmann, Andreas and Dockhorn, Tim and M{\"u}ller, Jonas and Penna, Joe and Rombach, Robin},
  journal={arXiv preprint arXiv:2307.01952},
  year={2023}
}

@article{serra2019input,
  title={Input complexity and out-of-distribution detection with likelihood-based generative models},
  author={Serr{\`a}, Joan and {\'A}lvarez, David and G{\'o}mez, Vicen{\c{c}} and Slizovskaia, Olga and N{\'u}{\~n}ez, Jos{\'e} F and Luque, Jordi},
  journal={arXiv preprint arXiv:1909.11480},
  year={2019}
}

@article{arvinte2023investigating,
  title={Investigating the Adversarial Robustness of Density Estimation Using the Probability Flow ODE},
  author={Arvinte, Marius and Cornelius, Cory and Martin, Jason and Himayat, Nageen},
  journal={arXiv preprint arXiv:2310.07084},
  year={2023}
}

@article{roh2023dr,
  title={Dr-Fairness: Dynamic Data Ratio Adjustment for Fair Training on Real and Generated Data},
  author={Roh, Yuji and Nie, Weili and Huang, De-An and Whang, Steven Euijong and Vahdat, Arash and Anandkumar, Anima},
  journal={Transactions on Machine Learning Research},
  year={2023}
}

@article{sadat2023cads,
  title={CADS: Unleashing the Diversity of Diffusion Models through Condition-Annealed Sampling},
  author={Sadat, Seyedmorteza and Buhmann, Jakob and Bradely, Derek and Hilliges, Otmar and Weber, Romann M},
  journal={arXiv preprint arXiv:2310.17347},
  year={2023}
}

@article{ho2022classifier,
  title={Classifier-free diffusion guidance},
  author={Ho, Jonathan and Salimans, Tim},
  journal={arXiv preprint arXiv:2207.12598},
  year={2022}
}

@inproceedings{hong2023improving,
  title={Improving sample quality of diffusion models using self-attention guidance},
  author={Hong, Susung and Lee, Gyuseong and Jang, Wooseok and Kim, Seungryong},
  booktitle={Proceedings of the IEEE/CVF International Conference on Computer Vision},
  pages={7462--7471},
  year={2023}
}

@article{Peebles2022DiT,
  title={Scalable Diffusion Models with Transformers},
  author={William Peebles and Saining Xie},
  year={2022},
  journal={arXiv preprint arXiv:2212.09748},
}

@article{ravuri2019classification,
  title={Classification accuracy score for conditional generative models},
  author={Ravuri, Suman and Vinyals, Oriol},
  journal={Advances in neural information processing systems},
  volume={32},
  year={2019}
}

@article{gowal2021improving,
  title={Improving robustness using generated data},
  author={Gowal, Sven and Rebuffi, Sylvestre-Alvise and Wiles, Olivia and Stimberg, Florian and Calian, Dan Andrei and Mann, Timothy A},
  journal={Advances in Neural Information Processing Systems},
  volume={34},
  pages={4218--4233},
  year={2021}
}

@article{zhao2022synthesizing,
  title={Synthesizing informative training samples with gan},
  author={Zhao, Bo and Bilen, Hakan},
  journal={arXiv preprint arXiv:2204.07513},
  year={2022}
}

@article{li2023your,
  title={Your diffusion model is secretly a zero-shot classifier},
  author={Li, Alexander C and Prabhudesai, Mihir and Duggal, Shivam and Brown, Ellis and Pathak, Deepak},
  journal={arXiv preprint arXiv:2303.16203},
  year={2023}
}

@article{song2020denoising,
  title={Denoising diffusion implicit models},
  author={Song, Jiaming and Meng, Chenlin and Ermon, Stefano},
  journal={arXiv preprint arXiv:2010.02502},
  year={2020}
}

@article{chung2022improving,
  title={Improving diffusion models for inverse problems using manifold constraints},
  author={Chung, Hyungjin and Sim, Byeongsu and Ryu, Dohoon and Ye, Jong Chul},
  journal={Advances in Neural Information Processing Systems},
  volume={35},
  pages={25683--25696},
  year={2022}
}

@inproceedings{xu2018attngan,
  title={Attngan: Fine-grained text to image generation with attentional generative adversarial networks},
  author={Xu, Tao and Zhang, Pengchuan and Huang, Qiuyuan and Zhang, Han and Gan, Zhe and Huang, Xiaolei and He, Xiaodong},
  booktitle={Proceedings of the IEEE conference on computer vision and pattern recognition},
  pages={1316--1324},
  year={2018}
}

@inproceedings{ramesh2021zero,
  title={Zero-shot text-to-image generation},
  author={Ramesh, Aditya and Pavlov, Mikhail and Goh, Gabriel and Gray, Scott and Voss, Chelsea and Radford, Alec and Chen, Mark and Sutskever, Ilya},
  booktitle={International conference on machine learning},
  pages={8821--8831},
  year={2021},
  organization={Pmlr}
}

@article{nichol2021glide,
  title={Glide: Towards photorealistic image generation and editing with text-guided diffusion models},
  author={Nichol, Alex and Dhariwal, Prafulla and Ramesh, Aditya and Shyam, Pranav and Mishkin, Pamela and McGrew, Bob and Sutskever, Ilya and Chen, Mark},
  journal={arXiv preprint arXiv:2112.10741},
  year={2021}
}

@article{saharia2022photorealistic,
  title={Photorealistic text-to-image diffusion models with deep language understanding},
  author={Saharia, Chitwan and Chan, William and Saxena, Saurabh and Li, Lala and Whang, Jay and Denton, Emily L and Ghasemipour, Kamyar and Gontijo Lopes, Raphael and Karagol Ayan, Burcu and Salimans, Tim and others},
  journal={Advances in neural information processing systems},
  volume={35},
  pages={36479--36494},
  year={2022}
}

@article{um2024self,
  title={Self-Guided Generation of Minority Samples Using Diffusion Models},
  author={Um, Soobin and Ye, Jong Chul},
  journal={arXiv preprint arXiv:2407.11555},
  year={2024}
}

@article{tian2024stablerep,
  title={Stablerep: Synthetic images from text-to-image models make strong visual representation learners},
  author={Tian, Yonglong and Fan, Lijie and Isola, Phillip and Chang, Huiwen and Krishnan, Dilip},
  journal={Advances in Neural Information Processing Systems},
  volume={36},
  year={2024}
}

@inproceedings{tian2024learning,
  title={Learning vision from models rivals learning vision from data},
  author={Tian, Yonglong and Fan, Lijie and Chen, Kaifeng and Katabi, Dina and Krishnan, Dilip and Isola, Phillip},
  booktitle={Proceedings of the IEEE/CVF Conference on Computer Vision and Pattern Recognition},
  pages={15887--15898},
  year={2024}
}

@article{afkanpour2024can,
  title={Can Generative Models Improve Self-Supervised Representation Learning?},
  author={Afkanpour, Arash and Khazaie, Vahid Reza and Ayromlou, Sana and Forghani, Fereshteh},
  journal={arXiv preprint arXiv:2403.05966},
  year={2024}
}

@article{chung2023prompt,
  title={Prompt-tuning latent diffusion models for inverse problems},
  author={Chung, Hyungjin and Ye, Jong Chul and Milanfar, Peyman and Delbracio, Mauricio},
  journal={arXiv preprint arXiv:2310.01110},
  year={2023}
}

@article{kim2023regularization,
  title={Regularization by texts for latent diffusion inverse solvers},
  author={Kim, Jeongsol and Park, Geon Yeong and Chung, Hyungjin and Ye, Jong Chul},
  journal={arXiv preprint arXiv:2311.15658},
  year={2023}
}

@article{park2024energy,
  title={Energy-based cross attention for bayesian context update in text-to-image diffusion models},
  author={Park, Geon Yeong and Kim, Jeongsol and Kim, Beomsu and Lee, Sang Wan and Ye, Jong Chul},
  journal={Advances in Neural Information Processing Systems},
  volume={36},
  year={2024}
}

@article{lin2024sdxl,
  title={Sdxl-lightning: Progressive adversarial diffusion distillation},
  author={Lin, Shanchuan and Wang, Anran and Yang, Xiao},
  journal={arXiv preprint arXiv:2402.13929},
  year={2024}
}

@article{corso2023particle,
  title={Particle guidance: non-iid diverse sampling with diffusion models},
  author={Corso, Gabriele and Xu, Yilun and De Bortoli, Valentin and Barzilay, Regina and Jaakkola, Tommi},
  journal={arXiv preprint arXiv:2310.13102},
  year={2023}
}

@article{gal2022image,
  title={An image is worth one word: Personalizing text-to-image generation using textual inversion},
  author={Gal, Rinon and Alaluf, Yuval and Atzmon, Yuval and Patashnik, Or and Bermano, Amit H and Chechik, Gal and Cohen-Or, Daniel},
  journal={arXiv preprint arXiv:2208.01618},
  year={2022}
}

@inproceedings{mokady2023null,
  title={Null-text inversion for editing real images using guided diffusion models},
  author={Mokady, Ron and Hertz, Amir and Aberman, Kfir and Pritch, Yael and Cohen-Or, Daniel},
  booktitle={Proceedings of the IEEE/CVF Conference on Computer Vision and Pattern Recognition},
  pages={6038--6047},
  year={2023}
}

@article{han2023highly,
  title={Highly personalized text embedding for image manipulation by stable diffusion},
  author={Han, Inhwa and Yang, Serin and Kwon, Taesung and Ye, Jong Chul},
  journal={arXiv preprint arXiv:2303.08767},
  year={2023}
}

@inproceedings{esser2021taming,
  title={Taming transformers for high-resolution image synthesis},
  author={Esser, Patrick and Rombach, Robin and Ommer, Bjorn},
  booktitle={Proceedings of the IEEE/CVF conference on computer vision and pattern recognition},
  pages={12873--12883},
  year={2021}
}

@article{devlin2018bert,
  title={Bert: Pre-training of deep bidirectional transformers for language understanding},
  author={Devlin, Jacob},
  journal={arXiv preprint arXiv:1810.04805},
  year={2018}
}

@article{zafar2024iterative,
  title={Iterative Object Count Optimization for Text-to-image Diffusion Models},
  author={Zafar, Oz and Wolf, Lior and Schwartz, Idan},
  journal={arXiv preprint arXiv:2408.11721},
  year={2024}
}

@article{chung2023decomposed,
  title={Decomposed Diffusion Sampler for Accelerating Large-Scale Inverse Problems},
  author={Chung, Hyungjin and Lee, Suhyeon and Ye, Jong Chul},
  journal={arXiv preprint arXiv:2303.05754},
  year={2023}
}

@article{shen2023finetuning,
  title={Finetuning text-to-image diffusion models for fairness},
  author={Shen, Xudong and Du, Chao and Pang, Tianyu and Lin, Min and Wong, Yongkang and Kankanhalli, Mohan},
  journal={arXiv preprint arXiv:2311.07604},
  year={2023}
}

@article{friedrich2023fair,
  title={Fair diffusion: Instructing text-to-image generation models on fairness},
  author={Friedrich, Felix and Brack, Manuel and Struppek, Lukas and Hintersdorf, Dominik and Schramowski, Patrick and Luccioni, Sasha and Kersting, Kristian},
  journal={arXiv preprint arXiv:2302.10893},
  year={2023}
}

@inproceedings{Kirstain2023PickaPicAO,
  title={Pick-a-Pic: An Open Dataset of User Preferences for Text-to-Image Generation},
  author={Yuval Kirstain and Adam Polyak and Uriel Singer and Shahbuland Matiana and Joe Penna and Omer Levy},
  year={2023}
}

@misc{xu2023imagereward,
      title={ImageReward: Learning and Evaluating Human Preferences for Text-to-Image Generation},
      author={Jiazheng Xu and Xiao Liu and Yuchen Wu and Yuxuan Tong and Qinkai Li and Ming Ding and Jie Tang and Yuxiao Dong},
      year={2023},
      eprint={2304.05977},
      archivePrefix={arXiv},
      primaryClass={cs.CV}
}

@inproceedings{caron2021emerging,
  title={Emerging Properties in Self-Supervised Vision Transformers},
  author={Caron, Mathilde and Touvron, Hugo and Misra, Ishan and J\'egou, Herv\'e  and Mairal, Julien and Bojanowski, Piotr and Joulin, Armand},
  booktitle={Proceedings of the International Conference on Computer Vision (ICCV)},
  year={2021}
}

@inproceedings{
  hong2024CAS,
  title={CAS: A Probability-based Approach for Universal Condition Alignment Score},
  author={Chunsan Hong and ByungHee Cha and Tae-Hyun Oh},
  booktitle={International Conference on Learning Representations},
  year={2024},
  url={https://openreview.net/forum?id=E78OaH2s3f}
}

@article{chung2024cfg++,
  title={CFG++: Manifold-constrained Classifier Free Guidance for Diffusion Models},
  author={Chung, Hyungjin and Kim, Jeongsol and Park, Geon Yeong and Nam, Hyelin and Ye, Jong Chul},
  journal={arXiv preprint arXiv:2406.08070},
  year={2024}
}

@misc{kynkäänniemi2024applyingguidancelimitedinterval,
      title={Applying Guidance in a Limited Interval Improves Sample and Distribution Quality in Diffusion Models}, 
      author={Tuomas Kynkäänniemi and Miika Aittala and Tero Karras and Samuli Laine and Timo Aila and Jaakko Lehtinen},
      year={2024},
      eprint={2404.07724},
      archivePrefix={arXiv},
      primaryClass={cs.CV},
      url={https://arxiv.org/abs/2404.07724}, 
}

@article{kingma2014adam,
  title={Adam: A method for stochastic optimization},
  author={Kingma, Diederik P},
  journal={arXiv preprint arXiv:1412.6980},
  year={2014}
}

@inproceedings{radford2021learning,
  title={Learning transferable visual models from natural language supervision},
  author={Radford, Alec and Kim, Jong Wook and Hallacy, Chris and Ramesh, Aditya and Goh, Gabriel and Agarwal, Sandhini and Sastry, Girish and Askell, Amanda and Mishkin, Pamela and Clark, Jack and others},
  booktitle={International conference on machine learning},
  pages={8748--8763},
  year={2021},
  organization={PMLR}
}

@article{ryu2017inclusivefacenet,
  title={Inclusivefacenet: Improving face attribute detection with race and gender diversity},
  author={Ryu, Hee Jung and Adam, Hartwig and Mitchell, Margaret},
  journal={arXiv preprint arXiv:1712.00193},
  year={2017}
}

@inproceedings{liu2019large,
  title={Large-scale long-tailed recognition in an open world},
  author={Liu, Ziwei and Miao, Zhongqi and Zhan, Xiaohang and Wang, Jiayun and Gong, Boqing and Yu, Stella X},
  booktitle={Proceedings of the IEEE/CVF Conference on Computer Vision and Pattern Recognition},
  pages={2537--2546},
  year={2019}
}

@article{zhang2023survey,
  title={A survey on audio diffusion models: Text to speech synthesis and enhancement in generative ai},
  author={Zhang, Chenshuang and Zhang, Chaoning and Zheng, Sheng and Zhang, Mengchun and Qamar, Maryam and Bae, Sung-Ho and Kweon, In So},
  journal={arXiv preprint arXiv:2303.13336},
  year={2023}
}

@article{ho2022video,
  title={Video diffusion models},
  author={Ho, Jonathan and Salimans, Tim and Gritsenko, Alexey and Chan, William and Norouzi, Mohammad and Fleet, David J},
  journal={Advances in Neural Information Processing Systems},
  volume={35},
  pages={8633--8646},
  year={2022}
}

@article{um2024minorityprompt,
  title={MinorityPrompt: Text to Minority Image Generation via Prompt Optimization},
  author={Um, Soobin and Ye, Jong Chul},
  journal={arXiv preprint arXiv:2410.07838},
  year={2024}
}

@article{kingma2018glow,
  title={Glow: Generative flow with invertible 1x1 convolutions},
  author={Kingma, Durk P and Dhariwal, Prafulla},
  journal={Advances in neural information processing systems},
  volume={31},
  year={2018}
}

@inproceedings{chung2022come,
  title={Come-closer-diffuse-faster: Accelerating conditional diffusion models for inverse problems through stochastic contraction},
  author={Chung, Hyungjin and Sim, Byeongsu and Ye, Jong Chul},
  booktitle={Proceedings of the IEEE/CVF Conference on Computer Vision and Pattern Recognition},
  pages={12413--12422},
  year={2022}
}

@inproceedings{pham2008analysis,
  title={Analysis of discrete and hybrid stochastic systems by nonlinear contraction theory},
  author={Pham, Quang-Cuong},
  booktitle={2008 10th International Conference on Control, Automation, Robotics and Vision},
  pages={1054--1059},
  year={2008},
  organization={IEEE}
}

@article{pham2009contraction,
  title={A contraction theory approach to stochastic incremental stability},
  author={Pham, Quang-Cuong and Tabareau, Nicolas and Slotine, Jean-Jacques},
  journal={IEEE Transactions on Automatic Control},
  volume={54},
  number={4},
  pages={816--820},
  year={2009},
  publisher={IEEE}
}

@inproceedings{hu2024one,
  title={One More Step: A Versatile Plug-and-Play Module for Rectifying Diffusion Schedule Flaws and Enhancing Low-Frequency Controls},
  author={Hu, Minghui and Zheng, Jianbin and Zheng, Chuanxia and Wang, Chaoyue and Tao, Dacheng and Cham, Tat-Jen},
  booktitle={Proceedings of the IEEE/CVF Conference on Computer Vision and Pattern Recognition},
  pages={7331--7340},
  year={2024}
}

@inproceedings{lin2024common,
  title={Common diffusion noise schedules and sample steps are flawed},
  author={Lin, Shanchuan and Liu, Bingchen and Li, Jiashi and Yang, Xiao},
  booktitle={Proceedings of the IEEE/CVF winter conference on applications of computer vision},
  pages={5404--5411},
  year={2024}
}

@article{lu2024procreate,
  title={ProCreate, Don$\backslash$'t Reproduce! Propulsive Energy Diffusion for Creative Generation},
  author={Lu, Jack and Teehan, Ryan and Ren, Mengye},
  journal={arXiv preprint arXiv:2408.02226},
  year={2024}
}

@article{ackley1985learning,
  title={A learning algorithm for Boltzmann machines},
  author={Ackley, David H and Hinton, Geoffrey E and Sejnowski, Terrence J},
  journal={Cognitive science},
  volume={9},
  number={1},
  pages={147--169},
  year={1985},
  publisher={Elsevier}
}

@article{xu2023restart,
  title={Restart sampling for improving generative processes},
  author={Xu, Yilun and Deng, Mingyang and Cheng, Xiang and Tian, Yonglong and Liu, Ziming and Jaakkola, Tommi},
  journal={Advances in Neural Information Processing Systems},
  volume={36},
  pages={76806--76838},
  year={2023}
}


@article{plancherel1910contribution,
  title={Contribution {\`a} l'{\'e}tude de la repr{\'e}sentation d’une fonction arbitraire par des int{\'e}grales d{\'e}finies},
  author={Plancherel, Michel and Leffler, Mittag},
  journal={Rendiconti del Circolo Matematico di Palermo (1884-1940)},
  volume={30},
  number={1},
  pages={289--335},
  year={1910},
  publisher={Springer}
}

@inproceedings{naeem2020reliable,
  title={Reliable fidelity and diversity metrics for generative models},
  author={Naeem, Muhammad Ferjad and Oh, Seong Joon and Uh, Youngjung and Choi, Yunjey and Yoo, Jaejun},
  booktitle={International Conference on Machine Learning},
  pages={7176--7185},
  year={2020},
  organization={PMLR}
}