@inproceedings{das2024unveiling,
  title={Unveiling the power of convolutional neural networks: A comprehensive study on remote sensing image captioning and encoder selection},
  author={Das, Swadhin and Khandelwal, Akshat and Sharma, Raksha},
  booktitle={2024 International Joint Conference on Neural Networks (IJCNN)},
  pages={1--8},
  year={2024},
  organization={IEEE}
}

@inproceedings{hoxha2020new,
  title={A new CNN-RNN framework for remote sensing image captioning},
  author={Hoxha, Genc and Melgani, Farid and Slaghenauffi, Jacopo},
  booktitle={2020 Mediterranean and Middle-East Geoscience and Remote Sensing Symposium (M2GARSS)},
  pages={1--4},
  year={2020},
  organization={IEEE}
}

@article{hoxha2020toward,
  title={Toward remote sensing image retrieval under a deep image captioning perspective},
  author={Hoxha, Genc and Melgani, Farid and Demir, Beg{\"u}m},
  journal={IEEE Journal of Selected Topics in Applied Earth Observations and Remote Sensing},
  volume={13},
  pages={4462--4475},
  year={2020},
  publisher={IEEE}
}

@article{hoxha2021novel,
  title={A novel SVM-based decoder for remote sensing image captioning},
  author={Hoxha, Genc and Melgani, Farid},
  journal={IEEE Transactions on Geoscience and Remote Sensing},
  volume={60},
  pages={1--14},
  year={2021},
  publisher={IEEE}
}

@article{li2019vision,
  title={Vision-to-language tasks based on attributes and attention mechanism},
  author={Li, Xuelong and Yuan, Aihong and Lu, Xiaoqiang},
  journal={IEEE transactions on cybernetics},
  volume={51},
  number={2},
  pages={913--926},
  year={2019},
  publisher={IEEE}
}

@article{li2021recurrent,
  title={Recurrent attention and semantic gate for remote sensing image captioning},
  author={Li, Yunpeng and Zhang, Xiangrong and Gu, Jing and Li, Chen and Wang, Xin and Tang, Xu and Jiao, Licheng},
  journal={IEEE Transactions on Geoscience and Remote Sensing},
  volume={60},
  pages={1--16},
  year={2021},
  publisher={IEEE}
}

@article{liu2022remote,
  title={Remote-sensing image captioning based on multilayer aggregated transformer},
  author={Liu, Chenyang and Zhao, Rui and Shi, Zhenwei},
  journal={IEEE Geoscience and Remote Sensing Letters},
  volume={19},
  pages={1--5},
  year={2022},
  publisher={IEEE}
}

@article{lu2017exploring,
  title={Exploring models and data for remote sensing image caption generation},
  author={Lu, Xiaoqiang and Wang, Binqiang and Zheng, Xiangtao and Li, Xuelong},
  journal={IEEE Transactions on Geoscience and Remote Sensing},
  volume={56},
  number={4},
  pages={2183--2195},
  year={2017},
  publisher={IEEE}
}

@article{meng2023prior,
  title={Prior Knowledge-Guided Transformer for Remote Sensing Image Captioning},
  author={Meng, Lingwu and Wang, Jing and Yang, Yang and Xiao, Liang},
  journal={IEEE Transactions on Geoscience and Remote Sensing},
  year={2023},
  publisher={IEEE}
}

@inproceedings{qu2016deep,
  title={Deep semantic understanding of high resolution remote sensing image},
  author={Qu, Bo and Li, Xuelong and Tao, Dacheng and Lu, Xiaoqiang},
  booktitle={2016 International conference on computer, information and telecommunication systems (Cits)},
  pages={1--5},
  year={2016},
  organization={IEEE}
}

@article{sumbul2020sd,
  title={SD-RSIC: Summarization-driven deep remote sensing image captioning},
  author={Sumbul, Gencer and Nayak, Sonali and Demir, Beg{\"u}m},
  journal={IEEE Transactions on Geoscience and Remote Sensing},
  volume={59},
  number={8},
  pages={6922--6934},
  year={2020},
  publisher={IEEE}
}

@article{vaswani2017attention,
  title={Attention is all you need},
  author={Vaswani, A},
  journal={Advances in Neural Information Processing Systems},
  year={2017}
}

@article{wang2022glcm,
  title={GLCM: Global--local captioning model for remote sensing image captioning},
  author={Wang, Qi and Huang, Wei and Zhang, Xueting and Li, Xuelong},
  journal={IEEE Transactions on Cybernetics},
  volume={53},
  number={11},
  pages={6910--6922},
  year={2022},
  publisher={IEEE}
}

@article{wu2024trtr,
  title={TrTr-CMR: Cross-Modal Reasoning Dual Transformer for Remote Sensing Image Captioning},
  author={Wu, Yinan and Li, Lingling and Jiao, Licheng and Liu, Fang and Liu, Xu and Yang, Shuyuan},
  journal={IEEE Transactions on Geoscience and Remote Sensing},
  year={2024},
  publisher={IEEE}
}

@inproceedings{xu2015show,
  title={Show, attend and tell: Neural image caption generation with visual attention},
  author={Xu, Kelvin and Ba, Jimmy and Kiros, Ryan and Cho, Kyunghyun and Courville, Aaron and Salakhudinov, Ruslan and Zemel, Rich and Bengio, Yoshua},
  booktitle={International conference on machine learning},
  pages={2048--2057},
  year={2015},
  organization={PMLR}
}

@inproceedings{zhang2019multi,
  title={Multi-scale cropping mechanism for remote sensing image captioning},
  author={Zhang, Xueting and Wang, Qi and Chen, Shangdong and Li, Xuelong},
  booktitle={IGARSS 2019-2019 IEEE International Geoscience and Remote Sensing Symposium},
  pages={10039--10042},
  year={2019},
  organization={IEEE}
}

@article{zhang2023multi,
  title={Multi-source interactive stair attention for remote sensing image captioning},
  author={Zhang, Xiangrong and Li, Yunpeng and Wang, Xin and Liu, Feixiang and Wu, Zhaoji and Cheng, Xina and Jiao, Licheng},
  journal={Remote Sensing},
  volume={15},
  number={3},
  pages={579},
  year={2023},
  publisher={MDPI}
}

