@article{lu2017remote,
  title={Remote sensing scene classification by unsupervised representation learning},
  author={Lu, Xiaoqiang and Zheng, Xiangtao and Yuan, Yuan},
  journal={IEEE Transactions on Geoscience and Remote Sensing},
  volume={55},
  number={9},
  pages={5148--5157},
  year={2017},
  publisher={IEEE}
}

@article{cheng2017remote,
  title={Remote sensing image scene classification: Benchmark and state of the art},
  author={Cheng, Gong and Han, Junwei and Lu, Xiaoqiang},
  journal={Proceedings of the IEEE},
  volume={105},
  number={10},
  pages={1865--1883},
  year={2017},
  publisher={IEEE}
}

@article{xia2017aid,
  title={AID: A benchmark data set for performance evaluation of aerial scene classification},
  author={Xia, Gui-Song and Hu, Jingwen and Hu, Fan and Shi, Baoguang and Bai, Xiang and Zhong, Yanfei and Zhang, Liangpei and Lu, Xiaoqiang},
  journal={IEEE Transactions on Geoscience and Remote Sensing},
  volume={55},
  number={7},
  pages={3965--3981},
  year={2017},
  publisher={IEEE}
}

@article{cheng2015effective,
  title={Effective and efficient midlevel visual elements-oriented land-use classification using VHR remote sensing images},
  author={Cheng, Gong and Han, Junwei and Guo, Lei and Liu, Zhenbao and Bu, Shuhui and Ren, Jinchang},
  journal={IEEE transactions on geoscience and remote sensing},
  volume={53},
  number={8},
  pages={4238--4249},
  year={2015},
  publisher={IEEE}
}

@article{tuia2009active,
  title={Active learning methods for remote sensing image classification},
  author={Tuia, Devis and Ratle, Fr{\'e}d{\'e}ric and Pacifici, Fabio and Kanevski, Mikhail F and Emery, William J},
  journal={IEEE Transactions on Geoscience and Remote Sensing},
  volume={47},
  number={7},
  pages={2218--2232},
  year={2009},
  publisher={IEEE}
}

@article{gu2015novel,
  title={A novel MKL model of integrating LiDAR data and MSI for urban area classification},
  author={Gu, Yanfeng and Wang, Qingwang and Jia, Xiuping and Benediktsson, J{\'o}n Atli},
  journal={IEEE transactions on geoscience and remote sensing},
  volume={53},
  number={10},
  pages={5312--5326},
  year={2015},
  publisher={IEEE}
}

@article{melgani2004classification,
  title={Classification of hyperspectral remote sensing images with support vector machines},
  author={Melgani, Farid and Bruzzone, Lorenzo},
  journal={IEEE Transactions on geoscience and remote sensing},
  volume={42},
  number={8},
  pages={1778--1790},
  year={2004},
  publisher={IEEE}
}

@inproceedings{penatti2015deep,
  title={Do deep features generalize from everyday objects to remote sensing and aerial scenes domains?},
  author={Penatti, Ot{\'a}vio AB and Nogueira, Keiller and Dos Santos, Jefersson A},
  booktitle={Proceedings of the IEEE conference on computer vision and pattern recognition workshops},
  pages={44--51},
  year={2015}
}

@article{inglada2007automatic,
  title={Automatic recognition of man-made objects in high resolution optical remote sensing images by SVM classification of geometric image features},
  author={Inglada, Jordi},
  journal={ISPRS journal of photogrammetry and remote sensing},
  volume={62},
  number={3},
  pages={236--248},
  year={2007},
  publisher={Elsevier}
}

@article{han2014object,
  title={Object detection in optical remote sensing images based on weakly supervised learning and high-level feature learning},
  author={Han, Junwei and Zhang, Dingwen and Cheng, Gong and Guo, Lei and Ren, Jinchang},
  journal={IEEE Transactions on Geoscience and Remote Sensing},
  volume={53},
  number={6},
  pages={3325--3337},
  year={2014},
  publisher={IEEE}
}

@article{yuan2013remote,
  title={Remote sensing image segmentation by combining spectral and texture features},
  author={Yuan, Jiangye and Wang, DeLiang and Li, Rongxing},
  journal={IEEE Transactions on geoscience and remote sensing},
  volume={52},
  number={1},
  pages={16--24},
  year={2013},
  publisher={IEEE}
}

@article{meinel2004comparison,
  title={A comparison of segmentation programs for high resolution remote sensing data},
  author={Meinel, Gotthard and Neubert, Marco},
  journal={International Archives of Photogrammetry and Remote Sensing},
  volume={35},
  number={Part B},
  pages={1097--1105},
  year={2004}
}

@article{fan2009single,
  title={Single point iterative weighted fuzzy C-means clustering algorithm for remote sensing image segmentation},
  author={Fan, Jianchao and Han, Min and Wang, Jun},
  journal={Pattern Recognition},
  volume={42},
  number={11},
  pages={2527--2540},
  year={2009},
  publisher={Elsevier}
}

@article{farag2005unified,
  title={A unified framework for map estimation in remote sensing image segmentation},
  author={Farag, Aly A and Mohamed, Refaat M and El-Baz, Ayman},
  journal={IEEE Transactions on Geoscience and Remote Sensing},
  volume={43},
  number={7},
  pages={1617--1634},
  year={2005},
  publisher={IEEE}
}

@article{du2016local,
  title={Local structure learning in high resolution remote sensing image retrieval},
  author={Du, Zhongxiang and Li, Xuelong and Lu, Xiaoqiang},
  journal={Neurocomputing},
  volume={207},
  pages={813--822},
  year={2016},
  publisher={Elsevier}
}

@article{yuan2015spectral,
  title={Spectral--spatial kernel regularized for hyperspectral image denoising},
  author={Yuan, Yuan and Zheng, Xiangtao and Lu, Xiaoqiang},
  journal={IEEE Transactions on Geoscience and Remote Sensing},
  volume={53},
  number={7},
  pages={3815--3832},
  year={2015},
  publisher={IEEE}
}

@inproceedings{qu2016deep,
  title={Deep semantic understanding of high resolution remote sensing image},
  author={Qu, Bo and Li, Xuelong and Tao, Dacheng and Lu, Xiaoqiang},
  booktitle={2016 International conference on computer, information and telecommunication systems (Cits)},
  pages={1--5},
  year={2016},
  organization={IEEE}
}

@article{lu2017exploring,
  title={Exploring models and data for remote sensing image caption generation},
  author={Lu, Xiaoqiang and Wang, Binqiang and Zheng, Xiangtao and Li, Xuelong},
  journal={IEEE Transactions on Geoscience and Remote Sensing},
  volume={56},
  number={4},
  pages={2183--2195},
  year={2017},
  publisher={IEEE}
}

@inproceedings{zhang2019multi,
  title={Multi-scale cropping mechanism for remote sensing image captioning},
  author={Zhang, Xueting and Wang, Qi and Chen, Shangdong and Li, Xuelong},
  booktitle={IGARSS 2019-2019 IEEE International Geoscience and Remote Sensing Symposium},
  pages={10039--10042},
  year={2019},
  organization={IEEE}
}


@inproceedings{wang2016image,
  title={Image captioning with deep bidirectional LSTMs},
  author={Wang, Cheng and Yang, Haojin and Bartz, Christian and Meinel, Christoph},
  booktitle={Proceedings of the 24th ACM international conference on Multimedia},
  pages={988--997},
  year={2016}
}

@article{zhang2014saliency,
	title        = {Saliency-guided unsupervised feature learning for scene classification},
	author       = {Zhang, Fan and Du, Bo and Zhang, Liangpei},
	year         = 2014,
	journal      = {IEEE Transactions on Geoscience and Remote Sensing},
	publisher    = {IEEE},
	volume       = 53,
	number       = 4,
	pages        = {2175--2184}
}

@inproceedings{yang2010bag,
	title        = {Bag-of-visual-words and spatial extensions for land-use classification},
	author       = {Yang, Yi and Newsam, Shawn},
	year         = 2010,
	booktitle    = {Proceedings of the 18th SIGSPATIAL international conference on advances in geographic information systems},
	pages        = {270--279}
}

@article{ordonez2011im2text,
  title={Im2text: Describing images using 1 million captioned photographs},
  author={Ordonez, Vicente and Kulkarni, Girish and Berg, Tamara},
  journal={Advances in neural information processing systems},
  volume={24},
  year={2011}
}

@inproceedings{szegedy2017inception,
  title={Inception-v4, inception-resnet and the impact of residual connections on learning},
  author={Szegedy, Christian and Ioffe, Sergey and Vanhoucke, Vincent and Alemi, Alexander},
  booktitle={Proceedings of the AAAI conference on artificial intelligence},
  volume={31},
  number={1},
  year={2017}
}

@inproceedings{li2011composing,
  title={Composing simple image descriptions using web-scale n-grams},
  author={Li, Siming and Kulkarni, Girish and Berg, Tamara and Berg, Alexander and Choi, Yejin},
  booktitle={Proceedings of the fifteenth conference on computational natural language learning},
  pages={220--228},
  year={2011}
}

@inproceedings{yang2011corpus,
  title={Corpus-guided sentence generation of natural images},
  author={Yang, Yezhou and Teo, Ching and Daum{\'e} III, Hal and Aloimonos, Yiannis},
  booktitle={Proceedings of the 2011 conference on empirical methods in natural language processing},
  pages={444--454},
  year={2011}
}

@inproceedings{karpathy2015deep,
  title={Deep visual-semantic alignments for generating image descriptions},
  author={Karpathy, Andrej and Fei-Fei, Li},
  booktitle={Proceedings of the IEEE conference on computer vision and pattern recognition},
  pages={3128--3137},
  year={2015}
}

@inproceedings{xu2015show,
  title={Show, attend and tell: Neural image caption generation with visual attention},
  author={Xu, Kelvin and Ba, Jimmy and Kiros, Ryan and Cho, Kyunghyun and Courville, Aaron and Salakhudinov, Ruslan and Zemel, Rich and Bengio, Yoshua},
  booktitle={International conference on machine learning},
  pages={2048--2057},
  year={2015},
  organization={PMLR}
}

@inproceedings{johnson2016densecap,
  title={Densecap: Fully convolutional localization networks for dense captioning},
  author={Johnson, Justin and Karpathy, Andrej and Fei-Fei, Li},
  booktitle={Proceedings of the IEEE conference on computer vision and pattern recognition},
  pages={4565--4574},
  year={2016}
}

@article{krizhevsky2012imagenet,
  title={Imagenet classification with deep convolutional neural networks},
  author={Krizhevsky, Alex and Sutskever, Ilya and Hinton, Geoffrey E},
  journal={Advances in neural information processing systems},
  volume={25},
  year={2012}
}

@article{simonyan2014very,
  title={Very deep convolutional networks for large-scale image recognition},
  author={Simonyan, Karen and Zisserman, Andrew},
  journal={arXiv preprint arXiv:1409.1556},
  year={2014}
}

@inproceedings{szegedy2015going,
  title={Going deeper with convolutions},
  author={Szegedy, Christian and Liu, Wei and Jia, Yangqing and Sermanet, Pierre and Reed, Scott and Anguelov, Dragomir and Erhan, Dumitru and Vanhoucke, Vincent and Rabinovich, Andrew},
  booktitle={Proceedings of the IEEE conference on computer vision and pattern recognition},
  pages={1--9},
  year={2015}
}

@article{shi2017can,
  title={Can a machine generate humanlike language descriptions for a remote sensing image?},
  author={Shi, Zhenwei and Zou, Zhengxia},
  journal={IEEE Transactions on Geoscience and Remote Sensing},
  volume={55},
  number={6},
  pages={3623--3634},
  year={2017},
  publisher={IEEE}
}

@inproceedings{vinyals2015show,
  title={Show and tell: A neural image caption generator},
  author={Vinyals, Oriol and Toshev, Alexander and Bengio, Samy and Erhan, Dumitru},
  booktitle={Proceedings of the IEEE conference on computer vision and pattern recognition},
  pages={3156--3164},
  year={2015}
}

@inproceedings{he2016deep,
  title={Deep residual learning for image recognition},
  author={He, Kaiming and Zhang, Xiangyu and Ren, Shaoqing and Sun, Jian},
  booktitle={Proceedings of the IEEE conference on computer vision and pattern recognition},
  pages={770--778},
  year={2016}
}

@inproceedings{hoxha2020new,
  title={A new CNN-RNN framework for remote sensing image captioning},
  author={Hoxha, Genc and Melgani, Farid and Slaghenauffi, Jacopo},
  booktitle={2020 Mediterranean and Middle-East Geoscience and Remote Sensing Symposium (M2GARSS)},
  pages={1--4},
  year={2020},
  organization={IEEE}
}

@inproceedings{szegedy2016rethinking,
  title={Rethinking the inception architecture for computer vision},
  author={Szegedy, Christian and Vanhoucke, Vincent and Ioffe, Sergey and Shlens, Jon and Wojna, Zbigniew},
  booktitle={Proceedings of the IEEE conference on computer vision and pattern recognition},
  pages={2818--2826},
  year={2016}
}

@article{li2021recurrent,
  title={Recurrent attention and semantic gate for remote sensing image captioning},
  author={Li, Yunpeng and Zhang, Xiangrong and Gu, Jing and Li, Chen and Wang, Xin and Tang, Xu and Jiao, Licheng},
  journal={IEEE Transactions on Geoscience and Remote Sensing},
  volume={60},
  pages={1--16},
  year={2021},
  publisher={IEEE}
}

@inproceedings{wu2020scene,
  title={Scene attention mechanism for remote sensing image caption generation},
  author={Wu, Shiqi and Zhang, Xiangrong and Wang, Xin and Li, Chen and Jiao, Licheng},
  booktitle={2020 International Joint Conference on Neural Networks (IJCNN)},
  pages={1--7},
  year={2020},
  organization={IEEE}
}

@article{wang2019semantic,
  title={Semantic descriptions of high-resolution remote sensing images},
  author={Wang, Binqiang and Lu, Xiaoqiang and Zheng, Xiangtao and Li, Xuelong},
  journal={IEEE Geoscience and Remote Sensing Letters},
  volume={16},
  number={8},
  pages={1274--1278},
  year={2019},
  publisher={IEEE}
}

@article{zhang2019description,
  title={Description generation for remote sensing images using attribute attention mechanism},
  author={Zhang, Xiangrong and Wang, Xin and Tang, Xu and Zhou, Huiyu and Li, Chen},
  journal={Remote Sensing},
  volume={11},
  number={6},
  pages={612},
  year={2019},
  publisher={MDPI}
}

@inproceedings{tan2019efficientnet,
  title={Efficientnet: Rethinking model scaling for convolutional neural networks},
  author={Tan, Mingxing and Le, Quoc},
  booktitle={International conference on machine learning},
  pages={6105--6114},
  year={2019},
  organization={PMLR}
}

@article{howard2017mobilenets,
  title={Mobilenets: Efficient convolutional neural networks for mobile vision applications},
  author={Howard, Andrew G and Zhu, Menglong and Chen, Bo and Kalenichenko, Dmitry and Wang, Weijun and Weyand, Tobias and Andreetto, Marco and Adam, Hartwig},
  journal={arXiv preprint arXiv:1704.04861},
  year={2017}
}

@article{sumbul2020sd,
  title={SD-RSIC: Summarization-driven deep remote sensing image captioning},
  author={Sumbul, Gencer and Nayak, Sonali and Demir, Beg{\"u}m},
  journal={IEEE Transactions on Geoscience and Remote Sensing},
  volume={59},
  number={8},
  pages={6922--6934},
  year={2020},
  publisher={IEEE}
}

@inproceedings{huang2017densely,
  title={Densely connected convolutional networks},
  author={Huang, Gao and Liu, Zhuang and Van Der Maaten, Laurens and Weinberger, Kilian Q},
  booktitle={Proceedings of the IEEE conference on computer vision and pattern recognition},
  pages={4700--4708},
  year={2017}
}

@article{yuan2019exploring,
  title={Exploring multi-level attention and semantic relationship for remote sensing image captioning},
  author={Yuan, Zhenghang and Li, Xuelong and Wang, Qi},
  journal={IEEE Access},
  volume={8},
  pages={2608--2620},
  year={2019},
  publisher={IEEE}
}

@article{hoxha2020toward,
  title={Toward remote sensing image retrieval under a deep image captioning perspective},
  author={Hoxha, Genc and Melgani, Farid and Demir, Beg{\"u}m},
  journal={IEEE Journal of Selected Topics in Applied Earth Observations and Remote Sensing},
  volume={13},
  pages={4462--4475},
  year={2020},
  publisher={IEEE}
}

@article{arasi2023automated,
  title={Automated Image Captioning using Sparrow Search Algorithm with Improved Deep Learning Model},
  author={Arasi, Munya A and Alshahrani, Haya Mesfer and Alruwais, Nuha and Motwakel, Abdelwahed and Ahmed, Noura Abdelaziz and Mohamed, Abdullah},
  journal={IEEE Access},
  year={2023},
  publisher={IEEE}
}

@inproceedings{ramos2021remote,
  title={Remote sensing image captioning with continuous output neural models},
  author={Ramos, Rita and Martins, Bruno},
  booktitle={Proceedings of the 29th International Conference on Advances in Geographic Information Systems},
  pages={29--32},
  year={2021}
}

@inproceedings{das2024unveiling,
  title={Unveiling the power of convolutional neural networks: A comprehensive study on remote sensing image captioning and encoder selection},
  author={Das, Swadhin and Khandelwal, Akshat and Sharma, Raksha},
  booktitle={2024 International Joint Conference on Neural Networks (IJCNN)},
  pages={1--8},
  year={2024},
  organization={IEEE}
}

@article{lowe2004distinctive,
  title={Distinctive image features from scale-invariant keypoints},
  author={Lowe, David G},
  journal={International journal of computer vision},
  volume={60},
  pages={91--110},
  year={2004},
  publisher={Springer}
}

@article{hoxha2021novel,
  title={A novel SVM-based decoder for remote sensing image captioning},
  author={Hoxha, Genc and Melgani, Farid},
  journal={IEEE Transactions on Geoscience and Remote Sensing},
  volume={60},
  pages={1--14},
  year={2021},
  publisher={IEEE}
}

@article{wu2024trtr,
  title={TrTr-CMR: Cross-Modal Reasoning Dual Transformer for Remote Sensing Image Captioning},
  author={Wu, Yinan and Li, Lingling and Jiao, Licheng and Liu, Fang and Liu, Xu and Yang, Shuyuan},
  journal={IEEE Transactions on Geoscience and Remote Sensing},
  year={2024},
  publisher={IEEE}
}

@article{das2024textgcn,
  title={A TextGCN-Based Decoding Approach for Improving Remote Sensing Image Captioning},
  author={Das, Swadhin and Sharma, Raksha},
  journal={IEEE Geoscience and Remote Sensing Letters},
  year={2024},
  publisher={IEEE}
}

@article{zagoruyko2016wide,
  title={Wide residual networks},
  author={Zagoruyko, Sergey},
  journal={arXiv preprint arXiv:1605.07146},
  year={2016}
}

@inproceedings{xie2017aggregated,
  title={Aggregated residual transformations for deep neural networks},
  author={Xie, Saining and Girshick, Ross and Doll{\'a}r, Piotr and Tu, Zhuowen and He, Kaiming},
  booktitle={Proceedings of the IEEE conference on computer vision and pattern recognition},
  pages={1492--1500},
  year={2017}
}

@inproceedings{radosavovic2020designing,
  title={Designing network design spaces},
  author={Radosavovic, Ilija and Kosaraju, Raj Prateek and Girshick, Ross and He, Kaiming and Doll{\'a}r, Piotr},
  booktitle={Proceedings of the IEEE/CVF conference on computer vision and pattern recognition},
  pages={10428--10436},
  year={2020}
}

@inproceedings{liu2022convnet,
  title={A convnet for the 2020s},
  author={Liu, Zhuang and Mao, Hanzi and Wu, Chao-Yuan and Feichtenhofer, Christoph and Darrell, Trevor and Xie, Saining},
  booktitle={Proceedings of the IEEE/CVF conference on computer vision and pattern recognition},
  pages={11976--11986},
  year={2022}
}

@inproceedings{sandler2018mobilenetv2,
  title={Mobilenetv2: Inverted residuals and linear bottlenecks},
  author={Sandler, Mark and Howard, Andrew and Zhu, Menglong and Zhmoginov, Andrey and Chen, Liang-Chieh},
  booktitle={Proceedings of the IEEE conference on computer vision and pattern recognition},
  pages={4510--4520},
  year={2018}
}

@inproceedings{howard2019searching,
  title={Searching for mobilenetv3},
  author={Howard, Andrew and Sandler, Mark and Chu, Grace and Chen, Liang-Chieh and Chen, Bo and Tan, Mingxing and Wang, Weijun and Zhu, Yukun and Pang, Ruoming and Vasudevan, Vijay and others},
  booktitle={Proceedings of the IEEE/CVF international conference on computer vision},
  pages={1314--1324},
  year={2019}
}

@inproceedings{papineni-etal-2002-bleu,
    title = "{B}leu: a Method for Automatic Evaluation of Machine Translation",
    author = "Papineni, Kishore  and
      Roukos, Salim  and
      Ward, Todd  and
      Zhu, Wei-Jing",
    booktitle = "Proceedings of the 40th Annual Meeting of the Association for Computational Linguistics",
    month = jul,
    year = "2002",
    address = "Philadelphia, Pennsylvania, USA",
    publisher = "Association for Computational Linguistics",
    url = "https://aclanthology.org/P02-1040",
    doi = "10.3115/1073083.1073135",
    pages = "311--318",
}

@inproceedings{lavie-agarwal-2007-meteor,
    title = "{METEOR}: An Automatic Metric for {MT} Evaluation with High Levels of Correlation with Human Judgments",
    author = "Lavie, Alon  and
      Agarwal, Abhaya",
    booktitle = "Proceedings of the Second Workshop on Statistical Machine Translation",
    month = jun,
    year = "2007",
    address = "Prague, Czech Republic",
    publisher = "Association for Computational Linguistics",
    url = "https://aclanthology.org/W07-0734",
    pages = "228--231",
}

@inproceedings{vedantam2015cider,
  title={Cider: Consensus-based image description evaluation},
  author={Vedantam, Ramakrishna and Lawrence Zitnick, C and Parikh, Devi},
  booktitle={Proceedings of the IEEE conference on computer vision and pattern recognition},
  pages={4566--4575},
  year={2015}
}

@inproceedings{lin-2004-rouge,
    title = "{ROUGE}: A Package for Automatic Evaluation of Summaries",
    author = "Lin, Chin-Yew",
    booktitle = "Text Summarization Branches Out",
    month = jul,
    year = "2004",
    address = "Barcelona, Spain",
    publisher = "Association for Computational Linguistics",
    url = "https://aclanthology.org/W04-1013",
    pages = "74--81",
}

@article{li2019vision,
  title={Vision-to-language tasks based on attributes and attention mechanism},
  author={Li, Xuelong and Yuan, Aihong and Lu, Xiaoqiang},
  journal={IEEE transactions on cybernetics},
  volume={51},
  number={2},
  pages={913--926},
  year={2019},
  publisher={IEEE}
}

@article{wang2022glcm,
  title={GLCM: Global--local captioning model for remote sensing image captioning},
  author={Wang, Qi and Huang, Wei and Zhang, Xueting and Li, Xuelong},
  journal={IEEE Transactions on Cybernetics},
  volume={53},
  number={11},
  pages={6910--6922},
  year={2022},
  publisher={IEEE}
}

@article{yang2022meta,
  title={Meta captioning: A meta learning based remote sensing image captioning framework},
  author={Yang, Qiaoqiao and Ni, Zihao and Ren, Peng},
  journal={ISPRS Journal of Photogrammetry and Remote Sensing},
  volume={186},
  pages={190--200},
  year={2022},
  publisher={Elsevier}
}

@article{liu2022remote,
  title={Remote-sensing image captioning based on multilayer aggregated transformer},
  author={Liu, Chenyang and Zhao, Rui and Shi, Zhenwei},
  journal={IEEE Geoscience and Remote Sensing Letters},
  volume={19},
  pages={1--5},
  year={2022},
  publisher={IEEE}
}

@article{vaswani2017attention,
  title={Attention is all you need},
  author={Vaswani, A},
  journal={Advances in Neural Information Processing Systems},
  year={2017}
}

@article{meng2024multiscale,
  title={A Multiscale Grouping Transformer with CLIP Latents for Remote Sensing Image Captioning},
  author={Meng, Lingwu and Wang, Jing and Meng, Ran and Yang, Yang and Xiao, Liang},
  journal={IEEE Transactions on Geoscience and Remote Sensing},
  year={2024},
  publisher={IEEE}
}

@article{zhang2023multi,
  title={Multi-source interactive stair attention for remote sensing image captioning},
  author={Zhang, Xiangrong and Li, Yunpeng and Wang, Xin and Liu, Feixiang and Wu, Zhaoji and Cheng, Xina and Jiao, Licheng},
  journal={Remote Sensing},
  volume={15},
  number={3},
  pages={579},
  year={2023},
  publisher={MDPI}
}

@article{du2023plane,
  title={From plane to hierarchy: Deformable transformer for remote sensing image captioning},
  author={Du, Runyan and Cao, Wei and Zhang, Wenkai and Zhi, Guo and Sun, Xian and Li, Shuoke and Li, Jihao},
  journal={IEEE Journal of Selected Topics in Applied Earth Observations and Remote Sensing},
  year={2023},
  publisher={IEEE}
}

@article{meng2023prior,
  title={Prior Knowledge-Guided Transformer for Remote Sensing Image Captioning},
  author={Meng, Lingwu and Wang, Jing and Yang, Yang and Xiao, Liang},
  journal={IEEE Transactions on Geoscience and Remote Sensing},
  year={2023},
  publisher={IEEE}
}

@article{yang2024bootstrapping,
  title={Bootstrapping interactive image-text alignment for remote sensing image captioning},
  author={Yang, Cong and Li, Zuchao and Zhang, Lefei},
  journal={IEEE Transactions on Geoscience and Remote Sensing},
  year={2024},
  publisher={IEEE}
}

@article{chang2023changes,
  title={Changes to captions: An attentive network for remote sensing change captioning},
  author={Chang, Shizhen and Ghamisi, Pedram},
  journal={IEEE Transactions on Image Processing},
  year={2023},
  publisher={IEEE}
}