@inproceedings{Attariyan:2008:UCD,
	Acmid = {1404037},
	Address = {Berkeley, CA, USA},
	Author = {Attariyan, Mona and Flinn, Jason},
	Booktitle = {USENIX 2008 Annual Technical Conference},
	Date-Added = {2019-04-27 22:02:12 +0000},
	Date-Modified = {2019-04-27 22:02:12 +0000},
	Location = {Boston, Massachusetts},
	Numpages = {6},
	Pages = {281--286},
	Publisher = {USENIX Association},
	Series = {ATC'08},
	Title = {Using Causality to Diagnose Configuration Bugs},
	Url = {http://dl.acm.org/citation.cfm?id=1404014.1404037},
	Year = {2008},
	Bdsk-Url-1 = {http://dl.acm.org/citation.cfm?id=1404014.1404037}}

@inproceedings{Attariyan:2010:ACT,
	Acmid = {1924960},
	Address = {Berkeley, CA, USA},
	Author = {Attariyan, Mona and Flinn, Jason},
	Booktitle = {Proceedings of the 9th USENIX Conference on Operating Systems Design and Implementation},
	Location = {Vancouver, BC, Canada},
	Numpages = {14},
	Pages = {237--250},
	Publisher = {USENIX Association},
	Series = {OSDI'10},
	Title = {Automating Configuration Troubleshooting with Dynamic Information Flow Analysis},
	Url = {http://dl.acm.org/citation.cfm?id=1924943.1924960},
	Year = {2010},
	Bdsk-Url-1 = {http://dl.acm.org/citation.cfm?id=1924943.1924960}}

@INPROCEEDINGS{Noguera2012,
  author={Noguera, Carlos and Kellens, Andy and De Roover, Coen and Jonckers, Viviane},
  booktitle={2012 28th IEEE International Conference on Software Maintenance (ICSM)}, 
  title={Refactoring in the presence of annotations}, 
  year={2012},
  volume={},
  number={},
  pages={337-346},
  keywords={Libraries;Databases;Java;Semantics;Engines;Conferences;Software maintenance;Refactoring;Annotations;Tool support},
  doi={10.1109/ICSM.2012.6405291}}

@INPROCEEDINGS{Nuryyev2022,
  author={Nuryyev, Batyr and Kumar Jha, Ajay and Nadi, Sarah and Chang, Yee-Kang and Jiang, Emily and Sundaresan, Vijay},
  booktitle={2022 IEEE International Conference on Software Maintenance and Evolution (ICSME)}, 
  title={Mining Annotation Usage Rules: A Case Study with MicroProfile}, 
  year={2022},
  volume={},
  number={},
  pages={553-562},
  keywords={Java;Software maintenance;Annotations;Microservice architectures;Documentation;Encoding;Behavioral sciences;pattern mining;API usages;annotation},
  doi={10.1109/ICSME55016.2022.00075}}

@inproceedings{Oh2021,
author = {Oh, Jeho and Y\i{}ld\i{}ran, Necip Faz\i{}l and Braha, Julian and Gazzillo, Paul},
title = {Finding broken Linux configuration specifications by statically analyzing the Kconfig language},
year = {2021},
isbn = {9781450385626},
publisher = {Association for Computing Machinery},
address = {New York, NY, USA},
url = {https://doi.org/10.1145/3468264.3468578},
doi = {10.1145/3468264.3468578},
booktitle = {Proceedings of the 29th ACM Joint Meeting on European Software Engineering Conference and Symposium on the Foundations of Software Engineering},
pages = {893â€“905},
numpages = {13},
keywords = {Kconfig, formal verification, software configuration, static analysis},
location = {Athens, Greece},
series = {ESEC/FSE 2021}
}

@inproceedings{Rabkin:2011:PPC,
	Acmid = {2190174},
	Address = {Washington, DC, USA},
	Author = {Rabkin, Ariel and Katz, Randy},
	Booktitle = {Proceedings of the 2011 26th IEEE/ACM International Conference on Automated Software Engineering},
	Date-Added = {2019-04-27 22:02:31 +0000},
	Date-Modified = {2019-04-27 22:02:31 +0000},
	Doi = {10.1109/ASE.2011.6100053},
	Isbn = {978-1-4577-1638-6},
	Numpages = {10},
	Pages = {193--202},
	Publisher = {IEEE Computer Society},
	Series = {ASE '11},
	Title = {Precomputing Possible Configuration Error Diagnoses},
	Url = {http://dx.doi.org/10.1109/ASE.2011.6100053},
	Year = {2011},
	Bdsk-Url-1 = {http://dx.doi.org/10.1109/ASE.2011.6100053}}

@inproceedings{Song12,
	author = {Song, Myoungkyu and Tilevich, Eli},
	booktitle = {Proceedings of the 34th International Conference on Software Engineering},
	isbn = {9781467310673},
	location = {Zurich, Switzerland},
	numpages = {11},
	pages = {694--704},
	publisher = {IEEE Press},
	series = {ICSE '12},
	title = {Metadata Invariants: Checking and Inferring Metadata Coding Conventions},
	year = {2012}}

@inproceedings{Weiss:2017:TIS,
	Acmid = {3155641},
	Address = {Piscataway, NJ, USA},
	Author = {Weiss, Aaron and Guha, Arjun and Brun, Yuriy},
	Booktitle = {Proceedings of the 32Nd IEEE/ACM International Conference on Automated Software Engineering},
	Isbn = {978-1-5386-2684-9},
	Keywords = {Puppet, System configuration repair, Tortoise, program repair},
	Location = {Urbana-Champaign, IL, USA},
	Numpages = {12},
	Pages = {625--636},
	Publisher = {IEEE Press},
	Series = {ASE 2017},
	Title = {Tortoise: Interactive System Configuration Repair},
	Url = {http://dl.acm.org/citation.cfm?id=3155562.3155641},
	Year = {2017},
	Bdsk-Url-1 = {http://dl.acm.org/citation.cfm?id=3155562.3155641}}

@inproceedings{Wen20,
	author = {Wen, Chengyuan and Zhang, Yaxuan and He, Xiao and Meng, Na},
	booktitle = {2020 35th IEEE/ACM International Conference on Automated Software Engineering (ASE)},
	pages = {672-683},
	title = {Inferring and Applying Def-Use Like Configuration Couplings in Deployment Descriptors},
	year = {2020}}

@article{Zhang2024,
author = {Zhang, Huaien and Pei, Yu and Liang, Shuyun and Tan, Shin Hwei},
title = {Understanding and Detecting Annotation-Induced Faults of Static Analyzers},
year = {2024},
issue_date = {July 2024},
publisher = {Association for Computing Machinery},
address = {New York, NY, USA},
volume = {1},
number = {FSE},
url = {https://doi.org/10.1145/3643759},
doi = {10.1145/3643759},
journal = {Proc. ACM Softw. Eng.},
month = {jul},
articleno = {33},
numpages = {23},
keywords = {annotation, empirical study, software testing, static analyzer}
}

@inproceedings{Zhang:2013:ADS,
	Acmid = {2486830},
	Address = {Piscataway, NJ, USA},
	Author = {Zhang, Sai and Ernst, Michael D.},
	Booktitle = {Proceedings of the 2013 International Conference on Software Engineering},
	Date-Added = {2019-04-27 22:02:39 +0000},
	Date-Modified = {2019-04-27 22:02:39 +0000},
	Isbn = {978-1-4673-3076-3},
	Location = {San Francisco, CA, USA},
	Numpages = {10},
	Pages = {312--321},
	Publisher = {IEEE Press},
	Series = {ICSE '13},
	Title = {Automated Diagnosis of Software Configuration Errors},
	Url = {http://dl.acm.org/citation.cfm?id=2486788.2486830},
	Year = {2013},
	Bdsk-Url-1 = {http://dl.acm.org/citation.cfm?id=2486788.2486830}}

@article{benzaken2003cduce,
	author = {Benzaken, V{\'e}ronique and Castagna, Giuseppe and Frisch, Alain},
	journal = {ACM SIGPLAN Notices},
	number = {9},
	pages = {51--63},
	publisher = {ACM New York, NY, USA},
	title = {CDuce: an XML-centric general-purpose language},
	volume = {38},
	year = {2003}}

@article{chamberlin2002xquery,
	author = {Chamberlin, Don},
	journal = {IBM systems journal},
	number = {4},
	pages = {597--615},
	publisher = {IBM},
	title = {XQuery: An XML query language},
	volume = {41},
	year = {2002}}

@article{darwin2009annabot,
	author = {Darwin, Ian},
	journal = {Advances in Software Engineering},
	publisher = {Hindawi},
	title = {Annabot: A static verifier for java annotation usage},
	volume = {2010},
	year = {2009}}

@inproceedings{eichberg2005using,
	author = {Eichberg, Michael and Sch{\"a}fer, Thorsten and Mezini, Mira},
	booktitle = {International Conference on Fundamental Approaches to Software Engineering},
	organization = {Springer},
	pages = {237--252},
	title = {Using annotations to check structural properties of classes},
	year = {2005}}

@article{hosoya2003xduce,
	author = {Hosoya, Haruo and Pierce, Benjamin C},
	journal = {ACM Transactions on Internet Technology (TOIT)},
	number = {2},
	pages = {117--148},
	publisher = {ACM New York, NY, USA},
	title = {XDuce: A statically typed XML processing language},
	volume = {3},
	year = {2003}}

@inproceedings{noguera2008annotation,
	author = {Noguera, Carlos and Duchien, Laurence},
	booktitle = {European Conference on Model Driven Architecture-Foundations and Applications},
	organization = {Springer},
	pages = {48--62},
	title = {Annotation framework validation using domain models},
	year = {2008}}

