@inproceedings{achiam2017constrained,
  title={Constrained policy optimization},
  author={Achiam, Joshua and Held, David and Tamar, Aviv and Abbeel, Pieter},
  booktitle={International conference on machine learning},
  pages={22--31},
  year={2017},
  organization={PMLR}
}

@article{albrecht2018autonomous,
  title={Autonomous agents modelling other agents: A comprehensive survey and open problems},
  author={Albrecht, Stefano V and Stone, Peter},
  journal={Artificial intelligence},
  volume={258},
  pages={66--95},
  year={2018},
  publisher={Elsevier}
}

@article{aloor2024cooperation,
  title={Cooperation and Fairness in Multi-Agent Reinforcement Learning},
  author={Aloor, Jasmine Jerry and Nayak, Siddharth Nagar and Dolan, Sydney and Balakrishnan, Hamsa},
  journal={Journal on Autonomous Transportation Systems},
  volume={2},
  number={2},
  pages={1--25},
  year={2024},
  publisher={ACM New York, NY}
}

@article{altman1999constrained,
  title={Constrained Markov decision processes},
  author={Altman, Eitan},
  journal={Stochastic modeling and applied probability},
  volume={7},
  year={1999}
}

@article{foerster2016learning,
  title={Learning to communicate with deep multi-agent reinforcement learning},
  author={Foerster, Jakob N and Assael, Yannis MF and de Freitas, Nando and Whiteson, Shimon},
  journal={Advances in neural information processing systems},
  volume={29},
  year={2016}
}

@inproceedings{foerster2018learning,
  title={Learning with opponent-learning awareness},
  author={Foerster, Jakob and Chen, Richard and Al-Shedivat, Maruan and Whiteson, Shimon and Abbeel, Pieter and Mordatch, Igor},
  booktitle={Proceedings of the 17th International Conference on Autonomous Agents and MultiAgent Systems},
  pages={122--130},
  year={2018}
}

@inproceedings{gupta2017cooperative,
  title={Cooperative multi-agent control using deep reinforcement learning},
  author={Gupta, Jayesh K and Egorov, Maxim and Kochenderfer, Mykel},
  booktitle={International Conference on Autonomous Agents and Multiagent Systems},
  pages={66--83},
  year={2017}
}

@article{hausknecht2015deep,
  title={Deep recurrent q-learning for partially observable mdps},
  author={Hausknecht, Matthew and Stone, Peter},
  journal={arXiv preprint arXiv:1507.06527},
  year={2015}
}

@article{hernandez2019survey,
  title={A survey on multi-agent reinforcement learning: Foundations, applications, and learning environments},
  author={Hernandez-Leal, Pablo and Kartal, Bilal and Taylor, Matthew E},
  journal={arXiv preprint arXiv:1908.03963},
  year={2019}
}

@techreport{imo2020,
  title={Reducing greenhouse gas emissions from ships},
  author={International Maritime Organization (IMO)},
  year={2020},
  institution={IMO},
  address={London, UK}
}

@inproceedings{lipton2004approximately,
  title={Approximately fair allocations of indivisible goods},
  author={Lipton, Richard J and Markakis, Evangelos and Mossel, Elchanan and Saberi, Amin},
  booktitle={Proceedings of the 5th ACM conference on Electronic commerce},
  pages={125--131},
  year={2004}
}

@article{lowe2017multi,
  title={Multi-agent actor-critic for mixed cooperative-competitive environments},
  author={Lowe, Ryan and Wu, Yi and Tamar, Aviv and Harb, Jean and Abbeel, Pieter and Mordatch, Igor},
  journal={Advances in neural information processing systems},
  volume={30},
  pages={6379--6390},
  year={2017}
}

@article{nash1950bargaining,
  title={The bargaining problem},
  author={Nash, John F},
  journal={Econometrica: Journal of the Econometric Society},
  pages={155--162},
  year={1950}
}

@inproceedings{oliehoek2008optimal,
  title={Optimal and approximate Q-value functions for decentralized POMDPs},
  author={Oliehoek, Frans A and Spaan, Matthijs TJ and Vlassis, Nikos},
  booktitle={Proceedings of the 2008 International Conference on Autonomous Agents and Multiagent Systems},
  volume={2},
  pages={1315--1322},
  year={2008}
}

@article{panait2005cooperative,
  title={Cooperative multi-agent learning: The state of the art},
  author={Panait, Liviu and Luke, Sean},
  journal={Autonomous agents and multi-agent systems},
  volume={11},
  number={3},
  pages={387--434},
  year={2005},
  publisher={Springer}
}

@book{rawls1971theory,
  title={A Theory of Justice},
  author={Rawls, John},
  year={1971},
  publisher={Harvard University Press}
}

@article{shou2022multi,
  title={Multi-agent reinforcement learning for Markov routing games: A new modeling paradigm for dynamic traffic assignment},
  author={Shou, Zhenyu and Chen, Xu and Fu, Yongjie and Di, Xuan},
  journal={Transportation Research Part C: Emerging Technologies},
  volume={137},
  pages={103560},
  year={2022},
  publisher={Elsevier}
}

@article{silver2017mastering,
  title={Mastering chess and shogi by self-play with a general reinforcement learning algorithm},
  author={Silver, David and Schrittwieser, Julian and Simonyan, Karen and Antonoglou, Ioannis and Huang, Aja and Guez, Arthur and Hubert, Thomas and Baker, Lucas and Lai, Matthew and Bolton, Adrian and others},
  journal={arXiv preprint arXiv:1712.01815},
  year={2017}
}

@inproceedings{sukhbaatar2016learning,
  title={Learning multiagent communication with backpropagation},
  author={Sukhbaatar, Sainbayar and Szlam, Arthur and Fergus, Rob},
  booktitle={Advances in neural information processing systems},
  volume={29},
  year={2016}
}

@article{zhang2021multi,
  title={Multi-agent reinforcement learning: A selective overview of theories and algorithms},
  author={Zhang, Kaiqing and Yang, Zhuoran and Ba{\c{s}}ar, Tamer},
  journal={Handbook of reinforcement learning and control},
  pages={321--384},
  year={2021},
  publisher={Springer}
}

