@article{agrawal2019differentiable,
  title={Differentiable convex optimization layers},
  author={Agrawal, Akshay and Amos, Brandon and Barratt, Shane and Boyd, Stephen and Diamond, Steven and Kolter, J Zico},
  journal={Advances in neural information processing systems},
  volume={32},
  year={2019}
}

@inproceedings{bae2023deep,
  title={Deep Value Function Networks for Large-scale Multistage Stochastic Programs},
  author={Bae, Hyunglip and Lee, Jinkyu and Kim, Woo Chang and Lee, Yongjae},
  booktitle={International Conference on Artificial Intelligence and Statistics},
  pages={11267--11287},
  year={2023},
  organization={PMLR}
}

@article{ban2019dynamic,
  title={Dynamic procurement of new products with covariate information: The residual tree method},
  author={Ban, Gah-Yi and Gallien, J{\'e}r{\'e}mie and Mersereau, Adam J},
  journal={Manufacturing \& Service Operations Management},
  volume={21},
  number={4},
  pages={798--815},
  year={2019},
  publisher={INFORMS},
  doi = {https://doi.org/10.1287/msom.2018.0725}
}

@inproceedings{bengio2020learning,
  title={A learning-based algorithm to quickly compute good primal solutions for stochastic integer programs},
  author={Bengio, Yoshua and Frejinger, Emma and Lodi, Andrea and Patel, Rahul and Sankaranarayanan, Sriram},
  booktitle={Integration of Constraint Programming, Artificial Intelligence, and Operations Research: 17th International Conference, CPAIOR 2020, Vienna, Austria, September 21--24, 2020, Proceedings 17},
  pages={99--111},
  year={2020},
  organization={Springer},
  doi = {https://doi.org/10.1007/978-3-030-58942-4_7}
}

@article{bertsimas2020predictive,
  title={From predictive to prescriptive analytics},
  author={Bertsimas, Dimitris and Kallus, Nathan},
  journal={Management Science},
  volume={66},
  number={3},
  pages={1025--1044},
  year={2020},
  publisher={INFORMS},
  doi = {https://doi.org/10.1287/mnsc.2018.3253}
}

@article{bertsimas2023optimization,
  title={Optimization-based scenario reduction for data-driven two-stage stochastic optimization},
  author={Bertsimas, Dimitris and Mundru, Nishanth},
  journal={Operations Research},
  volume={71},
  number={4},
  pages={1343--1361},
  year={2023},
  publisher={INFORMS},
  doi = {https://doi.org/10.1287/opre.2022.2265}
}

@article{dupavcova2003scenario,
  title={Scenario reduction in stochastic programming},
  author={Dupa{\v{c}}ov{\'a}, Jitka and Gr{\"o}we-Kuska, Nicole and R{\"o}misch, Werner},
  journal={Mathematical programming},
  volume={95},
  pages={493--511},
  year={2003},
  publisher={Springer},
  doi = {https://doi.org/10.1007/s10107-002-0331-0}
}

@article{elmachtoub2021smart,
  title={Smart “predict, then optimize”},
  author={Elmachtoub, Adam N and Grigas, Paul},
  journal={Management Science},
  year={2021},
  publisher={INFORMS},
  doi = {https://doi.org/10.1287/mnsc.2020.3922}
}

@article{estes2023smart,
  title={Smart predict-then-optimize for two-stage linear programs with side information},
  author={Estes, Alexander S and Richard, Jean-Philippe P},
  journal={INFORMS Journal on Optimization},
  volume={5},
  number={3},
  pages={295--320},
  year={2023},
  publisher={INFORMS},
  doi = {https://doi.org/10.1287/ijoo.2023.0088}
}

@article{fairbrother2022tail,
  title={Problem-driven scenario generation: an analytical approach for stochastic programs with tail risk measure},
  author={Fairbrother, Jamie and Turner, Amanda and Wallace, Stein W},
  journal={Mathematical Programming},
  pages={1--42},
  year={2022},
  publisher={Springer},
  doi = {https://doi.org/10.1007/s10107-019-01451-7}
}

@article{grigas2021integrated,
  title={Integrated conditional estimation-optimization},
  author={Grigas, Paul and Qi, Meng and others},
  journal={arXiv preprint arXiv:2110.12351},
  year={2021},
  doi = {https://doi.org/10.48550/arXiv.2110.12351
}
}

@article{hoyland2003heuristic,
  title={A heuristic for moment-matching scenario generation},
  author={H{\o}yland, Kjetil and Kaut, Michal and Wallace, Stein W},
  journal={Computational optimization and applications},
  volume={24},
  pages={169--185},
  year={2003},
  publisher={Springer},
  doi = {https://doi.org/10.1023/A:1021853807313}
}

@book{king2012modeling,
  title={Modeling with stochastic programming},
  author={King, Alan J and Wallace, Stein W},
  year={2012},
  publisher={Springer},
  address={New York, NY},
  doi = {https://doi.org/10.1007/978-0-387-87817-1}
}

@article{lee2023value,
  title={Value function gradient learning for large-scale multistage stochastic programming problems},
  author={Lee, Jinkyu and Bae, Sanghyeon and Kim, Woo Chang and Lee, Yongjae},
  journal={European Journal of Operational Research},
  volume={308},
  number={1},
  pages={321--335},
  year={2023},
  publisher={Elsevier},
  doi = {https://doi.org/10.1016/j.ejor.2022.10.011}
}

@article{narum2024problem,
  title={Problem-based scenario generation by decomposing output distributions},
  author={Narum, Benjamin S and Fairbrother, Jamie and Wallace, Stein W},
  journal={European Journal of Operational Research},
  volume={318},
  number={1},
  pages={154--166},
  year={2024},
  publisher={Elsevier},
  doi = {https://doi.org/10.1016/j.ejor.2024.04.006}
}

@article{patel2022neur2sp,
  title={Neur2SP: Neural Two-Stage Stochastic Programming},
  author={Patel, Rahul Mihir and Dumouchelle, Justin and Khalil, Elias and Bodur, Merve},
  journal={Advances in Neural Information Processing Systems},
  volume={35},
  pages={23992--24005},
  year={2022}
}

@article{sadana2024survey,
  title={A survey of contextual optimization methods for decision-making under uncertainty},
  author={Sadana, Utsav and Chenreddy, Abhilash and Delage, Erick and Forel, Alexandre and Frejinger, Emma and Vidal, Thibaut},
  journal={European Journal of Operational Research},
  year={2024},
  publisher={Elsevier},
  doi = {https://doi.org/10.1016/j.ejor.2024.03.020}
}

@inproceedings{wu2022learning,
  title={Learning scenario representation for solving two-stage stochastic integer programs},
  author={Wu, Yaoxin and Song, Wen and Cao, Zhiguang and Zhang, Jie},
  year={2022},
  organization={International Conference on Learning Representations, ICLR}
}

@article{yilmaz2023deep,
  title={A deep reinforcement learning framework for solving two-stage stochastic programs},
  author={Yilmaz, Dogacan and B{\"u}y{\"u}ktahtak{\i}n, {\.I} Esra},
  journal={Optimization Letters},
  pages={1--28},
  year={2023},
  publisher={Springer},
  doi = {https://doi.org/10.1007/s11590-023-02009-5}
}

@article{zharmagambetov2023landscape,
  title={Landscape surrogate: Learning decision losses for mathematical optimization under partial information},
  author={Zharmagambetov, Arman and Amos, Brandon and Ferber, Aaron and Huang, Taoan and Dilkina, Bistra and Tian, Yuandong},
  journal={Advances in Neural Information Processing Systems},
  volume={36},
  year={2024}
}

