@article{donti2017task,
  title={Task-based end-to-end model learning in stochastic optimization},
  author={Donti, Priya L and Amos, Brandon and Kolter, J Zico},
  journal={arXiv preprint arXiv:1703.04529},
  year={2017}
}

@article{chen2019task,
  title={Task-Based Learning via Task-Oriented Prediction Network with Applications in Finance},
  author={Chen, Di and Zhu, Yada and Cui, Xiaodong and Gomes, Carla P},
  journal={arXiv preprint arXiv:1910.09357},
  year={2019}
}

@article{sadana2024survey,
  title={A survey of contextual optimization methods for decision-making under uncertainty},
  author={Sadana, Utsav and Chenreddy, Abhilash and Delage, Erick and Forel, Alexandre and Frejinger, Emma and Vidal, Thibaut},
  journal={European Journal of Operational Research},
  year={2024},
  publisher={Elsevier},
  doi = {https://doi.org/10.1016/j.ejor.2024.03.020}
}

@article{zaheer2017deep,
  title={Deep sets},
  author={Zaheer, Manzil and Kottur, Satwik and Ravanbakhsh, Siamak and Poczos, Barnabas and Salakhutdinov, Russ R and Smola, Alexander J},
  journal={Advances in neural information processing systems},
  volume={30},
  year={2017}
}

@article{estes2023smart,
  title={Smart predict-then-optimize for two-stage linear programs with side information},
  author={Estes, Alexander S and Richard, Jean-Philippe P},
  journal={INFORMS Journal on Optimization},
  volume={5},
  number={3},
  pages={295--320},
  year={2023},
  publisher={INFORMS},
  doi = {https://doi.org/10.1287/ijoo.2023.0088}
}

@article{leung,
author = {Tze Leung Lai and Haipeng Xing and Zehao Chen},
title = {{Mean–variance portfolio optimization when means and covariances are unknown}},
volume = {5},
journal = {The Annals of Applied Statistics},
number = {2A},
publisher = {Institute of Mathematical Statistics},
pages = {798 -- 823},
keywords = {efficient frontier, Empirical Bayes, Markowitz’s portfolio theory, stochastic optimization},
year = {2011}
}

@techreport{NBERw8922,
 title = "Risk Reduction in Large Portfolios: Why Imposing the Wrong Constraints Helps",
 author = "Jagannathan, Ravi and Ma, Tongshu",
 institution = "National Bureau of Economic Research",
 type = "Working Paper",
 series = "Working Paper Series",
 number = "8922",
 year = "2002",
 month = 05
}

@book{mansini,
author = {Mansini, Renata and Ogryczak, W. and Speranza, M.Grazia},
year = {2015},
month = {01},
pages = {1-119},
title = {Linear and Mixed Integer Programming for Portfolio Optimization},
isbn = {978-3-319-18481-4},
journal = {Linear and Mixed Integer Programming for Portfolio Optimization}
}

@article{sirignano2016large,
  title={Large-scale loan portfolio selection},
  author={Sirignano, Justin A and Tsoukalas, Gerry and Giesecke, Kay},
  journal={Operations Research},
  volume={64},
  number={6},
  pages={1239--1255},
  year={2016},
  publisher={INFORMS}
}

@article{butler2021integrating,
  title={Integrating prediction in mean-variance portfolio optimization},
  author={Butler, Andrew and Kwon, Roy},
  journal={Available at SSRN 3788875},
  year={2021}
}

@article{bucay2001applying,
  title={Applying portfolio credit risk models to retail portfolios},
  author={Bucay, Nisso and Rosen, Dan},
  journal={The Journal of Risk Finance},
  year={2001},
  publisher={MCB UP Ltd}
}

@article{elmachtoub2021smart,
  title={Smart “predict, then optimize”},
  author={Elmachtoub, Adam N and Grigas, Paul},
  journal={Management Science},
  year={2021},
  publisher={INFORMS},
  doi = {https://doi.org/10.1287/mnsc.2020.3922}
}

@article{markowitz,
 ISSN = {00221082, 15406261},
 author = {Harry Markowitz},
 journal = {The Journal of Finance},
 number = {1},
 pages = {77--91},
 publisher = {[American Finance Association, Wiley]},
 title = {Portfolio Selection},
 volume = {7},
 year = {1952}
}

@article{gordy,
title = {A comparative anatomy of credit risk models},
journal = {Journal of Banking \& Finance},
volume = {24},
number = {1},
pages = {119-149},
year = {2000},
author = {Michael B. Gordy},
keywords = {Credit risk, Comparative analysis, Financial products},
}

@article{hong2014estimating,
  title={Estimating sensitivities of portfolio credit risk using Monte Carlo},
  author={Hong, L Jeff and Juneja, Sandeep and Luo, Jun},
  journal={INFORMS Journal on Computing},
  volume={26},
  number={4},
  pages={848--865},
  year={2014},
  publisher={INFORMS}
}

@article{saunders2007credit,
  title={Credit risk optimization using factor models},
  author={Saunders, David and Xiouros, Costas and Zenios, Stavros A},
  journal={Annals of Operations Research},
  volume={152},
  number={1},
  pages={49--77},
  year={2007},
  publisher={Springer}
}

@article{iscoe2012portfolio,
  title={Portfolio credit-risk optimization},
  author={Iscoe, Ian and Kreinin, Alexander and Mausser, Helmut and Romanko, Oleksandr},
  journal={Journal of Banking \& Finance},
  volume={36},
  number={6},
  pages={1604--1615},
  year={2012},
  publisher={Elsevier}
}

@article{mausser2000efficient,
  title={Efficient risk/return frontiers for credit risk},
  author={Mausser, Helmut and Rosen, Dan},
  journal={The Journal of Risk Finance},
  year={2000},
  publisher={MCB UP Ltd}
}

@article{mausser1999applying,
  title={Applying scenario optimization to portfolio credit risk},
  author={Mausser, Helmut and Rosen, Dan}
}

@article{mencia,
title = {Assessing the risk-return trade-off in loan portfolios},
journal = {Journal of Banking \& Finance},
volume = {36},
number = {6},
pages = {1665-1677},
year = {2012},
author = {Javier Mencía}
}

@article{rosen1,
author = {Iscoe, Ian and Kreinin, Alexander and Rosen, Dan},
year = {1999},
month = {01},
pages = {},
title = {An Integrated Market and Credit Risk Portfolio Model},
volume = {2},
journal = {Algo Research Quarterly}
}

@article{rosen2,
author = {Bucay, Nisso and Rosen, Dan},
year = {2001},
month = {12},
pages = {35-61},
title = {Applying Portfolio Credit Risk Models to Retail Portfolios},
volume = {2},
journal = {Journal of Risk Finance, The}
}

@article{sirignano2019risk,
  title={Risk analysis for large pools of loans},
  author={Sirignano, Justin and Giesecke, Kay},
  journal={Management Science},
  volume={65},
  number={1},
  pages={107--121},
  year={2019},
  publisher={INFORMS}
}

@article{chenprobit,
author = {Chen, Di and Xue, Yexiang and Gomes, Carla},
year = {2018},
month = {03},
pages = {},
title = {End-to-End Learning for the Deep Multivariate Probit Model}
}

@article{michaud2007estimation,
  title={Estimation error and portfolio optimization: a resampling solution},
  author={Michaud, Richard O and Michaud, Robert},
  journal={Available at SSRN 2658657},
  year={2007}
}

@article{kwon-costa,
  title={Risk parity portfolio optimization under a Markov regime-switching framework},
  author={Costa, Giorgio and Kwon, Roy H},
  journal={Quantitative Finance},
  volume={19},
  number={3},
  pages={453--471},
  year={2019},
  publisher={Taylor \& Francis}
}

@article{kwon-anis,
  title={Cardinality Constrained Risk Parity Portfolios},
  author={Anis, Hassan and Kwon, Roy},
  journal={Available at SSRN 3805592},
  year={2020}
}

@article{blanchet2018distributionally,
  title={Distributionally robust mean-variance portfolio selection with Wasserstein distances},
  author={Blanchet, Jose and Chen, Lin and Zhou, Xun Yu},
  journal={arXiv preprint arXiv:1802.04885},
  year={2018}
}


@article{carrasco2011optimal,
  title={Optimal portfolio selection using regularization},
  author={Carrasco, Marine and Noumon, N{\'e}r{\'e}e},
  journal={Citeseer, Tech. Rep.},
  year={2011},
  publisher={Citeseer}
}

@misc{tillmann2021cardinality,
      title={Cardinality Minimization, Constraints, and Regularization: A Survey}, 
      author={Andreas M. Tillmann and Daniel Bienstock and Andrea Lodi and Alexandra Schwartz},
      year={2021},
      eprint={2106.09606},
      archivePrefix={arXiv},
      primaryClass={math.OC}
}

@article{chang2000heuristics,
  title={Heuristics for cardinality constrained portfolio optimisation},
  author={Chang, T-J and Meade, Nigel and Beasley, John E and Sharaiha, Yazid M},
  journal={Computers \& Operations Research},
  volume={27},
  number={13},
  pages={1271--1302},
  year={2000},
  publisher={Elsevier}
}

@article{shaw2008lagrangian,
  title={Lagrangian relaxation procedure for cardinality-constrained portfolio optimization},
  author={Shaw, Dong X and Liu, Shucheng and Kopman, Leonid},
  journal={Optimisation Methods \& Software},
  volume={23},
  number={3},
  pages={411--420},
  year={2008},
  publisher={Taylor \& Francis}
}

@inproceedings{fan2001stock,
  title={Stock selection using support vector machines},
  author={Fan, Alan and Palaniswami, Marimuthu},
  booktitle={IJCNN'01. International Joint Conference on Neural Networks. Proceedings (Cat. No. 01CH37222)},
  volume={3},
  pages={1793--1798},
  year={2001},
  organization={IEEE}
}

@article{paiva2019decision,
  title={Decision-making for financial trading: A fusion approach of machine learning and portfolio selection},
  author={Paiva, Felipe Dias and Cardoso, Rodrigo Tom{\'a}s Nogueira and Hanaoka, Gustavo Peixoto and Duarte, Wendel Moreira},
  journal={Expert Systems with Applications},
  volume={115},
  pages={635--655},
  year={2019},
  publisher={Elsevier}
}

@book{friedman2017elements,
  title={The elements of statistical learning: Data mining, inference, and prediction},
  author={Friedman, Jerome H},
  year={2017},
  publisher={springer open}
}

@article{menon2009large,
  title={Large-scale support vector machines: algorithms and theory},
  author={Menon, Aditya Krishna},
  journal={Research Exam, University of California, San Diego},
  volume={117},
  year={2009}
}


@article{agrawal2019differentiable,
  title={Differentiable convex optimization layers},
  author={Agrawal, Akshay and Amos, Brandon and Barratt, Shane and Boyd, Stephen and Diamond, Steven and Kolter, J Zico},
  journal={Advances in neural information processing systems},
  volume={32},
  year={2019}
}

@incollection{rigollet,
  author      = "Philippe Rigollet",
  title       = "Lecture 8: Convexification",
  booktitle   = "18.657 Mathematics of Machine Learning",
  year        = 2015,
  organization= "Massachusetts Institute of Technology",
  address     = "Cambridge~MA",
  note        = "{MIT OpenCourseWare}",
  url         = "hhttps://ocw.mit.edu/courses/mathematics/18-657-mathematics-of-machine-learning-fall-2015/index.htm",
}

@inproceedings{
paulus2020fit,
title={Fit The Right {\{}NP{\}}-Hard Problem: End-to-end Learning of Integer Programming Constraints},
author={Anselm Paulus and Michal Rolinek and V{\'\i}t Musil and Brandon Amos and Georg Martius},
booktitle={Learning Meets Combinatorial Algorithms at NeurIPS2020},
year={2020},
url={https://openreview.net/forum?id=-3qCWheZhxU}
}


@article{Costa2020AnAM,
  title={An Alternating Method for Cardinality-Constrained Optimization: A Computational Study for the Best Subset Selection and Sparse Portfolio Problems},
  author={Moreira Costa, Carina and Kreber, Dennis and Schmidt, Martin},
  journal={INFORMS Journal on Computing},
  year={2022},
  publisher={INFORMS}
}


@Article{behr,
  author={Behr, Patrick and Guettler, Andre and Miebs, Felix},
  title={{On portfolio optimization: Imposing the right constraints}},
  journal={Journal of Banking \& Finance},
  year=2013,
  volume={37},
  number={4},
  pages={1232-1242},
  month={},
  keywords={Portfolio optimization; Shrinkage; Mean squared error; Bootstrap}
}








@article{nadal,
author = {Olivares-Nadal, Alba V. and DeMiguel, Victor},
title = {Technical Note—A Robust Perspective on Transaction Costs in Portfolio Optimization},
journal = {Operations Research},
volume = {66},
number = {3},
pages = {733-739},
year = {2018}
}


@article {Black7,
	author = {Black, Fischer and Litterman, Robert B},
	title = {Asset Allocation},
	volume = {1},
	number = {2},
	pages = {7--18},
	year = {1991},
	publisher = {Institutional Investor Journals Umbrella},
	issn = {1059-8596},
	journal = {The Journal of Fixed Income}
}

@article {Clarke10,
	author = {Clarke, Roger G. and de Silva, Harindra and Murdock, Robert},
	title = {A Factor Approach to Asset Allocation},
	volume = {32},
	number = {1},
	pages = {10--21},
	year = {2005},
	publisher = {Institutional Investor Journals Umbrella},
	issn = {0095-4918},
	journal = {The Journal of Portfolio Management}
}


@book{pedersen,
 ISBN = {9780691196091},
 URL = {http://www.jstor.org/stable/j.ctt1287knh},
 author = {Lasse Heje Pedersen},
 publisher = {Princeton University Press},
 title = {Efficiently Inefficient: How Smart Money Invests and Market Prices Are Determined},
 year = {2015}
}

@article{bienstock,
author = {Bienstock, Daniel},
year = {1999},
month = {09},
pages = {},
title = {A Computational Study of a Family of Mixed-Integer Quadratic Programming Problems},
volume = {74},
isbn = {978-3-540-59408-6},
journal = {Mathematical Programming, Series B}
}

@misc{bertsimas2021scalable,
      title={A Scalable Algorithm For Sparse Portfolio Selection}, 
      author={Dimitris Bertsimas and Ryan Cory-Wright},
      year={2021},
      eprint={1811.00138},
      archivePrefix={arXiv},
      primaryClass={math.OC}
}


@article{wu,
author = {Wu, Lan and Yang, Yuehan},
year = {2014},
month = {01},
pages = {541-552},
title = {Nonnegative Elastic Net and application in index tracking},
volume = {227},
journal = {Applied Mathematics and Computation}
}


@article{Bixby2012ABH,
  title={A brief history of linear and mixed-integer programming computation},
  author={Bixby, Robert E},
  journal={Documenta Mathematica},
  volume={2012},
  pages={107--121},
  year={2012}
}

@misc{geißler2017penalty,
      title={Penalty Alternating Direction Methods for Mixed-Integer Optimization: A New View on Feasibility Pumps}, 
      author={Björn Geißler and Antonio Morsi and Lars Schewe and Martin Schmidt},
      year={2017},
      eprint={1707.09891},
      archivePrefix={arXiv},
      primaryClass={math.OC}
}

@article{kannan2022data,
  title={Data-driven sample average approximation with covariate information},
  author={Kannan, Rohit and Bayraksan, G{\"u}zin and Luedtke, James R},
  journal={arXiv preprint arXiv:2207.13554},
  year={2022}
}

@article{bertsimas2020predictive,
  title={From predictive to prescriptive analytics},
  author={Bertsimas, Dimitris and Kallus, Nathan},
  journal={Management Science},
  volume={66},
  number={3},
  pages={1025--1044},
  year={2020},
  publisher={INFORMS},
  doi = {https://doi.org/10.1287/mnsc.2018.3253}
}

@article{Yoshihiro,
author = {Kanno, Yoshihiro and Kitayama, Satoshi},
year = {2018},
month = {04},
pages = {},
title = {Alternating direction method of multipliers as a simple effective heuristic for mixed-integer nonlinear optimization},
volume = {58},
journal = {Structural and Multidisciplinary Optimization}
}

@article{geißler1,
author = {Geißler, Björn and Morsi, Antonio and Schewe, Lars and Schmidt, Martin},
year = {2018},
month = {05},
pages = {309-323},
title = {Solving Highly Detailed Gas Transport MINLPs: Block Separability and Penalty Alternating Direction Methods},
volume = {30},
journal = {INFORMS Journal on Computing}
}

@article{schmidt1,
author = {Schewe, Lars and Schmidt, Martin and Weninger, Dieter},
year = {2020},
month = {03},
pages = {},
title = {A decomposition heuristic for mixed-integer supply chain problems},
volume = {48},
journal = {Operations Research Letters}
}

@article{burgard2015decomposition,
  title={Decomposition Methods for Robustified k-Means Clustering Problems: If Less Conservative Does Not Mean Less Bad},
  journal = {Annals of Operations Research},
  year = {2022},
  month = {06},
  author={Burgard, Jan Pablo and Costa, Carina Moreira and Schmidt, Martin}
}

@article{schmidt2,
author = {Kleinert, Thomas and Schmidt, Martin},
year = {2020},
month = {06},
pages = {},
title = {Computing Feasible Points of Bilevel Problems with a Penalty Alternating Direction Method},
volume = {33},
journal = {INFORMS Journal on Computing}
}

@article{goettlich,
author = {Goettlich, Simone and Hante, Falk and Potschka, Andreas and Schewe, Lars},
year = {2021},
month = {05},
pages = {},
title = {Penalty alternating direction methods for mixed-integer optimal control with combinatorial constraints},
volume = {188},
journal = {Mathematical Programming}
}

@article{geissler2015solving,
  title={Solving power-constrained gas transportation problems using an MIP-based alternating direction method},
  author={Gei{\ss}ler, Bj{\"o}rn and Morsi, Antonio and Schewe, Lars and Schmidt, Martin},
  journal={Computers \& Chemical Engineering},
  volume={82},
  pages={303--317},
  year={2015},
  publisher={Elsevier}
}

@article{Yu,  author={Yu, Xianxiang and Cui, Guolong and Yang, Jing and Li, Jian and Kong, Lingjiang},  journal={IEEE Transactions on Signal Processing},   title={Quadratic Optimization for Unimodular Sequence Design via an ADPM Framework},   year={2020},  volume={68},  number={},  pages={3619-3634}}

@article{schewe2020decomposition,
  title={A decomposition heuristic for mixed-integer supply chain problems},
  author={Schewe, Lars and Schmidt, Martin and Weninger, Dieter},
  journal={Operations Research Letters},
  volume={48},
  number={3},
  pages={225--232},
  year={2020},
  publisher={Elsevier}
}

@misc{wrds,
  author = {Wharton Research Data Services, WRDS},
  title = {Fundamentals Quarterly Compustat - Capital IQ from Standard Poor’s},
  year = {2021},
  url = {https://wrds-www.wharton.upenn.edu/}
}

@misc{yfinance,
  author = {Ran Aroussi},
  publisher = {Python Software Foundation},
  title = {yfinance},
  year = {2021},
  url = {https://pypi.org/project/yfinance/}
}

@misc{gurobi_guide,
  author = {Gurobi Optimization, LLC},
  publisher = {Gurobi Optimization, LLC},
  title = {GUROBI OPTIMIZER
REFERENCE MANUAL},
  year = {2020},
  url = {https://www.gurobi.com/wp-content/plugins/hd_documentations/documentation/9.0/refman.pdf
}}

@misc{symbols,
  author = "{Wikipedia contributors}",
  title = {List of S\&P 500 Companies},
  year = {2020},
  url = {https://en.wikipedia.org/wiki/List_of_S\&P_500_companies},
  urldate = {2020-04-05}
}

@article{scikit-learn,
 title={Scikit-learn: Machine Learning in {P}ython},
 author={Pedregosa, F. and Varoquaux, G. and Gramfort, A. and Michel, V.
         and Thirion, B. and Grisel, O. and Blondel, M. and Prettenhofer, P.
         and Weiss, R. and Dubourg, V. and Vanderplas, J. and Passos, A. and
         Cournapeau, D. and Brucher, M. and Perrot, M. and Duchesnay, E.},
 journal={Journal of Machine Learning Research},
 volume={12},
 pages={2825--2830},
 year={2011}
}

@article{meucci,
author = {Meucci, Attilio},
year = {2010},
month = {05},
pages = {},
title = {Quant Nugget 2: Linear vs. Compounded Returns – Common Pitfalls in Portfolio Management},
journal = {GARP Risk Professional}
}

@article{pafka,
author = {Pafka, Szilard and Potters, Marc and Kondor, Imre},
year = {2004},
month = {02},
pages = {},
title = {Exponential Weighting and Random-Matrix-Theory-Based Filtering of Financial Covariance Matrices for Portfolio Optimization},
journal = {arXiv.org, Quantitative Finance Papers}
}

@article{longerstaey1996riskmetricstm,
  title={Riskmetricstm—technical document},
  author={Longerstaey, Jacques and Spencer, Martin},
  journal={Morgan Guaranty Trust Company of New York: New York},
  volume={51},
  pages={54},
  year={1996}
}

@article{tarmast2001multivariate,
  title={Multivariate log-normal distribution},
  author={Tarmast, Ghasem},
  journal={International Statistical Institute: Seoul 53rd Session},
  volume={210},
  year={2001}
}

@article{iyengar,
author = {Goldfarb, Donald and Iyengar, Garud},
year = {2003},
month = {02},
pages = {1-38},
title = {Robust Portfolio Selection Problems},
volume = {28},
journal = {Math. Oper. Res.},
doi = {10.1287/moor.28.1.1.14260}
}

@article{dolan2002benchmarking,
  title={Benchmarking optimization software with performance profiles},
  author={Dolan, Elizabeth D and Mor{\'e}, Jorge J},
  journal={Mathematical programming},
  volume={91},
  number={2},
  pages={201--213},
  year={2002},
  publisher={Springer}
}

@article{jinho,
author = {Bae, Jinho and Kim, Chang-Jin and Nelson, Charles},
year = {2007},
month = {01},
pages = {41-58},
title = {Why are stock returns and volatility negatively correlated?},
volume = {14},
journal = {Journal of Empirical Finance},
doi = {10.1016/j.jempfin.2006.04.005}
}

@article{sloan,
author = {Dechow, Patricia and Hutton, Amy and Meulbroek, Lisa and Sloan, Richard},
year = {2001},
month = {07},
pages = {77-106},
title = {Short Sellers, Fundamental Analysis and Stock Returns},
volume = {61},
journal = {Journal of Financial Economics},
doi = {10.1016/S0304-405X(01)00056-3}
}

@article{kewei,
author = {Hou, Kewei and Karolyi, George and Kho, Bong-Chan},
year = {2006},
month = {01},
pages = {},
title = {What Factors Drive Global Stock Returns?},
volume = {24},
journal = {Ohio State University, Charles A. Dice Center for Research in Financial Economics, Working Paper Series},
doi = {10.2139/ssrn.908345}
}

@article{ho2015weighted,
  title={Weighted elastic net penalized mean-variance portfolio design and computation},
  author={Ho, Michael and Sun, Zheng and Xin, Jack},
  journal={SIAM Journal on Financial Mathematics},
  volume={6},
  number={1},
  pages={1220--1244},
  year={2015},
  publisher={SIAM}
}

@article{cho2008variance,
  title={Variance of sample variance},
  author={Cho, Eungchum and Cho, Moon Jung},
  journal={Section on Survey Research Methods--JSM},
  volume={2},
  pages={1291--1293},
  year={2008}
}

@article{vlastelica2019differentiation,
  title={Differentiation of blackbox combinatorial solvers},
  author={Vlastelica, Marin and Paulus, Anselm and Musil, V{\i}t and Martius, Georg and Rol{\i}nek, Michal},
  journal={arXiv preprint arXiv:1912.02175},
  year={2019}
}

@inproceedings{ferber2020mipaal,
  title={Mipaal: Mixed integer program as a layer},
  author={Ferber, Aaron and Wilder, Bryan and Dilkina, Bistra and Tambe, Milind},
  booktitle={Proceedings of the AAAI Conference on Artificial Intelligence},
  volume={34},
  number={02},
  pages={1504--1511},
  year={2020}
}

@inproceedings{mandi2020smart,
  title={Smart predict-and-optimize for hard combinatorial optimization problems},
  author={Mandi, Jayanta and Stuckey, Peter J and Guns, Tias and others},
  booktitle={Proceedings of the AAAI Conference on Artificial Intelligence},
  volume={34},
  number={02},
  pages={1603--1610},
  year={2020}
}


@article{diamond2018general,
  title={A general system for heuristic minimization of convex functions over non-convex sets},
  author={Diamond, Steven and Takapoui, Reza and Boyd, Stephen},
  journal={Optimization Methods and Software},
  volume={33},
  number={1},
  pages={165--193},
  year={2018},
  publisher={Taylor \& Francis}
}

@article{blanco2022mathematical,
  title={A mathematical programming approach to SVM-based classification with label noise},
  author={Blanco, V{\'\i}ctor and Jap{\'o}n, Alberto and Puerto, Justo},
  journal={Computers \& Industrial Engineering},
  volume={172},
  pages={108611},
  year={2022},
  publisher={Elsevier}
}

@book{delta_method,
 ISBN = {9780691043012},
 URL = {http://www.jstor.org/stable/j.ctt7skm5},
 abstract = { The past twenty years have seen an extraordinary growth in the use of quantitative methods in financial markets. Finance professionals now routinely use sophisticated statistical techniques in portfolio management, proprietary trading, risk management, financial consulting, and securities regulation. This graduate-level textbook is intended for PhD students, advanced MBA students, and industry professionals interested in the econometrics of financial modeling. The book covers the entire spectrum of empirical finance, including: the predictability of asset returns, tests of the Random Walk Hypothesis, the microstructure of securities markets, event analysis, the Capital Asset Pricing Model and the Arbitrage Pricing Theory, the term structure of interest rates, dynamic models of economic equilibrium, and nonlinear financial models such as ARCH, neural networks, statistical fractals, and chaos theory.  Each chapter develops statistical techniques within the context of a particular financial application. This exciting new text contains a unique and accessible combination of theory and practice, bringing state-of-the-art statistical techniques to the forefront of financial applications. Each chapter also includes a discussion of recent empirical evidence, for example, the rejection of the Random Walk Hypothesis, as well as problems designed to help readers incorporate what they have read into their own applications.},
 author = {John Y. Campbell and Andrew W. Lo and A.Craig MacKinlay},
 publisher = {Princeton University Press},
 title = {The Econometrics of Financial Markets},
 urldate = {2022-10-24},
 year = {1997}
}

@book{Damodaran2004InvestmentFE,
  title={Investment fables: Exposing the myths of" Can't Miss" investment strategies},
  author={Damodaran, Aswath},
  year={2004},
  publisher={FT Press}
}

@article{still2010regularizing,
  title={Regularizing portfolio optimization},
  author={Still, Susanne and Kondor, Imre},
  journal={New Journal of Physics},
  volume={12},
  number={7},
  pages={075034},
  year={2010},
  publisher={IOP Publishing}
}

@article{vapnik,
  title={Support-vector networks},
  author={Cortes, Corinna and Vapnik, Vladimir},
  journal={Machine learning},
  volume={20},
  number={3},
  pages={273--297},
  year={1995},
  publisher={Springer}
}

@article{frangioni2006perspective,
  title={Perspective cuts for a class of convex 0--1 mixed integer programs},
  author={Frangioni, Antonio and Gentile, Claudio},
  journal={Mathematical Programming},
  volume={106},
  number={2},
  pages={225--236},
  year={2006},
  publisher={Springer}
}

@article{bertsimas2021unified,
  title={A unified approach to mixed-integer optimization: Nonlinear formulations and scalable algorithms},
  author={Bertsimas, Dimitris and Cory-Wright, Ryan and Pauphilet, Jean},
  journal={arXiv preprint arXiv:1907.02109},
  year={2019}
}

@inproceedings{cplex_paper,
  title={Solving mixed-integer quadratic programming problems with IBM-CPLEX: a progress report},
  author={Bliek1{\'u}, Christian and Bonami, Pierre and Lodi, Andrea},
  booktitle={Proceedings of the twenty-sixth RAMP symposium},
  pages={16--17},
  year={2014}
}

 @misc{damodaran_website, title={Asset Selection: Strategies and Evidence}, url={https://pages.stern.nyu.edu/~adamodar/New_Home_Page/invemgmt/assetsel.htm}, journal={Asset selection: Strategies and evidence}, author={Damodaran, Aswath},
 year = {2005}} 

 @misc{achelis2001technical,
  title={Technical Analysis from A to Z},
  author={Achelis, Steven B},
  year={2001},
  publisher={McGraw Hill New York}
}

@inproceedings{biggio2011support,
  title={Support vector machines under adversarial label noise},
  author={Biggio, Battista and Nelson, Blaine and Laskov, Pavel},
  booktitle={Asian conference on machine learning},
  pages={97--112},
  year={2011},
  organization={PMLR}
}

@article{natarajan2013learning,
  title={Learning with noisy labels},
  author={Natarajan, Nagarajan and Dhillon, Inderjit S and Ravikumar, Pradeep K and Tewari, Ambuj},
  journal={Advances in neural information processing systems},
  volume={26},
  year={2013}
}

@article{northcutt2021confident,
  title={Confident learning: Estimating uncertainty in dataset labels},
  author={Northcutt, Curtis and Jiang, Lu and Chuang, Isaac},
  journal={Journal of Artificial Intelligence Research},
  volume={70},
  pages={1373--1411},
  year={2021}
}

@article{de2015biclustering,
  title={A biclustering approach for classification with mislabeled data},
  author={de Fran{\c{c}}a, Fabr{\'\i}cio O and Coelho, Andr{\'e} LV},
  journal={Expert Systems with Applications},
  volume={42},
  number={12},
  pages={5065--5075},
  year={2015},
  publisher={Elsevier}
}

@article{bertsimas2019robust,
  title={Robust classification},
  author={Bertsimas, Dimitris and Dunn, Jack and Pawlowski, Colin and Zhuo, Ying Daisy},
  journal={INFORMS Journal on Optimization},
  volume={1},
  number={1},
  pages={2--34},
  year={2019},
  publisher={INFORMS}
}

@article{maragno2021mixed,
  title={Mixed-integer optimization with constraint learning},
  author={Maragno, Donato and Wiberg, Holly and Bertsimas, Dimitris and Birbil, S Ilker and Hertog, Dick den and Fajemisin, Adejuyigbe},
  journal={arXiv preprint arXiv:2111.04469},
  year={2021}
}

@article{gupta2012asset,
  title={Asset portfolio optimization using support vector machines and real-coded genetic algorithm},
  author={Gupta, Pankaj and Mehlawat, Mukesh Kumar and Mittal, Garima},
  journal={Journal of Global Optimization},
  volume={53},
  pages={297--315},
  year={2012},
  publisher={Springer}
}

@article{yu2014svm,
  title={A SVM stock selection model within PCA},
  author={Yu, Huanhuan and Chen, Rongda and Zhang, Guoping},
  journal={Procedia computer science},
  volume={31},
  pages={406--412},
  year={2014},
  publisher={Elsevier}
}

@incollection{chopra2013effect,
  title={The effect of errors in means, variances, and covariances on optimal portfolio choice},
  author={Chopra, Vijay K and Ziemba, William T},
  booktitle={Handbook of the fundamentals of financial decision making: Part I},
  pages={365--373},
  year={2013},
  publisher={World Scientific}
}

@article{fama1993common,
  title={Common risk factors in the returns on stocks and bonds},
  author={Fama, Eugene F and French, Kenneth R},
  journal={Journal of financial economics},
  volume={33},
  number={1},
  pages={3--56},
  year={1993},
  publisher={Elsevier}
}

@article{goldfarb2003robust,
  title={Robust portfolio selection problems},
  author={Goldfarb, Donald and Iyengar, Garud},
  journal={Mathematics of operations research},
  volume={28},
  number={1},
  pages={1--38},
  year={2003},
  publisher={INFORMS}
}


@article{bai2016least,
  title={Least-squares approach to risk parity in portfolio selection},
  author={Bai, Xi and Scheinberg, Katya and Tutuncu, Reha},
  journal={Quantitative Finance},
  volume={16},
  number={3},
  pages={357--376},
  year={2016},
  publisher={Taylor \& Francis}
}

@article{ma2020prediction,
  title={Prediction-based portfolio optimization models using deep neural networks},
  author={Ma, Yilin and Han, Ruizhu and Wang, Weizhong},
  journal={Ieee Access},
  volume={8},
  pages={115393--115405},
  year={2020},
  publisher={IEEE}
}

@article{ma2021portfolio,
  title={Portfolio optimization with return prediction using deep learning and machine learning},
  author={Ma, Yilin and Han, Ruizhu and Wang, Weizhong},
  journal={Expert Systems with Applications},
  volume={165},
  pages={113973},
  year={2021},
  publisher={Elsevier}
}

@article{huang2012hybrid,
  title={A hybrid stock selection model using genetic algorithms and support vector regression},
  author={Huang, Chien-Feng},
  journal={Applied Soft Computing},
  volume={12},
  number={2},
  pages={807--818},
  year={2012},
  publisher={Elsevier}
}

@article{yang2019novel,
  title={A novel hybrid stock selection method with stock prediction},
  author={Yang, Fengmei and Chen, Zhiwen and Li, Jingjing and Tang, Ling},
  journal={Applied Soft Computing},
  volume={80},
  pages={820--831},
  year={2019},
  publisher={Elsevier}
}

@article{lee2020threshold,
  title={Threshold-based portfolio: the role of the threshold and its applications},
  author={Lee, Sang Il and Yoo, Seong Joon},
  journal={The Journal of Supercomputing},
  volume={76},
  number={10},
  pages={8040--8057},
  year={2020},
  publisher={Springer}
}

@article{krauss2017deep,
  title={Deep neural networks, gradient-boosted trees, random forests: Statistical arbitrage on the S\&P 500},
  author={Krauss, Christopher and Do, Xuan Anh and Huck, Nicolas},
  journal={European Journal of Operational Research},
  volume={259},
  number={2},
  pages={689--702},
  year={2017},
  publisher={Elsevier}
}

@article{freitas2009prediction,
  title={Prediction-based portfolio optimization model using neural networks},
  author={Freitas, Fabio D and De Souza, Alberto F and De Almeida, Ailson R},
  journal={Neurocomputing},
  volume={72},
  number={10-12},
  pages={2155--2170},
  year={2009},
  publisher={Elsevier}
}

@inproceedings{hao2013prediction,
  title={Prediction-based portfolio selection model using support vector machines},
  author={Hao, Cuiyan and Wang, Jiaqian and Xu, Wei and Xiao, Yuan},
  booktitle={2013 Sixth International Conference on Business Intelligence and Financial Engineering},
  pages={567--571},
  year={2013},
  organization={IEEE}
}


@article{wang2020portfolio,
  title={Portfolio formation with preselection using deep learning from long-term financial data},
  author={Wang, Wuyu and Li, Weizi and Zhang, Ning and Liu, Kecheng},
  journal={Expert Systems with Applications},
  volume={143},
  pages={113042},
  year={2020},
  publisher={Elsevier}
}

@article{chaweewanchon2022markowitz,
  title={Markowitz Mean-Variance Portfolio Optimization with Predictive Stock Selection Using Machine Learning},
  author={Chaweewanchon, Apichat and Chaysiri, Rujira},
  journal={International Journal of Financial Studies},
  volume={10},
  number={3},
  pages={64},
  year={2022},
  publisher={MDPI}
}

@article{zhou2022two,
  title={Two-stage Portfolio Optimization Integrating Optimal Sharp Ratio Measure and Ensemble Learning},
  author={Zhou, Zhongbao and Song, Zhengyang and Ren, Tiantian and Yu, Lean},
  journal={IEEE Access},
  year={2022},
  publisher={IEEE}
}


@article{ma2023novel,
  title={A novel prediction based portfolio optimization model using deep learning},
  author={Ma, Yilin and Wang, Weizhong and Ma, Qianting},
  journal={Computers \& Industrial Engineering},
  pages={109023},
  year={2023},
  publisher={Elsevier}
}

@book{cochrane2009asset,
  title={Asset pricing: Revised edition},
  author={Cochrane, John},
  year={2009},
  publisher={Princeton university press}
}

@article{anis2021sparse,
  title={A sparse regression and neural network approach for financial factor modeling},
  author={Anis, Hassan T and Kwon, Roy H},
  journal={Applied Soft Computing},
  volume={113},
  pages={107983},
  year={2021},
  publisher={Elsevier}
}

@article{chen2023deep,
  title={Deep learning in asset pricing},
  author={Chen, Luyang and Pelger, Markus and Zhu, Jason},
  journal={Management Science},
  year={2023},
  publisher={INFORMS}
}

@article{feng2018deep,
  title={Deep learning in characteristics-sorted factor models},
  author={Feng, Guanhao and He, Jingyu and Polson, Nicholas G and Xu, Jianeng},
  journal={arXiv preprint arXiv:1805.01104},
  year={2018}
}

@article{simon2022deep,
  title={Deep parametric portfolio policies},
  author={Simon, Frederik and Weibels, Sebastian and Zimmermann, Tom},
  journal={Available at SSRN 4150292},
  year={2022}
}

@article{gu2020empirical,
  title={Empirical asset pricing via machine learning},
  author={Gu, Shihao and Kelly, Bryan and Xiu, Dacheng},
  journal={The Review of Financial Studies},
  volume={33},
  number={5},
  pages={2223--2273},
  year={2020},
  publisher={Oxford University Press}
}

@article{brandt2009parametric,
  title={Parametric portfolio policies: Exploiting characteristics in the cross-section of equity returns},
  author={Brandt, Michael W and Santa-Clara, Pedro and Valkanov, Rossen},
  journal={The Review of Financial Studies},
  volume={22},
  number={9},
  pages={3411--3447},
  year={2009},
  publisher={Oxford University Press}
}

@article{demiguel2020transaction,
  title={A transaction-cost perspective on the multitude of firm characteristics},
  author={DeMiguel, Victor and Martin-Utrera, Alberto and Nogales, Francisco J and Uppal, Raman},
  journal={The Review of Financial Studies},
  volume={33},
  number={5},
  pages={2180--2222},
  year={2020},
  publisher={Oxford University Press}
}

@article{bryzgalova2020forest,
  title={Forest through the trees: Building cross-sections of stock returns},
  author={Bryzgalova, Svetlana and Pelger, Markus and Zhu, Jason},
  journal={Available at SSRN 3493458},
  year={2020}
}

@techreport{cong2023asset,
  title={Asset pricing with panel tree under global split criteria},
  author={Cong, Lin William and Feng, Guanhao and He, Jingyu and He, Xin},
  year={2023},
  institution={National Bureau of Economic Research}
}

@article{kozak2020kernel,
  title={Kernel trick for the cross-section},
  author={Kozak, Serhiy},
  journal={Available at SSRN 3307895},
  year={2020}
}

@article{giglio2022factor,
  title={Factor models, machine learning, and asset pricing},
  author={Giglio, Stefano and Kelly, Bryan and Xiu, Dacheng},
  journal={Annual Review of Financial Economics},
  volume={14},
  pages={337--368},
  year={2022},
  publisher={Annual Reviews}
}

@article{huerta2013nonlinear,
  title={Nonlinear support vector machines can systematically identify stocks with high and low future returns},
  author={Huerta, Ramon and Corbacho, Fernando and Elkan, Charles},
  journal={Algorithmic Finance},
  volume={2},
  number={1},
  pages={45--58},
  year={2013},
  publisher={IOS Press}
}

@book{floudas2013deterministic,
  title={Deterministic global optimization: theory, methods and applications},
  author={Floudas, Christodoulos A},
  volume={37},
  year={2013},
  publisher={Springer Science \& Business Media}
}

@article{baldomero2020tightening,
  title={Tightening big Ms in integer programming formulations for support vector machines with ramp loss},
  author={Baldomero-Naranjo, Marta and Martinez-Merino, Luisa I and Rodriguez-Chia, Antonio M},
  journal={European Journal of Operational Research},
  volume={286},
  number={1},
  pages={84--100},
  year={2020},
  publisher={Elsevier}
}



@article{gorski2007biconvex,
  title={Biconvex sets and optimization with biconvex functions: a survey and extensions},
  author={Gorski, Jochen and Pfeuffer, Frank and Klamroth, Kathrin},
  journal={Mathematical methods of operations research},
  volume={66},
  number={3},
  pages={373--407},
  year={2007},
  publisher={Springer}
}

@article{boyd2017multi,
  title={Multi-period trading via convex optimization},
  author={Boyd, Stephen and Busseti, Enzo and Diamond, Steve and Kahn, Ronald N and Koh, Kwangmoo and Nystrup, Peter and Speth, Jan and others},
  journal={Foundations and Trends{\textregistered} in Optimization},
  volume={3},
  number={1},
  pages={1--76},
  year={2017},
  publisher={Now Publishers, Inc.}
}

@article{gao2011cardinality,
  title={Cardinality constrained linear-quadratic optimal control},
  author={Gao, Jianjun and Li, Duan},
  journal={IEEE Transactions on Automatic Control},
  volume={56},
  number={8},
  pages={1936--1941},
  year={2011},
  publisher={IEEE}
}

@article{gao2015time,
  title={Time cardinality constrained mean--variance dynamic portfolio selection and market timing: A stochastic control approach},
  author={Gao, Jianjun and Li, Duan and Cui, Xiangyu and Wang, Shouyang},
  journal={Automatica},
  volume={54},
  pages={91--99},
  year={2015},
  publisher={Elsevier}
}

@misc{pardalos2009approximate,
  title={Approximate dynamic programming: solving the curses of dimensionality},
  author={Pardalos, Panos M},
  year={2009},
  publisher={Taylor \& Francis}
}

@article{barratt2023multi,
  title={Multi-period liability clearing via convex optimal control},
  author={Barratt, Shane and Boyd, Stephen},
  journal={Optimization and Engineering},
  volume={24},
  number={2},
  pages={1387--1409},
  year={2023},
  publisher={Springer}
}

@article{de2022multiobjective,
  title={Multiobjective Model Predictive Control for portfolio optimization with cardinality constraint},
  author={de Melo, Ma{\'\i}sa Kely and Cardoso, Rodrigo Tom{\'a}s Nogueira and Jesus, Tales Argolo},
  journal={Expert Systems with Applications},
  volume={205},
  pages={117639},
  year={2022},
  publisher={Elsevier}
}


@article{boyd2013performance,
  title={Performance bounds and suboptimal policies for multi--period investment},
  author={Boyd, Stephen and Mueller, Mark T and O’Donoghue, Brendan and Wang, Yang and others},
  journal={Foundations and Trends{\textregistered} in Optimization},
  volume={1},
  number={1},
  pages={1--72},
  year={2013},
  publisher={Now Publishers, Inc.}
}

@article{gao2013optimal,
  title={Optimal cardinality constrained portfolio selection},
  author={Gao, Jianjun and Li, Duan},
  journal={Operations research},
  volume={61},
  number={3},
  pages={745--761},
  year={2013},
  publisher={INFORMS}
}

@article{wang2009fast,
  title={Fast model predictive control using online optimization},
  author={Wang, Yang and Boyd, Stephen},
  journal={IEEE Transactions on control systems technology},
  volume={18},
  number={2},
  pages={267--278},
  year={2009},
  publisher={IEEE}
}

@article{wahlberg2012admm,
  title={An ADMM algorithm for a class of total variation regularized estimation problems},
  author={Wahlberg, Bo and Boyd, Stephen and Annergren, Mariette and Wang, Yang},
  journal={IFAC Proceedings Volumes},
  volume={45},
  number={16},
  pages={83--88},
  year={2012},
  publisher={Elsevier}
}

@article{zou2019stochastic,
  title={Stochastic dual dynamic integer programming},
  author={Zou, Jikai and Ahmed, Shabbir and Sun, Xu Andy},
  journal={Mathematical Programming},
  volume={175},
  pages={461--502},
  year={2019},
  publisher={Springer}
}

@article{rahmaniani2020benders,
  title={The Benders dual decomposition method},
  author={Rahmaniani, Ragheb and Ahmed, Shabbir and Crainic, Teodor Gabriel and Gendreau, Michel and Rei, Walter},
  journal={Operations Research},
  volume={68},
  number={3},
  pages={878--895},
  year={2020},
  publisher={INFORMS}
}

@article{geoffrion1972generalized,
  title={Generalized benders decomposition},
  author={Geoffrion, Arthur M},
  journal={Journal of optimization theory and applications},
  volume={10},
  pages={237--260},
  year={1972},
  publisher={Springer}
}

@article{aguilera2017quadratic,
  title={Quadratic model predictive control including input cardinality constraints},
  author={Aguilera, Ricardo P and Urrutia, Gabriel and Delgado, Ram{\'o}n A and Dolz, Daniel and Ag{\"u}ero, Juan C},
  journal={IEEE Transactions on Automatic Control},
  volume={62},
  number={6},
  pages={3068--3075},
  year={2017},
  publisher={IEEE}
}

@article{birge1982value,
  title={The value of the stochastic solution in stochastic linear programs with fixed recourse},
  author={Birge, John R},
  journal={Mathematical programming},
  volume={24},
  pages={314--325},
  year={1982},
  publisher={Springer},
  doi = {https://doi.org/10.1007/BF01585113}
}


@book{gassmann,
author = { Horand I.   Gassmann  and  William T.   Ziemba },
title = {Applications n Finance, Energy, Planning and Logistics },
booktitle = {Stochastic Programming},
chapter = {},
pages = {i-xxix},
doi = {10.1142/9789814407519_fmatter},
URL = {https://www.worldscientific.com/doi/abs/10.1142/9789814407519_fmatter},
eprint = {https://www.worldscientific.com/doi/pdf/10.1142/9789814407519_fmatter},
    abstract = { Abstract The following sections are included: Acknowledgements List of Contributors Preface Books and Collections of Papers on Stochastic Programming Contents }
}


@article{kleywegt2002sample,
  title={The sample average approximation method for stochastic discrete optimization},
  author={Kleywegt, Anton J and Shapiro, Alexander and Homem-de-Mello, Tito},
  journal={SIAM Journal on optimization},
  volume={12},
  number={2},
  pages={479--502},
  year={2002},
  doi = {https://doi.org/10.1137/S1052623499363220},
  publisher={SIAM}
}

@article{VanSlyke1969,
 ISSN = {00361399},
 URL = {http://www.jstor.org/stable/2099310},
 author = {R. M. Van Slyke and Roger Wets},
 journal = {SIAM Journal on Applied Mathematics},
 number = {4},
 pages = {638--663},
 publisher = {Society for Industrial and Applied Mathematics},
 title = {L-Shaped Linear Programs with Applications to Optimal Control and Stochastic Programming},
 urldate = {2023-10-01},
 volume = {17},
 year = {1969}
}

@article{patel2022neur2sp,
  title={Neur2SP: Neural Two-Stage Stochastic Programming},
  author={Patel, Rahul Mihir and Dumouchelle, Justin and Khalil, Elias and Bodur, Merve},
  journal={Advances in Neural Information Processing Systems},
  volume={35},
  pages={23992--24005},
  year={2022}
}

@article{keutchayan2023problem,
  title={Problem-driven scenario clustering in stochastic optimization},
  author={Keutchayan, Julien and Ortmann, Janosch and Rei, Walter},
  journal={Computational Management Science},
  volume={20},
  number={1},
  pages={13},
  year={2023},
  publisher={Springer}
}


@article{pflug2015dynamic,
  title={Dynamic generation of scenario trees},
  author={Pflug, Georg Ch and Pichler, Alois},
  journal={Computational Optimization and Applications},
  volume={62},
  pages={641--668},
  year={2015},
  publisher={Springer}
}

@article{kouwenberg2001scenario,
  title={Scenario generation and stochastic programming models for asset liability management},
  author={Kouwenberg, Roy},
  journal={European Journal of operational research},
  volume={134},
  number={2},
  pages={279--292},
  year={2001},
  publisher={Elsevier}
}

@article{boender1997hybrid,
  title={A hybrid simulation/optimisation scenario model for asset/liability management},
  author={Boender, Guus CE},
  journal={European Journal of Operational Research},
  volume={99},
  number={1},
  pages={126--135},
  year={1997},
  publisher={Elsevier}
}

@article{bertsimas2023optimization,
  title={Optimization-based scenario reduction for data-driven two-stage stochastic optimization},
  author={Bertsimas, Dimitris and Mundru, Nishanth},
  journal={Operations Research},
  volume={71},
  number={4},
  pages={1343--1361},
  year={2023},
  publisher={INFORMS},
  doi = {https://doi.org/10.1287/opre.2022.2265}
}

@article{lee2022structured,
  title={Structured Energy Network As a Loss},
  author={Lee, Jay Yoon and Patel, Dhruvesh and Goyal, Purujit and Zhao, Wenlong and Xu, Zhiyang and McCallum, Andrew},
  journal={Advances in Neural Information Processing Systems},
  volume={35},
  pages={20862--20875},
  year={2022}
}

@inproceedings{feydy2019interpolating,
    title={Interpolating between Optimal Transport and MMD using Sinkhorn Divergences},
    author={Feydy, Jean and S{\'e}journ{\'e}, Thibault and Vialard, Fran{\c{c}}ois-Xavier and Amari, Shun-ichi and Trouve, Alain and Peyr{\'e}, Gabriel},
    booktitle={The 22nd International Conference on Artificial Intelligence and Statistics},
    pages={2681--2690},
    year={2019}
}


@article{dupavcova2003scenario,
  title={Scenario reduction in stochastic programming},
  author={Dupa{\v{c}}ov{\'a}, Jitka and Gr{\"o}we-Kuska, Nicole and R{\"o}misch, Werner},
  journal={Mathematical programming},
  volume={95},
  pages={493--511},
  year={2003},
  publisher={Springer},
  doi = {https://doi.org/10.1007/s10107-002-0331-0}
}


@article{pflug2001scenario,
  title={Scenario tree generation for multiperiod financial optimization by optimal discretization},
  author={Pflug, G Ch},
  journal={Mathematical programming},
  volume={89},
  pages={251--271},
  year={2001},
  publisher={Springer}
}

@article{heitsch2007note,
  title={A note on scenario reduction for two-stage stochastic programs},
  author={Heitsch, Holger and R{\"o}misch, Werner},
  journal={Operations Research Letters},
  volume={35},
  number={6},
  pages={731--738},
  year={2007},
  publisher={Elsevier}
}

@article{henrion2009scenario,
  title={Scenario reduction in stochastic programming with respect to discrepancy distances},
  author={Henrion, Ren{\'e} and K{\"u}chler, Christian and R{\"o}misch, Werner},
  journal={Computational Optimization and Applications},
  volume={43},
  pages={67--93},
  year={2009},
  publisher={Springer}
}

@book{king2012modeling,
  title={Modeling with stochastic programming},
  author={King, Alan J and Wallace, Stein W},
  year={2012},
  publisher={Springer},
  address={New York, NY},
  doi = {https://doi.org/10.1007/978-0-387-87817-1}
}

@Inbook{King2012,
author="King, Alan J.
and Wallace, Stein W.",
title="Scenario-Tree Generation: With Michal Kaut",
bookTitle="Modeling with Stochastic Programming",
year="2012",
publisher="Springer New York",
address="New York, NY",
pages="77--102",
abstract="So far we have talked about models and structures with respect to uncertainty. But we have not talked about data. We have talked about prices and demand, deterministic or stochastic, we have talked about distributions of random variables. But rarely are these available in the format we need for our algorithm.",
isbn="978-0-387-87817-1",
doi="10.1007/978-0-387-87817-1_4",
url="https://doi.org/10.1007/978-0-387-87817-1_4"
}

@article{kammammettu2023scenario,
  title={Scenario reduction and scenario tree generation for stochastic programming using sinkhorn distance},
  author={Kammammettu, Sanjula and Li, Zukui},
  journal={Computers \& Chemical Engineering},
  volume={170},
  pages={108122},
  year={2023},
  publisher={Elsevier}
}

@article{ziel2021energy,
  title={The energy distance for ensemble and scenario reduction},
  author={Ziel, Florian},
  journal={Philosophical Transactions of the Royal Society A},
  volume={379},
  number={2202},
  pages={20190431},
  year={2021},
  publisher={The Royal Society Publishing}
}

@article{hoyland2003heuristic,
  title={A heuristic for moment-matching scenario generation},
  author={H{\o}yland, Kjetil and Kaut, Michal and Wallace, Stein W},
  journal={Computational optimization and applications},
  volume={24},
  pages={169--185},
  year={2003},
  publisher={Springer},
  doi = {https://doi.org/10.1023/A:1021853807313}
}

@article{linderoth2006empirical,
  title={The empirical behavior of sampling methods for stochastic programming},
  author={Linderoth, Jeff and Shapiro, Alexander and Wright, Stephen},
  journal={Annals of Operations Research},
  volume={142},
  number={1},
  pages={215--241},
  year={2006},
  publisher={Springer}
}


@article{henrion2022problem,
  title={Problem-based optimal scenario generation and reduction in stochastic programming},
  author={Henrion, R{\'e}ne and R{\"o}misch, Werner},
  journal={Mathematical Programming},
  volume={191},
  number={1},
  pages={183--205},
  year={2022},
  publisher={Springer}
}

@article{fairbrother2022tail,
  title={Problem-driven scenario generation: an analytical approach for stochastic programs with tail risk measure},
  author={Fairbrother, Jamie and Turner, Amanda and Wallace, Stein W},
  journal={Mathematical Programming},
  pages={1--42},
  year={2022},
  publisher={Springer},
  doi = {https://doi.org/10.1007/s10107-019-01451-7}
}


@article{arpon2018scenario,
  title={Scenario reduction for stochastic programs with conditional value-at-risk},
  author={Arp{\'o}n, Sebasti{\'a}n and Homem-de-Mello, Tito and Pagnoncelli, Bernardo},
  journal={Mathematical Programming},
  volume={170},
  number={1},
  pages={327--356},
  year={2018},
  publisher={Springer}
}

@article{prochazka2018stochastic,
  title={Stochastic programs with binary distributions: Structural properties of scenario trees and algorithms},
  author={Prochazka, Vit and Wallace, Stein W},
  journal={Computational Management Science},
  volume={15},
  pages={397--410},
  year={2018},
  publisher={Springer}
}

@article{prochazka2020scenario,
  title={Scenario tree construction driven by heuristic solutions of the optimization problem},
  author={Prochazka, Vit and Wallace, Stein W},
  journal={Computational Management Science},
  volume={17},
  number={2},
  pages={277--307},
  year={2020},
  publisher={Springer}
}

@article{narum2024problem,
  title={Problem-based scenario generation by decomposing output distributions},
  author={Narum, Benjamin S and Fairbrother, Jamie and Wallace, Stein W},
  journal={European Journal of Operational Research},
  volume={318},
  number={1},
  pages={154--166},
  year={2024},
  publisher={Elsevier},
  doi = {https://doi.org/10.1016/j.ejor.2024.04.006}
}

@article{vaagen2011modelling,
  title={Modelling consumer-directed substitution},
  author={Vaagen, Hajnalka and Wallace, Stein W and Kaut, Michal},
  journal={International Journal of Production Economics},
  volume={134},
  number={2},
  pages={388--397},
  year={2011},
  publisher={Elsevier},
  doi = {https://doi.org/10.1016/j.ijpe.2009.11.012}
}


@article{cole2023contextual,
  title={Contextual Reinforcement Learning for Offshore Wind Farm Bidding},
  author={Cole, David and Sharma, Himanshu and Wang, Wei},
  journal={arXiv preprint arXiv:2312.10884},
  year={2023}
}

@article{hewitt2022decision,
  title={Decision-based scenario clustering for decision-making under uncertainty},
  author={Hewitt, Mike and Ortmann, Janosch and Rei, Walter},
  journal={Annals of Operations Research},
  volume={315},
  number={2},
  pages={747--771},
  year={2022},
  publisher={Springer}
}


@mastersthesis{narum2020problem,
  title={Problem-based scenario generation in stochastic programming with binary distributions-Case study in Air Traffic Flow Management},
  author={Narum, Benjamin S},
  year={2020},
  school={NTNU}
}


@article{zhang2023optimized,
  title={Optimized Scenario Reduction: Solving Large-Scale Stochastic Programs with Quality Guarantees},
  author={Zhang, Wei and Wang, Kai and Jacquillat, Alexandre and Wang, Shuaian},
  journal={INFORMS Journal on Computing},
  year={2023},
  publisher={INFORMS}
}

@article{larsen2023fast,
  title={Fast continuous and integer L-shaped heuristics through supervised learning},
  author={Larsen, Eric and Frejinger, Emma and Gendron, Bernard and Lodi, Andrea},
  journal={INFORMS Journal on Computing},
  year={2023},
  publisher={INFORMS}
}

@article{dai2021neural,
  title={Neural stochastic dual dynamic programming},
  author={Dai, Hanjun and Xue, Yuan and Syed, Zia and Schuurmans, Dale and Dai, Bo},
  journal={arXiv preprint arXiv:2112.00874},
  year={2021}
}

@article{kim2023transformer,
  title={Transformer-based Stagewise Decomposition for Large-Scale Multistage Stochastic Optimization},
  author={Kim, Chanyeong and Park, Jongwoong and Bae, Hyunglip and Kim, Woo Chang},
  year={2023}
}

@article{lee2023value,
  title={Value function gradient learning for large-scale multistage stochastic programming problems},
  author={Lee, Jinkyu and Bae, Sanghyeon and Kim, Woo Chang and Lee, Yongjae},
  journal={European Journal of Operational Research},
  volume={308},
  number={1},
  pages={321--335},
  year={2023},
  publisher={Elsevier},
  doi = {https://doi.org/10.1016/j.ejor.2022.10.011}
}

@inproceedings{bae2023deep,
  title={Deep Value Function Networks for Large-scale Multistage Stochastic Programs},
  author={Bae, Hyunglip and Lee, Jinkyu and Kim, Woo Chang and Lee, Yongjae},
  booktitle={International Conference on Artificial Intelligence and Statistics},
  pages={11267--11287},
  year={2023},
  organization={PMLR}
}

@inproceedings{amos2017input,
  title={Input convex neural networks},
  author={Amos, Brandon and Xu, Lei and Kolter, J Zico},
  booktitle={International Conference on Machine Learning},
  pages={146--155},
  year={2017},
  organization={PMLR}
}

@inproceedings{nair2018learning,
  title={Learning Fast Optimizers for Contextual Stochastic Integer Programs.},
  author={Nair, Vinod and Dvijotham, Dj and Dunning, Iain and Vinyals, Oriol},
  booktitle={UAI},
  pages={591--600},
  year={2018}
}

@article{yilmaz2023deep,
  title={A deep reinforcement learning framework for solving two-stage stochastic programs},
  author={Yilmaz, Dogacan and B{\"u}y{\"u}ktahtak{\i}n, {\.I} Esra},
  journal={Optimization Letters},
  pages={1--28},
  year={2023},
  publisher={Springer},
  doi = {https://doi.org/10.1007/s11590-023-02009-5}
}

@inproceedings{bengio2020learning,
  title={A learning-based algorithm to quickly compute good primal solutions for stochastic integer programs},
  author={Bengio, Yoshua and Frejinger, Emma and Lodi, Andrea and Patel, Rahul and Sankaranarayanan, Sriram},
  booktitle={Integration of Constraint Programming, Artificial Intelligence, and Operations Research: 17th International Conference, CPAIOR 2020, Vienna, Austria, September 21--24, 2020, Proceedings 17},
  pages={99--111},
  year={2020},
  organization={Springer},
  doi = {https://doi.org/10.1007/978-3-030-58942-4_7}
}

@inproceedings{wu2022learning,
  title={Learning scenario representation for solving two-stage stochastic integer programs},
  author={Wu, Yaoxin and Song, Wen and Cao, Zhiguang and Zhang, Jie},
  year={2022},
  organization={International Conference on Learning Representations, ICLR}
}

@inproceedings{amos2017optnet,
  title={Optnet: Differentiable optimization as a layer in neural networks},
  author={Amos, Brandon and Kolter, J Zico},
  booktitle={International Conference on Machine Learning},
  pages={136--145},
  year={2017},
  organization={PMLR}
}


@article{dalle2022learning,
  title={Learning with combinatorial optimization layers: a probabilistic approach},
  author={Dalle, Guillaume and Baty, L{\'e}o and Bouvier, Louis and Parmentier, Axel},
  journal={arXiv preprint arXiv:2207.13513},
  year={2022}
}


@article{mandi2023decision,
  title={Decision-focused learning: Foundations, state of the art, benchmark and future opportunities},
  author={Mandi, Jayanta and Kotary, James and Berden, Senne and Mulamba, Maxime and Bucarey, Victor and Guns, Tias and Fioretto, Ferdinando},
  journal={arXiv preprint arXiv:2307.13565},
  year={2023}
}

@article{zharmagambetov2023landscape,
  title={Landscape surrogate: Learning decision losses for mathematical optimization under partial information},
  author={Zharmagambetov, Arman and Amos, Brandon and Ferber, Aaron and Huang, Taoan and Dilkina, Bistra and Tian, Yuandong},
  journal={Advances in Neural Information Processing Systems},
  volume={36},
  year={2024}
}

@article{grigas2021integrated,
  title={Integrated conditional estimation-optimization},
  author={Grigas, Paul and Qi, Meng and others},
  journal={arXiv preprint arXiv:2110.12351},
  year={2021},
  doi = {https://doi.org/10.48550/arXiv.2110.12351
}
}

@inproceedings{ferber2023surco,
  title={Surco: Learning linear surrogates for combinatorial nonlinear optimization problems},
  author={Ferber, Aaron M and Huang, Taoan and Zha, Daochen and Schubert, Martin and Steiner, Benoit and Dilkina, Bistra and Tian, Yuandong},
  booktitle={International Conference on Machine Learning},
  pages={10034--10052},
  year={2023},
  organization={PMLR}
}

@article{niepert2021implicit,
  title={Implicit MLE: backpropagating through discrete exponential family distributions},
  author={Niepert, Mathias and Minervini, Pasquale and Franceschi, Luca},
  journal={Advances in Neural Information Processing Systems},
  volume={34},
  pages={14567--14579},
  year={2021}
}

@inproceedings{domke2012generic,
  title={Generic methods for optimization-based modeling},
  author={Domke, Justin},
  booktitle={Artificial Intelligence and Statistics},
  pages={318--326},
  year={2012},
  organization={PMLR}
}

@article{romisch2003stability,
  title={Stability of stochastic programming problems},
  author={R{\"o}misch, Werner},
  journal={Handbooks in operations research and management science},
  volume={10},
  pages={483--554},
  year={2003},
  publisher={Elsevier},
  doi = {https://doi.org/10.1016/S0927-0507(03)10008-4}
}

@article{deng2022predictive,
  title={Predictive stochastic programming},
  author={Deng, Yunxiao and Sen, Suvrajeet},
  journal={Computational Management Science},
  pages={1--34},
  year={2022},
  publisher={Springer},
  doi = {https://doi.org/10.1007/s10287-021-00400-0}
}

@article{ban2019dynamic,
  title={Dynamic procurement of new products with covariate information: The residual tree method},
  author={Ban, Gah-Yi and Gallien, J{\'e}r{\'e}mie and Mersereau, Adam J},
  journal={Manufacturing \& Service Operations Management},
  volume={21},
  number={4},
  pages={798--815},
  year={2019},
  publisher={INFORMS},
  doi = {https://doi.org/10.1287/msom.2018.0725}
}


@article{rachev2002quantitative,
  title={Quantitative stability in stochastic programming: The method of probability metrics},
  author={Rachev, Svetlozar T and R{\"o}misch, Werner},
  journal={Mathematics of Operations Research},
  volume={27},
  number={4},
  pages={792--818},
  year={2002},
  publisher={INFORMS}
}


@article{muller1997integral,
  title={Integral probability metrics and their generating classes of functions},
  author={M{\"u}ller, Alfred},
  journal={Advances in applied probability},
  volume={29},
  number={2},
  pages={429--443},
  year={1997},
  publisher={Cambridge University Press}
}


@InProceedings{pmlr-v70-arjovsky17a,
  title = 	 {{W}asserstein Generative Adversarial Networks},
  author =       {Martin Arjovsky and Soumith Chintala and L{\'e}on Bottou},
  booktitle = 	 {Proceedings of the 34th International Conference on Machine Learning},
  pages = 	 {214--223},
  year = 	 {2017},
  editor = 	 {Precup, Doina and Teh, Yee Whye},
  volume = 	 {70},
  series = 	 {Proceedings of Machine Learning Research},
  month = 	 {08},
  publisher =    {PMLR},
  pdf = 	 {http://proceedings.mlr.press/v70/arjovsky17a/arjovsky17a.pdf},
  url = 	 {https://proceedings.mlr.press/v70/arjovsky17a.html}
}


@article{JMLR:v13:gretton12a,
  author  = {Arthur Gretton and Karsten M. Borgwardt and Malte J. Rasch and Bernhard Sch{{\"o}}lkopf and Alexander Smola},
  title   = {A Kernel Two-Sample Test},
  journal = {Journal of Machine Learning Research},
  year    = {2012},
  volume  = {13},
  number  = {25},
  pages   = {723-773},
  url     = {http://jmlr.org/papers/v13/gretton12a.html}
}


@inproceedings{pele2009fast,
  title={Fast and robust earth mover's distances},
  author={Pele, Ofir and Werman, Michael},
  booktitle={2009 IEEE 12th international conference on computer vision},
  pages={460--467},
  year={2009},
  organization={IEEE},
  doi = {10.1109/ICCV.2009.5459199}}

@inproceedings{genevay2019sample,
  title={Sample complexity of sinkhorn divergences},
  author={Genevay, Aude and Chizat, L{\'e}naic and Bach, Francis and Cuturi, Marco and Peyr{\'e}, Gabriel},
  booktitle={The 22nd international conference on artificial intelligence and statistics},
  pages={1574--1583},
  year={2019},
  organization={PMLR}
}

@article{vayer2023controlling,
  title={Controlling Wasserstein distances by Kernel norms with application to Compressive Statistical Learning.},
  author={Vayer, Titouan and Gribonval, R{\'e}mi},
  journal={J. Mach. Learn. Res.},
  volume={24},
  pages={149--1},
  year={2023}
}

@article{sriperumbudur2010hilbert,
  title={Hilbert space embeddings and metrics on probability measures},
  author={Sriperumbudur, Bharath K and Gretton, Arthur and Fukumizu, Kenji and Sch{\"o}lkopf, Bernhard and Lanckriet, Gert RG},
  journal={The Journal of Machine Learning Research},
  volume={11},
  pages={1517--1561},
  year={2010},
  publisher={JMLR. org}
}

@inproceedings{nguyen2022improving,
  title={Improving mini-batch optimal transport via partial transportation},
  author={Nguyen, Khai and Nguyen, Dang and Pham, Tung and Ho, Nhat and others},
  booktitle={International Conference on Machine Learning},
  pages={16656--16690},
  year={2022},
  organization={PMLR}
}

@inproceedings{fatras2021unbalanced,
  title={Unbalanced minibatch optimal transport; applications to domain adaptation},
  author={Fatras, Kilian and S{\'e}journ{\'e}, Thibault and Flamary, R{\'e}mi and Courty, Nicolas},
  booktitle={International Conference on Machine Learning},
  pages={3186--3197},
  year={2021},
  organization={PMLR}
}

@article{fatras2021minibatch,
  title={Minibatch optimal transport distances; analysis and applications},
  author={Fatras, Kilian and Zine, Younes and Majewski, Szymon and Flamary, R{\'e}mi and Gribonval, R{\'e}mi and Courty, Nicolas},
  journal={arXiv preprint arXiv:2101.01792},
  year={2021}
}

@inproceedings{belanger2016structured,
  title={Structured prediction energy networks},
  author={Belanger, David and McCallum, Andrew},
  booktitle={International Conference on Machine Learning},
  pages={983--992},
  year={2016},
  organization={PMLR}
}

@article{manupriya2023empirical,
  title={Empirical Optimal Transport between Conditional Distributions},
  author={Manupriya, Piyushi and Das, Rachit Keerti and Biswas, Sayantan and Chandhok, Shivam and Jagarlapudi, Saketha Nath},
  journal={arXiv preprint arXiv:2305.15901},
  year={2023}
}

@article{tabak2021data,
  title={Data driven conditional optimal transport},
  author={Tabak, Esteban G and Trigila, Giulio and Zhao, Wenjun},
  journal={Machine Learning},
  volume={110},
  pages={3135--3155},
  year={2021},
  publisher={Springer}
}

@article{bellemare2017cramer,
  title={The cramer distance as a solution to biased wasserstein gradients},
  author={Bellemare, Marc G and Danihelka, Ivo and Dabney, Will and Mohamed, Shakir and Lakshminarayanan, Balaji and Hoyer, Stephan and Munos, R{\'e}mi},
  journal={arXiv preprint arXiv:1705.10743},
  year={2017},
  doi = {https://doi.org/10.48550/arXiv.1705.10743}
}

@article{ren2016conditional,
  title={Conditional generative moment-matching networks},
  author={Ren, Yong and Zhu, Jun and Li, Jialian and Luo, Yucen},
  journal={Advances in Neural Information Processing Systems},
  volume={29},
  year={2016}
}

@article{park2020measure,
  title={A measure-theoretic approach to kernel conditional mean embeddings},
  author={Park, Junhyung and Muandet, Krikamol},
  journal={Advances in neural information processing systems},
  volume={33},
  pages={21247--21259},
  year={2020}
}

@article{huang2022evaluating,
  title={Evaluating aleatoric uncertainty via conditional generative models},
  author={Huang, Ziyi and Lam, Henry and Zhang, Haofeng},
  journal={arXiv preprint arXiv:2206.04287},
  year={2022},
  doi = {https://doi.org/10.48550/arXiv.2206.04287}
}

@article{hagemann2023posterior,
  title={Posterior sampling based on gradient flows of the MMD with negative distance kernel},
  author={Hagemann, Paul and Hertrich, Johannes and Altekr{\"u}ger, Fabian and Beinert, Robert and Chemseddine, Jannis and Steidl, Gabriele},
  journal={arXiv preprint arXiv:2310.03054},
  year={2023},
  doi = {https://doi.org/10.48550/arXiv.2310.03054}
}

@article{chemseddine2023diagonal,
  title={Y-Diagonal Couplings: Approximating Posteriors with Conditional Wasserstein Distances},
  author={Chemseddine, Jannis and Hagemann, Paul and Wald, Christian},
  journal={arXiv preprint arXiv:2310.13433},
  year={2023},
  doi = {https://doi.org/10.48550/arXiv.2310.13433}
}

@article{muandet2017kernel,
  title={Kernel mean embedding of distributions: A review and beyond},
  author={Muandet, Krikamol and Fukumizu, Kenji and Sriperumbudur, Bharath and Sch{\"o}lkopf, Bernhard and others},
  journal={Foundations and Trends{\textregistered} in Machine Learning},
  volume={10},
  number={1-2},
  pages={1--141},
  year={2017},
  publisher={Now Publishers, Inc.},
  doi = {http://dx.doi.org/10.1561/2200000060}
}

@article{mcdiarmid1989method,
  title={On the method of bounded differences},
  author={McDiarmid, Colin and others},
  journal={Surveys in combinatorics},
  volume={141},
  number={1},
  pages={148--188},
  year={1989},
  publisher={Norwich}
}

@inproceedings{maurer2016vector,
  title={A vector-contraction inequality for rademacher complexities},
  author={Maurer, Andreas},
  booktitle={Algorithmic Learning Theory: 27th International Conference, ALT 2016, Bari, Italy, October 19-21, 2016, Proceedings 27},
  pages={3--17},
  year={2016},
  organization={Springer}
}

@article{bartlett2002rademacher,
  title={Rademacher and Gaussian complexities: Risk bounds and structural results},
  author={Bartlett, Peter L and Mendelson, Shahar},
  journal={Journal of Machine Learning Research},
  volume={3},
  number={Nov},
  pages={463--482},
  year={2002}
}

@book{mohri2018foundations,
  title={Foundations of machine learning},
  author={Mohri, Mehryar and Rostamizadeh, Afshin and Talwalkar, Ameet},
  year={2018},
  publisher={MIT press}
}

@article{oneto2020exploiting,
  title={Exploiting mmd and sinkhorn divergences for fair and transferable representation learning},
  author={Oneto, Luca and Donini, Michele and Luise, Giulia and Ciliberto, Carlo and Maurer, Andreas and Pontil, Massimiliano},
  journal={Advances in Neural Information Processing Systems},
  volume={33},
  pages={15360--15370},
  year={2020}
}

@article{coroianu2016best,
  title={Best lipschitz constants of solutions of quadratic programs},
  author={Coroianu, Lucian},
  journal={Journal of Optimization Theory and Applications},
  volume={170},
  pages={853--875},
  year={2016},
  publisher={Springer}
}

@book{dontchev2009implicit,
  title={Implicit functions and solution mappings},
  author={Dontchev, Asen L and Rockafellar, R Tyrrell},
  volume={543},
  year={2009},
  publisher={Springer}
}

@article{hertrich2023generative,
  title={Generative sliced MMD flows with Riesz kernels},
  author={Hertrich, Johannes and Wald, Christian and Altekr{\"u}ger, Fabian and Hagemann, Paul},
  journal={arXiv preprint arXiv:2305.11463},
  year={2023}
}

@article{sinha2017review,
  title={A review on bilevel optimization: From classical to evolutionary approaches and applications},
  author={Sinha, Ankur and Malo, Pekka and Deb, Kalyanmoy},
  journal={IEEE transactions on evolutionary computation},
  volume={22},
  number={2},
  pages={276--295},
  year={2017},
  publisher={IEEE},
  doi = {10.1109/TEVC.2017.2712906}
}




@inproceedings{wilder_melding,
  title={Melding the data-decisions pipeline: Decision-focused learning for combinatorial optimization},
  author={Wilder, Bryan and Dilkina, Bistra and Tambe, Milind},
  booktitle={Proceedings of the AAAI Conference on Artificial Intelligence},
  volume={33},
  pages={1658--1665},
  year={2019},
  doi = {https://doi.org/10.1609/aaai.v33i01.33011658}
}

@book{rockafellar2009variational,
  title={Variational analysis},
  author={Rockafellar, R Tyrrell and Wets, Roger J-B},
  volume={317},
  year={2009},
  publisher={Springer Science \& Business Media},
  address = { Berlin, Heidelberg},
  doi = {https://doi.org/10.1007/978-3-642-02431-3}
}

@article{szekely2012uniqueness,
  title={On the uniqueness of distance covariance},
  author={Sz{\'e}kely, G{\'a}bor J and Rizzo, Maria L},
  journal={Statistics \& Probability Letters},
  volume={82},
  number={12},
  pages={2278--2282},
  year={2012},
  publisher={Elsevier},
  doi = {https://doi.org/10.1016/j.spl.2012.08.007}
}


@article{sejdinovic2013equivalence,
  title={Equivalence of distance-based and RKHS-based statistics in hypothesis testing},
  author={Sejdinovic, Dino and Sriperumbudur, Bharath and Gretton, Arthur and Fukumizu, Kenji},
  journal={The annals of statistics},
  pages={2263--2291},
  year={2013},
  publisher={JSTOR}
}


@article{sejourne2023unbalanced,
  title={Unbalanced optimal transport, from theory to numerics},
  author={S{\'e}journ{\'e}, Thibault and Peyr{\'e}, Gabriel and Vialard, Fran{\c{c}}ois-Xavier},
  journal={Handbook of Numerical Analysis},
  volume={24},
  pages={407--471},
  year={2023},
  publisher={Elsevier},
  doi = {https://doi.org/10.1016/bs.hna.2022.11.003}
}

@article{lin1992self,
  title={Self-improving reactive agents based on reinforcement learning, planning and teaching},
  author={Lin, Long-Ji},
  journal={Machine learning},
  volume={8},
  pages={293--321},
  year={1992},
  publisher={Springer},
  doi = {https://doi.org/10.1007/BF00992699}
}

@article{liu2022newsvendor,
  title={Newsvendor problems: An integrated method for estimation and optimisation},
  author={Liu, Congzheng and Letchford, Adam N and Svetunkov, Ivan},
  journal={European Journal of Operational Research},
  volume={300},
  number={2},
  pages={590--601},
  year={2022},
  publisher={Elsevier},
  doi = {https://doi.org/10.1016/j.ejor.2021.08.013}
}

@article{koenker2001quantile,
  title={Quantile regression},
  author={Koenker, Roger and Hallock, Kevin F},
  journal={Journal of economic perspectives},
  volume={15},
  number={4},
  pages={143--156},
  year={2001},
  publisher={American Economic Association}
}


@InProceedings{ seabold2010statsmodels,
  author    = { {S}kipper {S}eabold and {J}osef {P}erktold },
  title     = { {S}tatsmodels: {E}conometric and {S}tatistical {M}odeling with {P}ython },
  booktitle = { {P}roceedings of the 9th {P}ython in {S}cience {C}onference },
  pages     = { 92 - 96 },
  year      = { 2010 },
  editor    = { {S}t\'efan van der {W}alt and {J}arrod {M}illman },
  doi       = { 10.25080/Majora-92bf1922-011 }
}


@book{higle_sen_1996,
  title={Stochastic Decomposition},
  author={Higle, Julie L. and Sen, Suvrajeet},
  year={1996},
  publisher={Kluwer Academic Publishers},
  address={Norwell, MA, USA},
  doi = {https://doi.org/10.1007/978-1-4615-4115-8}
}

@Inbook{Ntaimo2024,
author="Ntaimo, Lewis",
title="Example Applications of Stochastic Programming",
bookTitle="Computational Stochastic Programming: Models, Algorithms, and Implementation",
year="2024",
publisher="Springer International Publishing",
address="Cham",
pages="111--152",
abstract="In this chapter, we preview a variety of example applications of stochastic programming (SP). These applications include flexible manufacturing production planning, facility location, supply chain planning, fuel treatment planning, healthcare appointment scheduling, airport time slot allocation, air traffic flow management, satellite constellation scheduling, wildfire response planning, and vaccine allocation for epidemics. These applications span different classes of SP, i.e., stochastic linear programming (SLP), stochastic mixed-integer programming (SMIP), and probabilistically constrained stochastic programming (PC-SP). We provide simplified problem formulations with a focus on how to model the key elements of the problem.",
isbn="978-3-031-52464-6",
doi="10.1007/978-3-031-52464-6_4",
url="https://doi.org/10.1007/978-3-031-52464-6_4"
}



@article{krokhmal2002portfolio,
  title={Portfolio optimization with conditional value-at-risk objective and constraints},
  author={Krokhmal, Pavlo and Palmquist, Jonas and Uryasev, Stanislav},
  journal={Journal of risk},
  volume={4},
  pages={43--68},
  year={2002},
  publisher={Citeseer},
  doi = {10.21314/JOR.2002.057}
}


@article{vaswani2017attention,
  title={Attention is all you need},
  author={Vaswani, A},
  journal={Advances in Neural Information Processing Systems},
  year={2017}
}

@manual{skorch,
  author       = {Marian Tietz and Thomas J. Fan and Daniel Nouri and Benjamin Bossan and {skorch Developers}},
  title        = {skorch: A scikit-learn compatible neural network library that wraps PyTorch},
  month        = jul,
  year         = 2017,
  url          = {https://skorch.readthedocs.io/en/stable/}
}

@inproceedings{tabaghi2024universal,
  title={Universal representation of permutation-invariant functions on vectors and tensors},
  author={Tabaghi, Puoya and Wang, Yusu},
  booktitle={International Conference on Algorithmic Learning Theory},
  pages={1134--1187},
  year={2024},
  organization={PMLR}
}