@inproceedings{DBLP:conf/comma/WuLON16,
  author       = {Jiachao Wu and
                  Hengfei Li and
                  Nir Oren and
                  Timothy J. Norman},
  title        = {G{\"{o}}del Fuzzy Argumentation Frameworks},
  booktitle    = {{COMMA}},
  series       = {Frontiers in Artificial Intelligence and Applications},
  volume       = {287},
  pages        = {447--458},
  publisher    = {{IOS} Press},
  year         = {2016}
}

@inproceedings{DBLP:conf/nmr/EspinozaNT23,
  author       = {Mariela Morveli Espinoza and
                  Juan Carlos Nieves and
                  Cesar A. Tacla},
  editor       = {Kai Sauerwald and
                  Matthias Thimm},
  title        = {A Gradual Semantics with Imprecise Probabilities for Support Argumentation
                  Frameworks},
  booktitle    = {Proceedings of the 21st International Workshop on Non-Monotonic Reasoning
                  co-located with the 20th International Conference on Principles of
                  Knowledge Representation and Reasoning {(KR} 2023) and co-located
                  with the 36th International Workshop on Description Logics {(DL} 2023),
                  Rhodes, Greece, September 2-4, 2023},
  series       = {{CEUR} Workshop Proceedings},
  volume       = {3464},
  pages        = {84--93},
  publisher    = {CEUR-WS.org},
  year         = {2023},
  url          = {https://ceur-ws.org/Vol-3464/paper9.pdf},
  timestamp    = {Tue, 05 Sep 2023 17:08:45 +0200},
  biburl       = {https://dblp.org/rec/conf/nmr/EspinozaNT23.bib},
  bibsource    = {dblp computer science bibliography, https://dblp.org}
}

@article{baumann:hal-03541704,
  TITLE = {{Enforcement in Formal Argumentation}},
  AUTHOR = {Baumann, Ringo and Doutre, Sylvie and Mailly, Jean-Guy and Wallner, Johannes Peter},
  URL = {https://hal.science/hal-03541704},
  NOTE = {ISBN : 978-1-84890-371-5},
  JOURNAL = {{IfColog Journal of Logics and their Applications (FLAP)}},
  PUBLISHER = {{College Publications}},
  SERIES = {Special Issue on Formal Argumentaiton},
  VOLUME = {8},
  NUMBER = {6},
  PAGES = {1623-1678},
  YEAR = {2021},
  MONTH = Jul,
  PDF = {https://hal.science/hal-03541704v1/file/Enforcement%20in%20Formal%20Argumentation.pdf},
  HAL_ID = {hal-03541704},
  HAL_VERSION = {v1},
}

@inbook{hunter21probabilistic,
    author = "Anthony Hunter and Sylwia Polberg and Nikolas Potyka and Tjitze Rienstra and Mathhias Thimm",
    chapter = "Probabilistic argumentation: A Survey",
    publisher = "College Publications",
    year = 2021,
    title = "Handbook of Formal Argumentation",
    volume = 2
}

