@inproceedings{bau2019seeing,
  title={Seeing what a gan cannot generate},
  author={Bau, David and Zhu, Jun-Yan and Wulff, Jonas and Peebles, William and Strobelt, Hendrik and Zhou, Bolei and Torralba, Antonio},
  booktitle={Proceedings of the IEEE/CVF International Conference on Computer Vision},
  pages={4502--4511},
  year={2019}
}

@article{bi_lstm,
  author  = {Schuster, M. and Paliwal, K.K.},
  journal = {IEEE Trans. on Signal Process.},
  title   = {Bidirectional Recurrent Neural Networks},
  volume  = {45},
  year    = {1997}
}

@inproceedings{choi2020starganv2,
  author    = {Choi, Yunjey and Uh, Youngjung and Yoo, Jaejun and Ha, Jung-Woo},
  booktitle = {Proc. of CVPR},
  pages     = {8185--8194},
  title     = {{StarGAN} v2: {Diverse} Image Synthesis for Multiple Domains},
  year      = {2020}
}

@inproceedings{chopra2005learning,
  title={Learning a similarity metric discriminatively, with application to face verification},
  author={Chopra, Sumit and Hadsell, Raia and LeCun, Yann},
  booktitle={Proc. of CVPR},
  volume={1},
  pages={539--546},
  year={2005},
  organization={IEEE}
}

@article{coutfitgan,
  author  = {Zhou, Dongliang and Zhang, Haijun and Li, Qun and Ma, Jianghong and Xu, Xiaofei},
  journal = {IEEE Trans. on Multimedia},
  title   = {{COutfitGAN}: {Learning} to Synthesize Compatible Outfits Supervised by Silhouette Masks and Fashion Styles},
  year    = {2023},
  volume  = {},
  number  = {},
  pages   = {1-15}
}

@inproceedings{cui2019dressing,
  title     = {Dressing as a whole: Outfit compatibility learning based on node-wise graph neural networks},
  author    = {Cui, Zeyu and Li, Zekun and Wu, Shu and Zhang, Xiao-Yu and Wang, Liang},
  booktitle = {Proc. of WWW},
  pages     = {307--317},
  year      = {2019}
}

@inproceedings{goodfellow2014generative,
  title   = {Generative Adversarial Nets},
  author  = {Goodfellow, Ian and Pouget-Abadie, Jean and Mirza, Mehdi and Xu, Bing and Warde-Farley, David and Ozair, Sherjil and Courville, Aaron and Bengio, Yoshua},
  booktitle = {Proc. of NeurIPS},
  volume  = {27},
  pages = {1--9},
  year    = {2014}
}

@inproceedings{han2017learning,
  title     = {Learning Fashion Compatibility with Bidirectional {LSTMs}},
  author    = {Han, Xintong and Wu, Zuxuan and Jiang, Yu-Gang and Davis, Larry S},
  booktitle = {Proc. of ACMMM},
  pages     = {1078--1086},
  year      = {2017}
}

@inproceedings{huang2018multimodal,
  title     = {Multimodal Unsupervised Image-to-Image Translation},
  author    = {Huang, Xun and Liu, Ming-Yu and Belongie, Serge and Kautz, Jan},
  booktitle = {Proc. of ECCV},
  pages     = {172--189},
  year      = {2018}
}

@inproceedings{lee2018diverse,
  title     = {Diverse Image-to-Image Translation via Disentangled Representations},
  author    = {Lee, Hsin-Ying and Tseng, Hung-Yu and Huang, Jia-Bin and Singh, Maneesh and Yang, Ming-Hsuan},
  booktitle = {Proc. of ECCV},
  pages     = {35--51},
  year      = {2018}
}

@article{lee2020drit++,
  title     = {{DRIT++}: {Diverse} Image-to-Image Translation via Disentangled Representations},
  author    = {Lee, Hsin-Ying and Tseng, Hung-Yu and Mao, Qi and Huang, Jia-Bin and Lu, Yu-Ding and Singh, Maneesh and Yang, Ming-Hsuan},
  journal   = {Int. Journal of Comput. Vis.},
  volume    = {128},
  number    = {10},
  pages     = {2402--2417},
  year      = {2020},
  publisher = {Springer}
}

@inproceedings{li2020hierarchical,
  title     = {Hierarchical Fashion Graph Network for Personalized Outfit Recommendation},
  author    = {Li, Xingchen and Wang, Xiang and He, Xiangnan and Chen, Long and Xiao, Jun and Chua, Tat-Seng},
  booktitle = {Proc. of SIGIR},
  pages     = {159--168},
  year      = {2020}
}

@article{liu2019collocating,
  title     = {Collocating Clothes with Generative Adversarial Networks Cosupervised by Categories and Attributes: {A} Multidiscriminator Framework},
  author    = {Liu, Linlin and Zhang, Haijun and Xu, Xiaofei and Zhang, Zhao and Yan, Shuicheng},
  journal   = {IEEE Trans. on Neural Netw. and Learning Syst.},
  volume    = {31},
  number    = {9},
  pages     = {3540--3554},
  year      = {2019},
  publisher = {IEEE}
}

@article{liu2019toward,
  author  = {Liu, Linlin and Zhang, Haijun and Ji, Yuzhu and Wu, QM Jonathan},
  journal = {Neurocomputing},
  title   = {Toward {AI} fashion Design: {An} {Attribute-GAN} Model for Clothing Match},
  volume  = {341},
  year    = {2019}
}

@article{mao2022continuous,
  title     = {Continuous and Diverse Image-to-Image Translation via Signed Attribute Vectors},
  author    = {Mao, Qi and Tseng, Hung-Yu and Lee, Hsin-Ying and Huang, Jia-Bin and Ma, Siwei and Yang, Ming-Hsuan},
  journal   = {Int. Journal of Comput. Vis.},
  volume    = {130},
  number    = {2},
  pages     = {517--549},
  year      = {2022},
  publisher = {Springer}
}

@inproceedings{mcauley2015image,
  title     = {Image-based recommendations on styles and substitutes},
  author    = {McAuley, Julian and Targett, Christopher and Shi, Qinfeng and Van Den Hengel, Anton},
  booktitle = {Proc. of SIGIR},
  pages     = {43--52},
  year      = {2015}
}

@article{outfitgan,
  author  = {Zhou, Dongliang and Zhang, Haijun and Yang, Kai and Yan, Han and Xu, Xiaofei and Zhang, Zhao and Yan, Shuicheng},
  journal = {IEEE Trans. on Neural Netw. and Learning Syst.},
  title   = {Learning to Synthesize Compatible Fashion Items
             Using Semantic Alignment and Collocation
             Classification: {An} Outfit Generation Framework},
  year    = {2023},
  volume  = {},
  number  = {},
  pages   = {1-16}
}

@article{peng2022robust,
  title={A Robust Coverless Steganography Based on Generative Adversarial Networks and Gradient Descent Approximation},
  author={Peng, Fei and Chen, Guanfu and Long, Min},
  journal={IEEE Trans. on Circuits and Syst. for Video Technol.},
  volume={32},
  number={9},
  pages={5817--5829},
  year={2022},
  publisher={IEEE}
}

@inproceedings{richardson2021encoding,
  title={Encoding in Style: {A} {StyleGAN} Encoder for Image-to-Image Translation},
  author={Richardson, Elad and Alaluf, Yuval and Patashnik, Or and Nitzan, Yotam and Azar, Yaniv and Shapiro, Stav and Cohen-Or, Daniel},
  booktitle={Proc. of CVPR},
  pages={2287--2296},
  year={2021}
}

@article{shen2020interfacegan,
  title   = {InterFaceGAN: Interpreting the Disentangled Face Representation Learned by GANs},
  author  = {Shen, Yujun and Yang, Ceyuan and Tang, Xiaoou and Zhou, Bolei},
  journal = {TPAMI},
  year    = {2020}
}

@inproceedings{tewari2020stylerig,
  title={Stylerig: Rigging stylegan for 3d control over portrait images},
  author={Tewari, Ayush and Elgharib, Mohamed and Bharaj, Gaurav and Bernard, Florian and Seidel, Hans-Peter and P{\'e}rez, Patrick and Zollhofer, Michael and Theobalt, Christian},
  booktitle={Proceedings of the IEEE/CVF Conference on Computer Vision and Pattern Recognition},
  pages={6142--6151},
  year={2020}
}

@article{tov2021designing,
  title={Designing an Encoder for {StyleGAN} Image Manipulation},
  author={Tov, Omer and Alaluf, Yuval and Nitzan, Yotam and Patashnik, Or and Cohen-Or, Daniel},
  journal={ACM Trans. on Graphics},
  volume={40},
  number={4},
  pages={1--14},
  year={2021},
  publisher={ACM New York, NY, USA}
}

@inproceedings{vasileva2018learning,
  author    = {Vasileva, Mariya I and Plummer, Bryan A and Dusad, Krishna and Rajpal, Shreya and Kumar, Ranjitha and Forsyth, David},
  booktitle = {Proc. of ECCV},
  title     = {Learning Type-aware Embeddings for Fashion Compatibility},
  pages     = {390--405},
  year      = {2018}
}

@inproceedings{veit2015learning,
  title     = {Learning visual clothing style with heterogeneous dyadic co-occurrences},
  author    = {Veit, Andreas and Kovacs, Balazs and Bell, Sean and McAuley, Julian and Bala, Kavita and Belongie, Serge},
  booktitle = {Proc. of ICCV},
  pages     = {4642--4650},
  year      = {2015}
}

@article{xia2022gan,
  title={GAN inversion: A survey},
  author={Xia, Weihao and Zhang, Yulun and Yang, Yujiu and Xue, Jing-Hao and Zhou, Bolei and Yang, Ming-Hsuan},
  journal={IEEE Transactions on Pattern Analysis and Machine Intelligence},
  volume={45},
  number={3},
  pages={3121--3138},
  year={2022},
  publisher={IEEE}
}

@article{xie2021dual,
  title={Dual-domain Generative Adversarial Network for Digital Image Operation Anti-forensics},
  author={Xie, Hao and Ni, Jiangqun and Shi, Yun-Qing},
  journal={IEEE Trans. on Circuits and Syst. for Video Technol.},
  volume={32},
  number={3},
  pages={1701--1706},
  year={2021},
  publisher={IEEE}
}

@inproceedings{yu2019personalized,
  title     = {Personalized Fashion Design},
  author    = {Yu, Cong and Hu, Yang and Chen, Yan and Zeng, Bing},
  booktitle = {Proc. of ICCV},
  pages     = {9046--9055},
  year      = {2019}
}

@article{zhao2020scgan,
  title={{SCGAN}: {Saliency} Map-guided Colorization with Generative Adversarial Network},
  author={Zhao, Yuzhi and Po, Lai-Man and Cheung, Kwok-Wai and Yu, Wing-Yin and Rehman, Yasar Abbas Ur},
  journal={IEEE Trans. on Circuits and Syst. for Video Technol.},
  volume={31},
  number={8},
  pages={3062--3077},
  year={2020},
  publisher={IEEE}
}

@inproceedings{zhu2020domain,
  title        = {In-domain {GAN} Inversion for Real Image Editing},
  author       = {Zhu, Jiapeng and Shen, Yujun and Zhao, Deli and Zhou, Bolei},
  booktitle    = {Proc. of ECCV},
  pages        = {592--608},
  year         = {2020},
  organization = {Springer}
}

