% Encoding: UTF-8
@IEEEtranBSTCTL{IEEEexample:BSTcontrol,
CTLuse_forced_etal       = "yes",
CTLmax_names_forced_etal = "3",
CTLnames_show_etal       = "1" }
@inproceedings{choi2020starganv2,
  author    = {Choi, Yunjey and Uh, Youngjung and Yoo, Jaejun and Ha, Jung-Woo},
  booktitle = {Proc. of CVPR},
  pages     = {8185--8194},
  title     = {{StarGAN} v2: {Diverse} Image Synthesis for Multiple Domains},
  year      = {2020}
}

@article{coutfitgan,
  author  = {Zhou, Dongliang and Zhang, Haijun and Li, Qun and Ma, Jianghong and Xu, Xiaofei},
  journal = {IEEE Trans. on Multimedia},
  title   = {{COutfitGAN}: {Learning} to Synthesize Compatible Outfits Supervised by Silhouette Masks and Fashion Styles},
  year    = {2023},
  volume  = {},
  number  = {},
  pages   = {1-15}
}

@inproceedings{mcauley2015image,
  title     = {Image-based recommendations on styles and substitutes},
  author    = {McAuley, Julian and Targett, Christopher and Shi, Qinfeng and Van Den Hengel, Anton},
  booktitle = {Proc. of SIGIR},
  pages     = {43--52},
  year      = {2015}
}

@inproceedings{veit2015learning,
  title     = {Learning visual clothing style with heterogeneous dyadic co-occurrences},
  author    = {Veit, Andreas and Kovacs, Balazs and Bell, Sean and McAuley, Julian and Bala, Kavita and Belongie, Serge},
  booktitle = {Proc. of ICCV},
  pages     = {4642--4650},
  year      = {2015}
}

@inproceedings{vasileva2018learning,
  author    = {Vasileva, Mariya I and Plummer, Bryan A and Dusad, Krishna and Rajpal, Shreya and Kumar, Ranjitha and Forsyth, David},
  booktitle = {Proc. of ECCV},
  title     = {Learning Type-aware Embeddings for Fashion Compatibility},
  pages     = {390--405},
  year      = {2018}
}

@inproceedings{han2017learning,
  title     = {Learning Fashion Compatibility with Bidirectional {LSTMs}},
  author    = {Han, Xintong and Wu, Zuxuan and Jiang, Yu-Gang and Davis, Larry S},
  booktitle = {Proc. of ACMMM},
  pages     = {1078--1086},
  year      = {2017}
}

@inproceedings{huang2018multimodal,
  title     = {Multimodal Unsupervised Image-to-Image Translation},
  author    = {Huang, Xun and Liu, Ming-Yu and Belongie, Serge and Kautz, Jan},
  booktitle = {Proc. of ECCV},
  pages     = {172--189},
  year      = {2018}
}

@inproceedings{choi2018stargan,
  title     = {{StarGAN}: {Unified} Generative Adversarial Networks for Multi-domain Image-to-Image Translation},
  author    = {Choi, Yunjey and Choi, Minje and Kim, Munyoung and Ha, Jung-Woo and Kim, Sunghun and Choo, Jaegul},
  booktitle = {Proc. of CVPR},
  pages     = {8789--8797},
  year      = {2018}
}

@article{lee2020drit++,
  title     = {{DRIT++}: {Diverse} Image-to-Image Translation via Disentangled Representations},
  author    = {Lee, Hsin-Ying and Tseng, Hung-Yu and Mao, Qi and Huang, Jia-Bin and Lu, Yu-Ding and Singh, Maneesh and Yang, Ming-Hsuan},
  journal   = {Int. Journal of Comput. Vis.},
  volume    = {128},
  number    = {10},
  pages     = {2402--2417},
  year      = {2020},
  publisher = {Springer}
}

@article{mao2022continuous,
  title     = {Continuous and Diverse Image-to-Image Translation via Signed Attribute Vectors},
  author    = {Mao, Qi and Tseng, Hung-Yu and Lee, Hsin-Ying and Huang, Jia-Bin and Ma, Siwei and Yang, Ming-Hsuan},
  journal   = {Int. Journal of Comput. Vis.},
  volume    = {130},
  number    = {2},
  pages     = {517--549},
  year      = {2022},
  publisher = {Springer}
}

@inproceedings{karras2019style,
  title     = {A Style-based Generator Architecture for Generative Adversarial Networks},
  author    = {Karras, Tero and Laine, Samuli and Aila, Timo},
  booktitle = {Proc. of CVPR},
  pages     = {4401--4410},
  year      = {2019}
}

@inproceedings{zhu2020domain,
  title        = {In-domain {GAN} Inversion for Real Image Editing},
  author       = {Zhu, Jiapeng and Shen, Yujun and Zhao, Deli and Zhou, Bolei},
  booktitle    = {Proc. of ECCV},
  pages        = {592--608},
  year         = {2020},
  organization = {Springer}
}

@inproceedings{lee2018diverse,
  title     = {Diverse Image-to-Image Translation via Disentangled Representations},
  author    = {Lee, Hsin-Ying and Tseng, Hung-Yu and Huang, Jia-Bin and Singh, Maneesh and Yang, Ming-Hsuan},
  booktitle = {Proc. of ECCV},
  pages     = {35--51},
  year      = {2018}
}

@inproceedings{kingma2014adam,
  title   = {Adam: {A} Method for Stochastic Optimization},
  author  = {Kingma, Diederik P and Ba, Jimmy},
  booktitle = {Proc. of ICLR},
  pages     = {1--15},
  year    = {2014}
}

@article{liu2019collocating,
  title     = {Collocating Clothes with Generative Adversarial Networks Cosupervised by Categories and Attributes: {A} Multidiscriminator Framework},
  author    = {Liu, Linlin and Zhang, Haijun and Xu, Xiaofei and Zhang, Zhao and Yan, Shuicheng},
  journal   = {IEEE Trans. on Neural Netw. and Learning Syst.},
  volume    = {31},
  number    = {9},
  pages     = {3540--3554},
  year      = {2019},
  publisher = {IEEE}
}


@inproceedings{isola2017image,
  title     = {Image-to-Image Translation with Conditional Adversarial Networks},
  author    = {Isola, Phillip and Zhu, Jun-Yan and Zhou, Tinghui and Efros, Alexei A},
  booktitle = {Proc. of CVPR},
  pages     = {1125--1134},
  year      = {2017}
}

@inproceedings{wang2018high,
  title     = {High-resolution Image Synthesis and Semantic Manipulation with Conditional {GANs}},
  author    = {Wang, Ting-Chun and Liu, Ming-Yu and Zhu, Jun-Yan and Tao, Andrew and Kautz, Jan and Catanzaro, Bryan},
  booktitle = {Proc. of CVPR},
  pages     = {8798--8807},
  year      = {2018}
}

@inproceedings{zhu2017unpaired,
  title     = {Unpaired Image-to-Image Translation Using Cycle-consistent Adversarial Networks},
  author    = {Zhu, Jun-Yan and Park, Taesung and Isola, Phillip and Efros, Alexei A},
  booktitle = {Proc. of ICCV},
  pages     = {2223--2232},
  year      = {2017}
}

@inproceedings{park2020contrastive,
  title        = {Contrastive Learning for Unpaired Image-to-Image Translation},
  author       = {Park, Taesung and Efros, Alexei A and Zhang, Richard and Zhu, Jun-Yan},
  booktitle    = {Proc. of ECCV},
  pages        = {319--345},
  year         = {2020},
  organization = {Springer}
}

@inproceedings{cui2019dressing,
  title     = {Dressing as a whole: Outfit compatibility learning based on node-wise graph neural networks},
  author    = {Cui, Zeyu and Li, Zekun and Wu, Shu and Zhang, Xiao-Yu and Wang, Liang},
  booktitle = {Proc. of WWW},
  pages     = {307--317},
  year      = {2019}
}

@inproceedings{li2020hierarchical,
  title     = {Hierarchical Fashion Graph Network for Personalized Outfit Recommendation},
  author    = {Li, Xingchen and Wang, Xiang and He, Xiangnan and Chen, Long and Xiao, Jun and Chua, Tat-Seng},
  booktitle = {Proc. of SIGIR},
  pages     = {159--168},
  year      = {2020}
}

@inproceedings{goodfellow2014generative,
  title   = {Generative Adversarial Nets},
  author  = {Goodfellow, Ian and Pouget-Abadie, Jean and Mirza, Mehdi and Xu, Bing and Warde-Farley, David and Ozair, Sherjil and Courville, Aaron and Bengio, Yoshua},
  booktitle = {Proc. of NeurIPS},
  volume  = {27},
  pages = {1--9},
  year    = {2014}
}

@inproceedings{yu2019personalized,
  title     = {Personalized Fashion Design},
  author    = {Yu, Cong and Hu, Yang and Chen, Yan and Zeng, Bing},
  booktitle = {Proc. of ICCV},
  pages     = {9046--9055},
  year      = {2019}
}

@article{liu2019toward,
  author  = {Liu, Linlin and Zhang, Haijun and Ji, Yuzhu and Wu, QM Jonathan},
  journal = {Neurocomputing},
  title   = {Toward {AI} fashion Design: {An} {Attribute-GAN} Model for Clothing Match},
  volume  = {341},
  year    = {2019}
}

@inproceedings{paszke2017automatic,
  title  = {Automatic Differentiation in {PyTorch}},
  author = {Paszke, Adam and Gross, Sam and Chintala, Soumith and Chanan, Gregory and Yang, Edward and DeVito, Zachary and Lin, Zeming and Desmaison, Alban and Antiga, Luca and Lerer, Adam},
  booktitle = {Proc. of NeurIPS},
  pages     = {1--4},
  year   = {2017}
}

@inproceedings{yu2014fine,
  title     = {Fine-grained Visual Comparisons with Local Learning},
  author    = {Yu, Aron and Grauman, Kristen},
  booktitle = {Proc. of CVPR},
  pages     = {192--199},
  year      = {2014}
}

@article{outfitgan,
  author  = {Zhou, Dongliang and Zhang, Haijun and Yang, Kai and Yan, Han and Xu, Xiaofei and Zhang, Zhao and Yan, Shuicheng},
  journal = {IEEE Trans. on Neural Netw. and Learning Syst.},
  title   = {Learning to Synthesize Compatible Fashion Items
             Using Semantic Alignment and Collocation
             Classification: {An} Outfit Generation Framework},
  year    = {2023},
  volume  = {},
  number  = {},
  pages   = {1-16}
}

@article{bi_lstm,
  author  = {Schuster, M. and Paliwal, K.K.},
  journal = {IEEE Trans. on Signal Process.},
  title   = {Bidirectional Recurrent Neural Networks},
  volume  = {45},
  year    = {1997}
}

@inproceedings{karras2020training,
  title={Training Generative Adversarial Networks with Limited Data},
  author={Karras, Tero and Aittala, Miika and Hellsten, Janne and Laine, Samuli and Lehtinen, Jaakko and Aila, Timo},
  booktitle={Proc. of NeurIPS},
  pages={12104--12114},
  year={2020}
}

@inproceedings{karras2020analyzing,
  title={Analyzing and Improving the Image Quality of {StyleGAN}},
  author={Karras, Tero and Laine, Samuli and Aittala, Miika and Hellsten, Janne and Lehtinen, Jaakko and Aila, Timo},
  booktitle={Proc. of CVPR},
  pages={8110--8119},
  year={2020}
}

@article{tov2021designing,
  title={Designing an Encoder for {StyleGAN} Image Manipulation},
  author={Tov, Omer and Alaluf, Yuval and Nitzan, Yotam and Patashnik, Or and Cohen-Or, Daniel},
  journal={ACM Trans. on Graphics},
  volume={40},
  number={4},
  pages={1--14},
  year={2021},
  publisher={ACM New York, NY, USA}
}

@inproceedings{richardson2021encoding,
  title={Encoding in Style: {A} {StyleGAN} Encoder for Image-to-Image Translation},
  author={Richardson, Elad and Alaluf, Yuval and Patashnik, Or and Nitzan, Yotam and Azar, Yaniv and Shapiro, Stav and Cohen-Or, Daniel},
  booktitle={Proc. of CVPR},
  pages={2287--2296},
  year={2021}
}

@inproceedings{kingma2013auto,
  title={Auto-encoding Variational {Bayes}},
  author={Kingma, Diederik P and Welling, Max},
  booktitle={Proc. of ICLR},
  pages={1--14},
  year={2014}
}

@inproceedings{zhang2018perceptual,
  title={The Unreasonable Effectiveness of Deep Features as a Perceptual Metric},
  author={Zhang, Richard and Isola, Phillip and Efros, Alexei A and Shechtman, Eli and Wang, Oliver},
  booktitle={Proc. of CVPR},
  year={2018}
}

@inproceedings{deng2019arcface,
  title={Arcface: Additive Angular Margin Loss for Deep Face Recognition},
  author={Deng, Jiankang and Guo, Jia and Xue, Niannan and Zafeiriou, Stefanos},
  booktitle={Proc. of CVPR},
  pages={4690--4699},
  year={2019}
}

@inproceedings{hadsell2006dimensionality,
  title={Dimensionality reduction by learning an invariant mapping},
  author={Hadsell, Raia and Chopra, Sumit and LeCun, Yann},
  booktitle={Proc. of CVPR},
  volume={2},
  pages={1735--1742},
  year={2006},
  organization={IEEE}
}

@inproceedings{schroff2015facenet,
  title={Facenet: A unified embedding for face recognition and clustering},
  author={Schroff, Florian and Kalenichenko, Dmitry and Philbin, James},
  booktitle={Proc. of CVPR},
  pages={815--823},
  year={2015}
}

@inproceedings{chen2020simple,
  title={A Simple Framework for Contrastive Learning of Visual Representations},
  author={Chen, Ting and Kornblith, Simon and Norouzi, Mohammad and Hinton, Geoffrey},
  booktitle={Proc. of ICML},
  pages={1597--1607},
  year={2020},
  organization={PMLR}
}

@inproceedings{arjovsky2017wasserstein,
  title={Wasserstein Generative Adversarial Networks},
  author={Arjovsky, Martin and Chintala, Soumith and Bottou, L{\'e}on},
  booktitle={Proc. of ICML},
  pages={214--223},
  year={2017},
  organization={PMLR}
}

@inproceedings{heusel2017gans,
  title={{GANs} Trained by a Two Time-scale Update Rule Converge to a local {Nash} Equilibrium},
  author={Heusel, Martin and Ramsauer, Hubert and Unterthiner, Thomas and Nessler, Bernhard and Hochreiter, Sepp},
  booktitle={Proc. of NeurIPS},
  pages={1--12},
  year={2017}
}

@inproceedings{chopra2005learning,
  title={Learning a similarity metric discriminatively, with application to face verification},
  author={Chopra, Sumit and Hadsell, Raia and LeCun, Yann},
  booktitle={Proc. of CVPR},
  volume={1},
  pages={539--546},
  year={2005},
  organization={IEEE}
}


@inproceedings{rombach2022high,
  title={High-resolution image synthesis with latent diffusion models},
  author={Rombach, Robin and Blattmann, Andreas and Lorenz, Dominik and Esser, Patrick and Ommer, Bj{\"o}rn},
  booktitle={Proc. of CVPR},
  pages={10684--10695},
  year={2022}
}

@article{ho2020denoising,
  title={Denoising diffusion probabilistic models},
  author={Ho, Jonathan and Jain, Ajay and Abbeel, Pieter},
  journal={Proc. of NeurIPS},
  volume={33},
  pages={6840--6851},
  year={2020}
}

@article{yan2022texture,
  title={Texture Brush for Fashion Inspiration Transfer: A Generative Adversarial Network with Heatmap-guided Semantic Disentanglement},
  author={Yan, Han and Zhang, Haijun and Shi, Jianyang and Ma, Jianghong},
  journal={IEEE Trans. on Circuits and Syst. for Video Technol.},
  year={2022},
  publisher={IEEE}
}

@article{yang2021spatiotemporal,
  title={Spatiotemporal Generative Adversarial Network-based Dynamic Texture Synthesis for Surveillance Video Coding},
  author={Yang, Kun and Liu, Dong and Chen, Zhibo and Wu, Feng and Li, Weiping},
  journal={IEEE Trans. on Circuits and Syst. for Video Technol.},
  volume={32},
  number={1},
  pages={359--373},
  year={2021},
  publisher={IEEE}
}

@article{xia2021local,
  title={Local and global perception generative adversarial network for facial expression synthesis},
  author={Xia, Yifan and Zheng, Wenbo and Wang, Yiming and Yu, Hui and Dong, Junyu and Wang, Fei-Yue},
  journal={IEEE Trans. on Circuits and Syst. for Video Technol.},
  volume={32},
  number={3},
  pages={1443--1452},
  year={2021},
  publisher={IEEE}
}

@article{zhao2020scgan,
  title={{SCGAN}: {Saliency} Map-guided Colorization with Generative Adversarial Network},
  author={Zhao, Yuzhi and Po, Lai-Man and Cheung, Kwok-Wai and Yu, Wing-Yin and Rehman, Yasar Abbas Ur},
  journal={IEEE Trans. on Circuits and Syst. for Video Technol.},
  volume={31},
  number={8},
  pages={3062--3077},
  year={2020},
  publisher={IEEE}
}

@article{xie2021dual,
  title={Dual-domain Generative Adversarial Network for Digital Image Operation Anti-forensics},
  author={Xie, Hao and Ni, Jiangqun and Shi, Yun-Qing},
  journal={IEEE Trans. on Circuits and Syst. for Video Technol.},
  volume={32},
  number={3},
  pages={1701--1706},
  year={2021},
  publisher={IEEE}
}

@article{peng2022robust,
  title={A Robust Coverless Steganography Based on Generative Adversarial Networks and Gradient Descent Approximation},
  author={Peng, Fei and Chen, Guanfu and Long, Min},
  journal={IEEE Trans. on Circuits and Syst. for Video Technol.},
  volume={32},
  number={9},
  pages={5817--5829},
  year={2022},
  publisher={IEEE}
}

@article{xia2022gan,
  title={GAN inversion: A survey},
  author={Xia, Weihao and Zhang, Yulun and Yang, Yujiu and Xue, Jing-Hao and Zhou, Bolei and Yang, Ming-Hsuan},
  journal={IEEE Transactions on Pattern Analysis and Machine Intelligence},
  volume={45},
  number={3},
  pages={3121--3138},
  year={2022},
  publisher={IEEE}
}

@inproceedings{zhu2016generative,
  title={Generative visual manipulation on the natural image manifold},
  author={Zhu, Jun-Yan and Kr{\"a}henb{\"u}hl, Philipp and Shechtman, Eli and Efros, Alexei A},
  booktitle={Computer Vision--ECCV 2016: 14th European Conference, Amsterdam, The Netherlands, October 11-14, 2016, Proceedings, Part V 14},
  pages={597--613},
  year={2016},
  organization={Springer}
}

@inproceedings{tewari2020stylerig,
  title={Stylerig: Rigging stylegan for 3d control over portrait images},
  author={Tewari, Ayush and Elgharib, Mohamed and Bharaj, Gaurav and Bernard, Florian and Seidel, Hans-Peter and P{\'e}rez, Patrick and Zollhofer, Michael and Theobalt, Christian},
  booktitle={Proceedings of the IEEE/CVF Conference on Computer Vision and Pattern Recognition},
  pages={6142--6151},
  year={2020}
}

@inproceedings{bau2019seeing,
  title={Seeing what a gan cannot generate},
  author={Bau, David and Zhu, Jun-Yan and Wulff, Jonas and Peebles, William and Strobelt, Hendrik and Zhou, Bolei and Torralba, Antonio},
  booktitle={Proceedings of the IEEE/CVF International Conference on Computer Vision},
  pages={4502--4511},
  year={2019}
}


@article{shen2020interfacegan,
  title   = {InterFaceGAN: Interpreting the Disentangled Face Representation Learned by GANs},
  author  = {Shen, Yujun and Yang, Ceyuan and Tang, Xiaoou and Zhou, Bolei},
  journal = {TPAMI},
  year    = {2020}
}

@article{zhu2021learning,
  title={Learning deep patch representation for probabilistic graphical model-based face sketch synthesis},
  author={Zhu, Mingrui and Li, Jie and Wang, Nannan and Gao, Xinbo},
  journal={International Journal of Computer Vision},
  volume={129},
  pages={1820--1836},
  year={2021},
  publisher={Springer}
}

@article{zhu2020knowledge,
  title={Knowledge distillation for face photo--sketch synthesis},
  author={Zhu, Mingrui and Li, Jie and Wang, Nannan and Gao, Xinbo},
  journal={IEEE Transactions on Neural Networks and Learning Systems},
  volume={33},
  number={2},
  pages={893--906},
  year={2020},
  publisher={IEEE}
}

@article{zhu2019deep,
  title={A deep collaborative framework for face photo--sketch synthesis},
  author={Zhu, Mingrui and Li, Jie and Wang, Nannan and Gao, Xinbo},
  journal={IEEE transactions on neural networks and learning systems},
  volume={30},
  number={10},
  pages={3096--3108},
  year={2019},
  publisher={IEEE}
}

@article{xu2023spatiotemporal,
  title={Spatiotemporal Decouple-and-Squeeze Contrastive Learning for Semisupervised Skeleton-Based Action Recognition},
  author={Xu, Binqian and Shu, Xiangbo and Zhang, Jiachao and Dai, Guangzhao and Song, Yan},
  journal={IEEE Transactions on Neural Networks and Learning Systems},
  year={2023},
  publisher={IEEE}
}

@article{xu2023pyramid,
  title={Pyramid self-attention polymerization learning for semi-supervised skeleton-based action recognition},
  author={Xu, Binqian and Shu, Xiangbo},
  journal={arXiv preprint arXiv:2302.02327},
  year={2023}
}

@article{yan2023progressive,
  title={Progressive Instance-Aware Feature Learning for Compositional Action Recognition},
  author={Yan, Rui and Xie, Lingxi and Shu, Xiangbo and Zhang, Liyan and Tang, Jinhui},
  journal={IEEE Transactions on Pattern Analysis and Machine Intelligence},
  year={2023},
  publisher={IEEE}
}

@article{shu2022multi,
  title={Multi-granularity anchor-contrastive representation learning for semi-supervised skeleton-based action recognition},
  author={Shu, Xiangbo and Xu, Binqian and Zhang, Liyan and Tang, Jinhui},
  journal={IEEE Transactions on Pattern Analysis and Machine Intelligence},
  year={2022},
  publisher={IEEE}
}

@article{xu2022x,
  title={X-invariant contrastive augmentation and representation learning for semi-supervised skeleton-based action recognition},
  author={Xu, Binqian and Shu, Xiangbo and Song, Yan},
  journal={IEEE Transactions on Image Proces.},
  volume={31},
  pages={3852--3867},
  year={2022},
  publisher={IEEE}
}

@inproceedings{zhou2023fcboost,
  title={FCBoost-Net: A Generative Network for Synthesizing Multiple Collocated Outfits via Fashion Compatibility Boosting},
  author={Zhou, Dongliang and Zhang, Haijun and Ma, Jianghong and Fan, Jicong and Zhang, Zhao},
  booktitle={Proc. of ACMMM},
  pages={1--9},
  year={2023},
  organization={ACM}
}