@INPROCEEDINGS{Balle2020,
  Author = {Borja Balle and James Bell and Adrià Gascón and Kobbi Nissim},
  Booktitle = {CCS},
  Title = {{Private Summation in the Multi-Message Shuffle Model}},
  Year = {2020}}

@inproceedings{Cheu2019,
 author = {Albert Cheu and Adam D. Smith and Jonathan Ullman and David Zeber and Maxim Zhilyaev},
 title = {{Distributed Differential Privacy via Shuffling}},
 booktitle = {EUROCRYPT},
 year = {2019}
}

@inproceedings{Dwork2006ourselves,
 author = {Cynthia Dwork and Krishnaram Kenthapadi and Frank McSherry and Ilya Mironov and Moni Naor},
 title = {{Our Data, Ourselves: Privacy Via Distributed Noise Generation}},
 booktitle = {EUROCRYPT},
 year = {2006}
}

@INPROCEEDINGS{Ghazi2020ICML,
  author = {Badih Ghazi and Ravi Kumar and Pasin Manurangsi and Rasmus Pagh},
  title = {Private Counting from Anonymous Messages: Near-Optimal Accuracy
  with Vanishing Communication Overhead},
  booktitle = {{ICML}},
  year = {2020}
}

@techreport{Hartmann2019,
  Author = {Valentin Hartmann and Robert West},
  Institution = {arXiv:1906.11993},
  Title = {{Privacy-Preserving Distributed Learning with Secret Gradient Descent}},
  Year = {2019}}

@INPROCEEDINGS{Jayaraman2018,
  author = {Bargav Jayaraman and Lingxiao Wang and David Evans and Quanquan Gu},
  title = {Distributed Learning without Distress: Privacy-Preserving Empirical Risk Minimization},
  booktitle = {{NeurIPS}},
  year = {2018}
}

@article{Kairouz2016a,
  Author = {Peter Kairouz and Sewoong Oh and Pramod Viswanath},
  Date-Added = {2017-05-19 2:32:13 PM +0000},
  Date-Modified = {2017-05-19 2:32:38 PM +0000},
  Journal = {{J}ournal of {M}achine {L}earning {R}esearch},
  Keywords = {privacy, distributed},
  Pages = {1--51},
  Title = {{Extremal Mechanisms for Local Differential Privacy}},
  Volume = {17},
  Year = {2016}}

@inproceedings{Kasiviswanathan2008,
 author = {Shiva Prasad Kasiviswanathan and Homin K. Lee and Kobbi Nissim and Sofya Raskhodnikova and Adam D. Smith},
 title = {{What Can We Learn Privately?}},
 booktitle = {FOCS},
 year = {2008}
}

@inproceedings{amp_shuffling,
  Author = {Erlingsson, Ulfar and Vitaly Feldman and Ilya Mironov and Ananth
  Raghunathan and Kunal Talwar},
  booktitle = {SODA},
  Title = {{Amplification by Shuffling: From Local to Central Differential Privacy via Anonymity}},
  Year = {2019}}

@inproceedings{d13,
  title={Local privacy and statistical minimax rates},
  author={Duchi, John C and Jordan, Michael I and Wainwright, Martin J},
  booktitle={FOCS},
  year={2013}
}

@inproceedings{discrete_dis_local,
    Author = {Peter Kairouz and Keith Bonawitz and Daniel Ramage},
    Booktitle = {ICML},
    Title = {Discrete Distribution Estimation under Local Privacy},
    Year = {2016}}

@article{imtiaz2021distributed,
	title={Distributed Differentially Private Computation of Functions with Correlated Noise},
	author={Imtiaz, Hafiz and Mohammadi, Jafar and Sarwate, Anand D},
	journal={arXiv preprint arXiv:1904.10059},
	year={2021}
}

@inproceedings{kairouz2015secure,
  title={Secure Multi-party Differential Privacy},
  author={Kairouz, Peter and Oh, Sewoong and Viswanath, Pramod},
  booktitle={NIPS},
  year={2015}
}

@InProceedings{pmlr-v139-kairouz21a,
	title = 	 {The Distributed Discrete Gaussian Mechanism for Federated Learning with Secure Aggregation},
	author =       {Kairouz, Peter and Liu, Ziyu and Steinke, Thomas},
	booktitle = 	 {ICML},
	year = 	 {2021}
}

@misc{sabater2021accurate,
      title={An Accurate, Scalable and Verifiable Protocol for Federated Differentially Private Averaging},
      author={César Sabater and Aurélien Bellet and Jan Ramon},
      year={2021},
      eprint={2006.07218},
      archivePrefix={arXiv},
      primaryClass={cs.CR}
}

@INPROCEEDINGS{skellam,
  author = {Naman Agarwal and Peter Kairouz and Ziyu Liu},
  title = {The Skellam Mechanism for Differentially Private Federated Learning},
  booktitle = {{NeurIPS}},
  year = {2021}
}

