@article{GPT-4,
  title={\url{https://platform.openai.com/docs/models/gpt-4-and-gpt-4-turbo}},
  author={GPT-4},
  journal={OpenAI},
  year={2023}
}

@article{aixcoder,
  author       = {Siyuan Jiang and
                  Jia Li and
                  He Zong and
                  Huanyu Liu and
                  Hao Zhu and
                  Shukai Hu and
                  Erlu Li and
                  Jiazheng Ding and
                  Yu Han and
                  Wei Ning and
                  Gen Wang and
                  Yihong Dong and
                  Kechi Zhang and
                  Ge Li},
  title        = {aiXcoder-7B: {A} Lightweight and Effective Large Language Model for
                  Code Completion},
  journal      = {CoRR},
  volume       = {abs/2410.13187},
  year         = {2024},
  url          = {https://doi.org/10.48550/arXiv.2410.13187},
  doi          = {10.48550/ARXIV.2410.13187},
  eprinttype    = {arXiv},
  eprint       = {2410.13187},
  timestamp    = {Tue, 07 Jan 2025 13:59:56 +0100},
  biburl       = {https://dblp.org/rec/journals/corr/abs-2410-13187.bib},
  bibsource    = {dblp computer science bibliography, https://dblp.org}
}

@article{cdpo,
  author       = {Zicheng Lin and
                  Tian Liang and
                  Jiahao Xu and
                  Xing Wang and
                  Ruilin Luo and
                  Chufan Shi and
                  Siheng Li and
                  Yujiu Yang and
                  Zhaopeng Tu},
  title        = {Critical Tokens Matter: Token-Level Contrastive Estimation Enhances
                  LLM's Reasoning Capability},
  journal      = {CoRR},
  volume       = {abs/2411.19943},
  year         = {2024},
  url          = {https://doi.org/10.48550/arXiv.2411.19943},
  doi          = {10.48550/ARXIV.2411.19943},
  eprinttype    = {arXiv},
  eprint       = {2411.19943},
  timestamp    = {Wed, 01 Jan 2025 14:15:42 +0100},
  biburl       = {https://dblp.org/rec/journals/corr/abs-2411-19943.bib},
  bibsource    = {dblp computer science bibliography, https://dblp.org}
}

@article{codedpo,
  author       = {Kechi Zhang and
                  Ge Li and
                  Yihong Dong and
                  Jingjing Xu and
                  Jun Zhang and
                  Jing Su and
                  Yongfei Liu and
                  Zhi Jin},
  title        = {CodeDPO: Aligning Code Models with Self Generated and Verified Source
                  Code},
  journal      = {CoRR},
  volume       = {abs/2410.05605},
  year         = {2024},
  url          = {https://doi.org/10.48550/arXiv.2410.05605},
  doi          = {10.48550/ARXIV.2410.05605},
  eprinttype    = {arXiv},
  eprint       = {2410.05605},
  timestamp    = {Mon, 18 Nov 2024 14:52:07 +0100},
  biburl       = {https://dblp.org/rec/journals/corr/abs-2410-05605.bib},
  bibsource    = {dblp computer science bibliography, https://dblp.org}
}

@article{codeoptimise,
  author       = {Leonidas Gee and
                  Milan Gritta and
                  Gerasimos Lampouras and
                  Ignacio Iacobacci},
  title        = {Code-Optimise: Self-Generated Preference Data for Correctness and
                  Efficiency},
  journal      = {CoRR},
  volume       = {abs/2406.12502},
  year         = {2024},
  url          = {https://doi.org/10.48550/arXiv.2406.12502},
  doi          = {10.48550/ARXIV.2406.12502},
  eprinttype    = {arXiv},
  eprint       = {2406.12502},
  timestamp    = {Fri, 12 Jul 2024 19:38:42 +0200},
  biburl       = {https://dblp.org/rec/journals/corr/abs-2406-12502.bib},
  bibsource    = {dblp computer science bibliography, https://dblp.org}
}

@article{guo2024deepseek,
  title={DeepSeek-Coder: When the Large Language Model Meets Programming--The Rise of Code Intelligence},
  author={Guo, Daya and Zhu, Qihao and Yang, Dejian and Xie, Zhenda and Dong, Kai and Zhang, Wentao and Chen, Guanting and Bi, Xiao and Wu, Yu and Li, YK and others},
  journal={arXiv preprint arXiv:2401.14196},
  year={2024}
}

@article{lai2024step,
  title={Step-dpo: Step-wise preference optimization for long-chain reasoning of llms},
  author={Lai, Xin and Tian, Zhuotao and Chen, Yukang and Yang, Senqiao and Peng, Xiangru and Jia, Jiaya},
  journal={arXiv preprint arXiv:2406.18629},
  year={2024}
}

@article{li2023starcoder,
  title={Starcoder: may the source be with you!},
  author={Li, Raymond and Allal, Loubna Ben and Zi, Yangtian and Muennighoff, Niklas and Kocetkov, Denis and Mou, Chenghao and Marone, Marc and Akiki, Christopher and Li, Jia and Chim, Jenny and others},
  journal={arXiv preprint arXiv:2305.06161},
  year={2023}
}

@article{luo2023wizardcoder,
  title={Wizardcoder: Empowering code large language models with evol-instruct},
  author={Luo, Ziyang and Xu, Can and Zhao, Pu and Sun, Qingfeng and Geng, Xiubo and Hu, Wenxiang and Tao, Chongyang and Ma, Jing and Lin, Qingwei and Jiang, Daxin},
  journal={arXiv preprint arXiv:2306.08568},
  year={2023}
}

@article{plum,
  author       = {Dylan Zhang and
                  Shizhe Diao and
                  Xueyan Zou and
                  Hao Peng},
  title        = {{PLUM:} Preference Learning Plus Test Cases Yields Better Code Language
                  Models},
  journal      = {CoRR},
  volume       = {abs/2406.06887},
  year         = {2024},
  url          = {https://doi.org/10.48550/arXiv.2406.06887},
  doi          = {10.48550/ARXIV.2406.06887},
  eprinttype    = {arXiv},
  eprint       = {2406.06887},
  timestamp    = {Mon, 08 Jul 2024 17:47:28 +0200},
  biburl       = {https://dblp.org/rec/journals/corr/abs-2406-06887.bib},
  bibsource    = {dblp computer science bibliography, https://dblp.org}
}

@article{qwencoder,
  author       = {Binyuan Hui and
                  Jian Yang and
                  Zeyu Cui and
                  Jiaxi Yang and
                  Dayiheng Liu and
                  Lei Zhang and
                  Tianyu Liu and
                  Jiajun Zhang and
                  Bowen Yu and
                  Kai Dang and
                  An Yang and
                  Rui Men and
                  Fei Huang and
                  Xingzhang Ren and
                  Xuancheng Ren and
                  Jingren Zhou and
                  Junyang Lin},
  title        = {Qwen2.5-Coder Technical Report},
  journal      = {CoRR},
  volume       = {abs/2409.12186},
  year         = {2024},
  url          = {https://doi.org/10.48550/arXiv.2409.12186},
  doi          = {10.48550/ARXIV.2409.12186},
  eprinttype    = {arXiv},
  eprint       = {2409.12186},
  timestamp    = {Mon, 03 Feb 2025 09:03:00 +0100},
  biburl       = {https://dblp.org/rec/journals/corr/abs-2409-12186.bib},
  bibsource    = {dblp computer science bibliography, https://dblp.org}
}

@article{rafailov2024direct,
  title={Direct preference optimization: Your language model is secretly a reward model},
  author={Rafailov, Rafael and Sharma, Archit and Mitchell, Eric and Manning, Christopher D and Ermon, Stefano and Finn, Chelsea},
  journal={Advances in Neural Information Processing Systems},
  volume={36},
  year={2024}
}

@inproceedings{stepcoder,
  author       = {Shihan Dou and
                  Yan Liu and
                  Haoxiang Jia and
                  Enyu Zhou and
                  Limao Xiong and
                  Junjie Shan and
                  Caishuang Huang and
                  Xiao Wang and
                  Xiaoran Fan and
                  Zhiheng Xi and
                  Yuhao Zhou and
                  Tao Ji and
                  Rui Zheng and
                  Qi Zhang and
                  Tao Gui and
                  Xuanjing Huang},
  title        = {StepCoder: Improving Code Generation with Reinforcement Learning from
                  Compiler Feedback},
  booktitle    = {Proceedings of the 62nd Annual Meeting of the Association for Computational
                  Linguistics (Volume 1: Long Papers), {ACL} 2024, Bangkok, Thailand,
                  August 11-16, 2024},
  pages        = {4571--4585},
  year         = {2024},
  url          = {https://doi.org/10.18653/v1/2024.acl-long.251},
  doi          = {10.18653/V1/2024.ACL-LONG.251},
  timestamp    = {Sun, 19 Jan 2025 13:20:30 +0100},
  biburl       = {https://dblp.org/rec/conf/acl/Dou0JZXSHWFXZJZ24.bib},
  bibsource    = {dblp computer science bibliography, https://dblp.org}
}

@article{stepctrldpo,
  author       = {Zimu Lu and
                  Aojun Zhou and
                  Ke Wang and
                  Houxing Ren and
                  Weikang Shi and
                  Junting Pan and
                  Mingjie Zhan and
                  Hongsheng Li},
  title        = {Step-Controlled {DPO:} Leveraging Stepwise Error for Enhanced Mathematical
                  Reasoning},
  journal      = {CoRR},
  volume       = {abs/2407.00782},
  year         = {2024},
  url          = {https://doi.org/10.48550/arXiv.2407.00782},
  doi          = {10.48550/ARXIV.2407.00782},
  eprinttype    = {arXiv},
  eprint       = {2407.00782},
  timestamp    = {Fri, 09 Aug 2024 10:24:37 +0200},
  biburl       = {https://dblp.org/rec/journals/corr/abs-2407-00782.bib},
  bibsource    = {dblp computer science bibliography, https://dblp.org}
}

@inproceedings{tdpo,
  author       = {Yongcheng Zeng and
                  Guoqing Liu and
                  Weiyu Ma and
                  Ning Yang and
                  Haifeng Zhang and
                  Jun Wang},
  title        = {Token-level Direct Preference Optimization},
  booktitle    = {Forty-first International Conference on Machine Learning, {ICML} 2024,
                  Vienna, Austria, July 21-27, 2024},
  year         = {2024},
  url          = {https://openreview.net/forum?id=1RZKuvqYCR},
  timestamp    = {Mon, 02 Sep 2024 16:55:26 +0200},
  biburl       = {https://dblp.org/rec/conf/icml/ZengLMYZW24.bib},
  bibsource    = {dblp computer science bibliography, https://dblp.org}
}

@article{wei2023magicoder,
  title={Magicoder: Source code is all you need},
  author={Wei, Yuxiang and Wang, Zhe and Liu, Jiawei and Ding, Yifeng and Zhang, Lingming},
  journal={arXiv preprint arXiv:2312.02120},
  year={2023}
}

