@article{qwencoder,
  author       = {Binyuan Hui and
                  Jian Yang and
                  Zeyu Cui and
                  Jiaxi Yang and
                  Dayiheng Liu and
                  Lei Zhang and
                  Tianyu Liu and
                  Jiajun Zhang and
                  Bowen Yu and
                  Kai Dang and
                  An Yang and
                  Rui Men and
                  Fei Huang and
                  Xingzhang Ren and
                  Xuancheng Ren and
                  Jingren Zhou and
                  Junyang Lin},
  title        = {Qwen2.5-Coder Technical Report},
  journal      = {CoRR},
  volume       = {abs/2409.12186},
  year         = {2024},
  url          = {https://doi.org/10.48550/arXiv.2409.12186},
  doi          = {10.48550/ARXIV.2409.12186},
  eprinttype    = {arXiv},
  eprint       = {2409.12186},
  timestamp    = {Mon, 03 Feb 2025 09:03:00 +0100},
  biburl       = {https://dblp.org/rec/journals/corr/abs-2409-12186.bib},
  bibsource    = {dblp computer science bibliography, https://dblp.org}
}

@article{wei2024selfcodealign,
  title={Selfcodealign: Self-alignment for code generation},
  author={Wei, Yuxiang and Cassano, Federico and Liu, Jiawei and Ding, Yifeng and Jain, Naman and Mueller, Zachary and de Vries, Harm and Von Werra, Leandro and Guha, Arjun and Zhang, Lingming},
  journal={arXiv preprint arXiv:2410.24198},
  year={2024}
}
@article{huang2024effibench,
  title={Effibench: Benchmarking the efficiency of automatically generated code},
  author={Huang, Dong and Qing, Yuhao and Shang, Weiyi and Cui, Heming and Zhang, Jie M},
  journal={arXiv preprint arXiv:2402.02037},
  year={2024}
}

@article{jain2024livecodebench,
  title={Livecodebench: Holistic and contamination free evaluation of large language models for code},
  author={Jain, Naman and Han, King and Gu, Alex and Li, Wen-Ding and Yan, Fanjia and Zhang, Tianjun and Wang, Sida and Solar-Lezama, Armando and Sen, Koushik and Stoica, Ion},
  journal={arXiv preprint arXiv:2403.07974},
  year={2024}
}

@article{plum,
  author       = {Dylan Zhang and
                  Shizhe Diao and
                  Xueyan Zou and
                  Hao Peng},
  title        = {{PLUM:} Preference Learning Plus Test Cases Yields Better Code Language
                  Models},
  journal      = {CoRR},
  volume       = {abs/2406.06887},
  year         = {2024},
  url          = {https://doi.org/10.48550/arXiv.2406.06887},
  doi          = {10.48550/ARXIV.2406.06887},
  eprinttype    = {arXiv},
  eprint       = {2406.06887},
  timestamp    = {Mon, 08 Jul 2024 17:47:28 +0200},
  biburl       = {https://dblp.org/rec/journals/corr/abs-2406-06887.bib},
  bibsource    = {dblp computer science bibliography, https://dblp.org}
}

@article{codeoptimise,
  author       = {Leonidas Gee and
                  Milan Gritta and
                  Gerasimos Lampouras and
                  Ignacio Iacobacci},
  title        = {Code-Optimise: Self-Generated Preference Data for Correctness and
                  Efficiency},
  journal      = {CoRR},
  volume       = {abs/2406.12502},
  year         = {2024},
  url          = {https://doi.org/10.48550/arXiv.2406.12502},
  doi          = {10.48550/ARXIV.2406.12502},
  eprinttype    = {arXiv},
  eprint       = {2406.12502},
  timestamp    = {Fri, 12 Jul 2024 19:38:42 +0200},
  biburl       = {https://dblp.org/rec/journals/corr/abs-2406-12502.bib},
  bibsource    = {dblp computer science bibliography, https://dblp.org}
}


@article{Claude,
  title={\url{https://www.anthropic.com/index/claude-2}},
  author={Claude},
  journal={},
  year={2023}
}


@article{GPT-3,
  title={\url{https://platform.openai.com/docs/models/gpt-base}},
  author={GPT-3},
  journal={},
  year={2022}
}

@article{GPT-3.5,
  title={\url{https://platform.openai.com/docs/models/gpt-3-5}},
  author={GPT-3.5},
  journal={},
  year={2023}
}


@article{GPT-4,
  title={\url{https://platform.openai.com/docs/models/gpt-4-and-gpt-4-turbo}},
  author={GPT-4},
  journal={OpenAI},
  year={2023}
}
@article{selfoss,
  title={StarCoder2-Instruct: Fully Transparent and Permissive Self-Alignment for Code Generation},
  url          = {https://github.com/bigcode-project/selfcodealign/blob/main/README-SC2INST.md},
  author={Yuxiang Wei and Federico Cassano and Jiawei Liu and Yifeng Ding and Naman Jain and Harm de Vries and Leandro von Werra and Arjun Guha and Lingming Zhang},
  journal={BigCode},
  year={2023}
}

@article{Llama,
  title={\url{https://huggingface.co/meta-llama/Llama-2-70b-chat}},
  author={Llama},
  journal={},
  year={2023}
}

@article{touvron2023llama,
  title={Llama: Open and efficient foundation language models},
  author={Touvron, Hugo and Lavril, Thibaut and Izacard, Gautier and Martinet, Xavier and Lachaux, Marie-Anne and Lacroix, Timoth{\'e}e and Rozi{\`e}re, Baptiste and Goyal, Naman and Hambro, Eric and Azhar, Faisal and others},
  journal={arXiv preprint arXiv:2302.13971},
  year={2023}
}

@article{roziere2023code,
  title={Code llama: Open foundation models for code},
  author={Rozi{\`e}re, Baptiste and Gehring, Jonas and Gloeckle, Fabian and Sootla, Sten and Gat, Itai and Tan, Xiaoqing Ellen and Adi, Yossi and Liu, Jingyu and Remez, Tal and Rapin, J{\'e}r{\'e}my and others},
  journal={arXiv preprint arXiv:2308.12950},
  year={2023}
}

@article{gunasekar2023textbooks,
  title={Textbooks are all you need},
  author={Gunasekar, Suriya and Zhang, Yi and Aneja, Jyoti and Mendes, Caio C{\'e}sar Teodoro and Del Giorno, Allie and Gopi, Sivakanth and Javaheripi, Mojan and Kauffmann, Piero and de Rosa, Gustavo and Saarikivi, Olli and others},
  journal={arXiv preprint arXiv:2306.11644},
  year={2023}
}

@article{abdin2024phi,
  title={Phi-3 technical report: A highly capable language model locally on your phone},
  author={Abdin, Marah and Jacobs, Sam Ade and Awan, Ammar Ahmad and Aneja, Jyoti and Awadallah, Ahmed and Awadalla, Hany and Bach, Nguyen and Bahree, Amit and Bakhtiari, Arash and Behl, Harkirat and others},
  journal={arXiv preprint arXiv:2404.14219},
  year={2024}
}

@article{guo2024deepseek,
  title={DeepSeek-Coder: When the Large Language Model Meets Programming--The Rise of Code Intelligence},
  author={Guo, Daya and Zhu, Qihao and Yang, Dejian and Xie, Zhenda and Dong, Kai and Zhang, Wentao and Chen, Guanting and Bi, Xiao and Wu, Yu and Li, YK and others},
  journal={arXiv preprint arXiv:2401.14196},
  year={2024}
}

@article{li2023starcoder,
  title={Starcoder: may the source be with you!},
  author={Li, Raymond and Allal, Loubna Ben and Zi, Yangtian and Muennighoff, Niklas and Kocetkov, Denis and Mou, Chenghao and Marone, Marc and Akiki, Christopher and Li, Jia and Chim, Jenny and others},
  journal={arXiv preprint arXiv:2305.06161},
  year={2023}
}

@article{lozhkov2024starcoder,
  title={Starcoder 2 and the stack v2: The next generation},
  author={Lozhkov, Anton and Li, Raymond and Allal, Loubna Ben and Cassano, Federico and Lamy-Poirier, Joel and Tazi, Nouamane and Tang, Ao and Pykhtar, Dmytro and Liu, Jiawei and Wei, Yuxiang and others},
  journal={arXiv preprint arXiv:2402.19173},
  year={2024}
}

@article{zhang2023instruction,
  title={Instruction tuning for large language models: A survey},
  author={Zhang, Shengyu and Dong, Linfeng and Li, Xiaoya and Zhang, Sen and Sun, Xiaofei and Wang, Shuhe and Li, Jiwei and Hu, Runyi and Zhang, Tianwei and Wu, Fei and others},
  journal={arXiv preprint arXiv:2308.10792},
  year={2023}
}

@article{hong2024orpo,
  title={Orpo: Monolithic preference optimization without reference model},
  author={Hong, Jiwoo and Lee, Noah and Thorne, James},
  journal={arXiv preprint arXiv:2403.07691},
  volume={2},
  number={4},
  pages={5},
  year={2024}
}

@article{rafailov2024direct,
  title={Direct preference optimization: Your language model is secretly a reward model},
  author={Rafailov, Rafael and Sharma, Archit and Mitchell, Eric and Manning, Christopher D and Ermon, Stefano and Finn, Chelsea},
  journal={Advances in Neural Information Processing Systems},
  volume={36},
  year={2024}
}

@article{lai2024step,
  title={Step-dpo: Step-wise preference optimization for long-chain reasoning of llms},
  author={Lai, Xin and Tian, Zhuotao and Chen, Yukang and Yang, Senqiao and Peng, Xiangru and Jia, Jiaya},
  journal={arXiv preprint arXiv:2406.18629},
  year={2024}
}

@article{aixcoder,
  author       = {Siyuan Jiang and
                  Jia Li and
                  He Zong and
                  Huanyu Liu and
                  Hao Zhu and
                  Shukai Hu and
                  Erlu Li and
                  Jiazheng Ding and
                  Yu Han and
                  Wei Ning and
                  Gen Wang and
                  Yihong Dong and
                  Kechi Zhang and
                  Ge Li},
  title        = {aiXcoder-7B: {A} Lightweight and Effective Large Language Model for
                  Code Completion},
  journal      = {CoRR},
  volume       = {abs/2410.13187},
  year         = {2024},
  url          = {https://doi.org/10.48550/arXiv.2410.13187},
  doi          = {10.48550/ARXIV.2410.13187},
  eprinttype    = {arXiv},
  eprint       = {2410.13187},
  timestamp    = {Tue, 07 Jan 2025 13:59:56 +0100},
  biburl       = {https://dblp.org/rec/journals/corr/abs-2410-13187.bib},
  bibsource    = {dblp computer science bibliography, https://dblp.org}
}

@article{stepctrldpo,
  author       = {Zimu Lu and
                  Aojun Zhou and
                  Ke Wang and
                  Houxing Ren and
                  Weikang Shi and
                  Junting Pan and
                  Mingjie Zhan and
                  Hongsheng Li},
  title        = {Step-Controlled {DPO:} Leveraging Stepwise Error for Enhanced Mathematical
                  Reasoning},
  journal      = {CoRR},
  volume       = {abs/2407.00782},
  year         = {2024},
  url          = {https://doi.org/10.48550/arXiv.2407.00782},
  doi          = {10.48550/ARXIV.2407.00782},
  eprinttype    = {arXiv},
  eprint       = {2407.00782},
  timestamp    = {Fri, 09 Aug 2024 10:24:37 +0200},
  biburl       = {https://dblp.org/rec/journals/corr/abs-2407-00782.bib},
  bibsource    = {dblp computer science bibliography, https://dblp.org}
}

@article{cdpo,
  author       = {Zicheng Lin and
                  Tian Liang and
                  Jiahao Xu and
                  Xing Wang and
                  Ruilin Luo and
                  Chufan Shi and
                  Siheng Li and
                  Yujiu Yang and
                  Zhaopeng Tu},
  title        = {Critical Tokens Matter: Token-Level Contrastive Estimation Enhances
                  LLM's Reasoning Capability},
  journal      = {CoRR},
  volume       = {abs/2411.19943},
  year         = {2024},
  url          = {https://doi.org/10.48550/arXiv.2411.19943},
  doi          = {10.48550/ARXIV.2411.19943},
  eprinttype    = {arXiv},
  eprint       = {2411.19943},
  timestamp    = {Wed, 01 Jan 2025 14:15:42 +0100},
  biburl       = {https://dblp.org/rec/journals/corr/abs-2411-19943.bib},
  bibsource    = {dblp computer science bibliography, https://dblp.org}
}

@article{guo2025deepseekr1,
  title={Deepseek-r1: Incentivizing reasoning capability in llms via reinforcement learning},
  author={Guo, Daya and Yang, Dejian and Zhang, Haowei and Song, Junxiao and Zhang, Ruoyu and Xu, Runxin and Zhu, Qihao and Ma, Shirong and Wang, Peiyi and Bi, Xiao and others},
  journal={arXiv preprint arXiv:2501.12948},
  year={2025}
}

@inproceedings{tdpo,
  author       = {Yongcheng Zeng and
                  Guoqing Liu and
                  Weiyu Ma and
                  Ning Yang and
                  Haifeng Zhang and
                  Jun Wang},
  title        = {Token-level Direct Preference Optimization},
  booktitle    = {Forty-first International Conference on Machine Learning, {ICML} 2024,
                  Vienna, Austria, July 21-27, 2024},
  year         = {2024},
  url          = {https://openreview.net/forum?id=1RZKuvqYCR},
  timestamp    = {Mon, 02 Sep 2024 16:55:26 +0200},
  biburl       = {https://dblp.org/rec/conf/icml/ZengLMYZW24.bib},
  bibsource    = {dblp computer science bibliography, https://dblp.org}
}

@article{wu2024self,
  title={Self-play preference optimization for language model alignment},
  author={Wu, Yue and Sun, Zhiqing and Yuan, Huizhuo and Ji, Kaixuan and Yang, Yiming and Gu, Quanquan},
  journal={arXiv preprint arXiv:2405.00675},
  year={2024}
}

@techreport{page1999pagerank,
  title={The PageRank citation ranking: Bringing order to the web},
  author={Page, Lawrence},
  year={1999},
  institution={Technical Report}
}

@article{chen2021evaluating,
  title={Evaluating large language models trained on code},
  author={Chen, Mark and Tworek, Jerry and Jun, Heewoo and Yuan, Qiming and Pinto, Henrique Ponde De Oliveira and Kaplan, Jared and Edwards, Harri and Burda, Yuri and Joseph, Nicholas and Brockman, Greg and others},
  journal={arXiv preprint arXiv:2107.03374},
  year={2021}
}

@article{liu2024your,
  title={Is your code generated by chatgpt really correct? rigorous evaluation of large language models for code generation},
  author={Liu, Jiawei and Xia, Chunqiu Steven and Wang, Yuyao and Zhang, Lingming},
  journal={Advances in Neural Information Processing Systems},
  volume={36},
  year={2024}
}


@article{austin2021program,
  title={Program synthesis with large language models},
  author={Austin, Jacob and Odena, Augustus and Nye, Maxwell and Bosma, Maarten and Michalewski, Henryk and Dohan, David and Jiang, Ellen and Cai, Carrie and Terry, Michael and Le, Quoc and others},
  journal={arXiv preprint arXiv:2108.07732},
  year={2021}
}

@inproceedings{lai2023ds,
  title={DS-1000: A natural and reliable benchmark for data science code generation},
  author={Lai, Yuhang and Li, Chengxi and Wang, Yiming and Zhang, Tianyi and Zhong, Ruiqi and Zettlemoyer, Luke and Yih, Wen-tau and Fried, Daniel and Wang, Sida and Yu, Tao},
  booktitle={International Conference on Machine Learning},
  pages={18319--18345},
  year={2023},
  organization={PMLR}
}

@article{wei2023magicoder,
  title={Magicoder: Source code is all you need},
  author={Wei, Yuxiang and Wang, Zhe and Liu, Jiawei and Ding, Yifeng and Zhang, Lingming},
  journal={arXiv preprint arXiv:2312.02120},
  year={2023}
}

@inproceedings{stepcoder,
  author       = {Shihan Dou and
                  Yan Liu and
                  Haoxiang Jia and
                  Enyu Zhou and
                  Limao Xiong and
                  Junjie Shan and
                  Caishuang Huang and
                  Xiao Wang and
                  Xiaoran Fan and
                  Zhiheng Xi and
                  Yuhao Zhou and
                  Tao Ji and
                  Rui Zheng and
                  Qi Zhang and
                  Tao Gui and
                  Xuanjing Huang},
  title        = {StepCoder: Improving Code Generation with Reinforcement Learning from
                  Compiler Feedback},
  booktitle    = {Proceedings of the 62nd Annual Meeting of the Association for Computational
                  Linguistics (Volume 1: Long Papers), {ACL} 2024, Bangkok, Thailand,
                  August 11-16, 2024},
  pages        = {4571--4585},
  year         = {2024},
  url          = {https://doi.org/10.18653/v1/2024.acl-long.251},
  doi          = {10.18653/V1/2024.ACL-LONG.251},
  timestamp    = {Sun, 19 Jan 2025 13:20:30 +0100},
  biburl       = {https://dblp.org/rec/conf/acl/Dou0JZXSHWFXZJZ24.bib},
  bibsource    = {dblp computer science bibliography, https://dblp.org}
}
@article{codedpo,
  author       = {Kechi Zhang and
                  Ge Li and
                  Yihong Dong and
                  Jingjing Xu and
                  Jun Zhang and
                  Jing Su and
                  Yongfei Liu and
                  Zhi Jin},
  title        = {CodeDPO: Aligning Code Models with Self Generated and Verified Source
                  Code},
  journal      = {CoRR},
  volume       = {abs/2410.05605},
  year         = {2024},
  url          = {https://doi.org/10.48550/arXiv.2410.05605},
  doi          = {10.48550/ARXIV.2410.05605},
  eprinttype    = {arXiv},
  eprint       = {2410.05605},
  timestamp    = {Mon, 18 Nov 2024 14:52:07 +0100},
  biburl       = {https://dblp.org/rec/journals/corr/abs-2410-05605.bib},
  bibsource    = {dblp computer science bibliography, https://dblp.org}
}

@article{wang2022self,
  title={Self-instruct: Aligning language models with self-generated instructions},
  author={Wang, Yizhong and Kordi, Yeganeh and Mishra, Swaroop and Liu, Alisa and Smith, Noah A and Khashabi, Daniel and Hajishirzi, Hannaneh},
  journal={arXiv preprint arXiv:2212.10560},
  year={2022}
}

@misc{codealpaca,
  author = {Sahil Chaudhary},
  title = {Code Alpaca: An Instruction-following LLaMA model for code generation},
  year = {2023},
  publisher = {GitHub},
  journal = {GitHub repository},
  howpublished = {\url{https://github.com/sahil280114/codealpaca}},
}
@misc{alpaca,
  author = {Rohan Taori and Ishaan Gulrajani and Tianyi Zhang and Yann Dubois and Xuechen Li and Carlos Guestrin and Percy Liang and Tatsunori B. Hashimoto },
  title = {Stanford Alpaca: An Instruction-following LLaMA model},
  year = {2023},
  publisher = {GitHub},
  journal = {GitHub repository},
  howpublished = {\url{https://github.com/tatsu-lab/stanford_alpaca}},
}

@article{luo2023wizardcoder,
  title={Wizardcoder: Empowering code large language models with evol-instruct},
  author={Luo, Ziyang and Xu, Can and Zhao, Pu and Sun, Qingfeng and Geng, Xiubo and Hu, Wenxiang and Tao, Chongyang and Ma, Jing and Lin, Qingwei and Jiang, Daxin},
  journal={arXiv preprint arXiv:2306.08568},
  year={2023}
}


@article{ethayarajh2024kto,
  title={Kto: Model alignment as prospect theoretic optimization},
  author={Ethayarajh, Kawin and Xu, Winnie and Muennighoff, Niklas and Jurafsky, Dan and Kiela, Douwe},
  journal={arXiv preprint arXiv:2402.01306},
  year={2024}
}

@inproceedings{chencodet,
  title={CodeT: Code Generation with Generated Tests},
  author={Chen, Bei and Zhang, Fengji and Nguyen, Anh and Zan, Daoguang and Lin, Zeqi and Lou, Jian-Guang and Chen, Weizhu},
  booktitle={The Eleventh International Conference on Learning Representations},
  year={2022}
}

@inproceedings{zhang2023self,
  title={Self-Edit: Fault-Aware Code Editor for Code Generation},
  author={Zhang, Kechi and Li, Zhuo and Li, Jia and Li, Ge and Jin, Zhi},
  booktitle={The 61st Annual Meeting Of The Association For Computational Linguistics},
  year={2023}
}
@article{chen2023teaching,
  title={Teaching large language models to self-debug},
  author={Chen, Xinyun and Lin, Maxwell and Sch{\"a}rli, Nathanael and Zhou, Denny},
  journal={arXiv preprint arXiv:2304.05128},
  year={2023}
}

@article{liu2024provably,
  title={Provably mitigating overoptimization in rlhf: Your sft loss is implicitly an adversarial regularizer},
  author={Liu, Zhihan and Lu, Miao and Zhang, Shenao and Liu, Boyi and Guo, Hongyi and Yang, Yingxiang and Blanchet, Jose and Wang, Zhaoran},
  journal={arXiv preprint arXiv:2405.16436},
  year={2024}
}

@article{pang2024iterative,
  title={Iterative reasoning preference optimization},
  author={Pang, Richard Yuanzhe and Yuan, Weizhe and Cho, Kyunghyun and He, He and Sukhbaatar, Sainbayar and Weston, Jason},
  journal={arXiv preprint arXiv:2404.19733},
  year={2024}
}

@misc{bigcode-evaluation-harness,
  author       = {Ben Allal, Loubna and
                  Muennighoff, Niklas and
                  Kumar Umapathi, Logesh and
                  Lipkin, Ben and
                  von Werra, Leandro},
  title = {A framework for the evaluation of code generation models},
  publisher = {GitHub},
  journal = {GitHub repository},
  howpublished = {\url{https://github.com/bigcode-project/bigcode-evaluation-harness}},
  year = 2022,
}

@inproceedings{shypulalearning,
  title={Learning Performance-Improving Code Edits},
  author={Shypula, Alexander G and Madaan, Aman and Zeng, Yimeng and Alon, Uri and Gardner, Jacob R and Yang, Yiming and Hashemi, Milad and Neubig, Graham and Ranganathan, Parthasarathy and Bastani, Osbert and others},
  booktitle={The Twelfth International Conference on Learning Representations},
    year={2024}
}

@article{wang2024planning,
  title={Planning In Natural Language Improves LLM Search For Code Generation},
  author={Wang, Evan and Cassano, Federico and Wu, Catherine and Bai, Yunfeng and Song, Will and Nath, Vaskar and Han, Ziwen and Hendryx, Sean and Yue, Summer and Zhang, Hugh},
  journal={arXiv preprint arXiv:2409.03733},
  year={2024}
}