@article{atkinson2022SemisymbolicInference,
  title = {Semi-Symbolic Inference for Efficient Streaming Probabilistic Programming},
  author = {Atkinson, Eric and Yuan, Charles and Baudart, Guillaume and Mandel, Louis and Carbin, Michael},
  year = {2022},
  journal = {Proc. ACM Program. Lang.},
  volume = {6},
  number = {OOPSLA2},
  pages = {1668--1696},
  issn = {2475-1421},
  doi = {10.1145/3563347},
  langid = {english},
}

@article{baker2009action,
  title={Action understanding as inverse planning},
  author={Baker, Chris L and Saxe, Rebecca and Tenenbaum, Joshua B},
  journal={Cognition},
  volume={113},
  number={3},
  pages={329--349},
  year={2009},
  doi={10.1016/j.cognition.2009.07.005},
  publisher={Elsevier}
}

@inproceedings{baydin2019EtalumisBringing,
  ids = {baydin2019EtalumisBringinga},
  title = {Etalumis: {{Bringing Probabilistic Programming}} to {{Scientific Simulators}} at {{Scale}}},
  shorttitle = {Etalumis},
  booktitle = {Proceedings of the {{International Conference}} for {{High Performance Computing}}, {{Networking}}, {{Storage}} and {{Analysis}}},
  author = {Baydin, At{\i}l{\i}m G{\"u}ne{\c s} and Shao, Lei and Bhimji, Wahid and Heinrich, Lukas and Meadows, Lawrence and Liu, Jialin and Munk, Andreas and Naderiparizi, Saeid and {Gram-Hansen}, Bradley and Louppe, Gilles and Ma, Mingfei and Zhao, Xiaohui and Torr, Philip and Lee, Victor and Cranmer, Kyle and Prabhat and Wood, Frank},
  year = {2019},
  month = nov,
  address = {Denver, Colorado},
  doi = {10.1145/3295500.3356180},
  articleno = {29},
}

@inproceedings{benton2010step,
  title = {Step-Indexing: {{The}} Good, the Bad and the Ugly},
  booktitle = {Modelling, Controlling and Reasoning about State, Proceedings of Dagstuhl Seminar 10351},
  author = {Benton, Nick and Hur, Chung-Kil},
  year = {2010},
  month = oct,
  edition = {Modelling, Controlling and Reasoning About State, Proceedings of Dagstuhl Seminar 10351},
  publisher = {Schloss Dagstuhl - Leibniz-Zentrum fuer Informatik, Germany},
  url = {https://www.microsoft.com/en-us/research/publication/step-indexing-the-good-the-bad-and-the-ugly/},
}

@inproceedings{cusumano-towner2019GenGeneralpurpose,
  ids = {cusumano-towner2018GenGeneralpurpose,cusumano-towner2019GenGeneralpurposea},
  title = {Gen: A General-Purpose Probabilistic Programming System with Programmable Inference},
  shorttitle = {Gen},
  booktitle = {Proceedings of the 40th {{ACM SIGPLAN Conference}} on {{Programming Language Design}} and {{Implementation}}},
  author = {{Cusumano-Towner}, Marco F. and Saad, Feras A. and Lew, Alexander K. and Mansinghka, Vikash K.},
  year = {2019},
  month = jun,
  series = {{{PLDI}} 2019},
  pages = {221--236},
  publisher = {Association for Computing Machinery},
  address = {Phoenix, AZ, USA},
  doi = {10.1145/3314221.3314642},
  urldate = {2020-02-12},
  isbn = {978-1-4503-6712-7},
  url_link = {http://hdl.handle.net/1721.1/119255},
}

@article{davies2001modal,
  title = {A Modal Analysis of Staged Computation},
  author = {Davies, Rowan and Pfenning, Frank},
  year = {2001},
  month = may,
  journal = {Journal of the ACM},
  volume = {48},
  number = {3},
  pages = {555--604},
  issn = {0004-5411},
  doi = {10.1145/382780.382785},
  url = {https://dl.acm.org/doi/10.1145/382780.382785},
  urldate = {2024-02-09},
}

@inproceedings{friedman2018ApproximateKnowledge,
  title = {Approximate {{Knowledge Compilation}} by {{Online Collapsed Importance Sampling}}},
  booktitle = {Advances in {{Neural Information Processing Systems}}},
  author = {Friedman, Tal and {Van den Broeck}, Guy},
  year = {2018},
  volume = {31},
  pages = {15},
  publisher = {Curran Associates, Inc.},
  url = {https://dl.acm.org/doi/10.5555/3327757.3327898},
  urldate = {2021-11-12},
}

@inproceedings{giry2006categorical,
  title={A categorical approach to probability theory},
  author={Giry, Michele},
  doi={10.1007/BFb0092872},
  booktitle={Categorical Aspects of Topology and Analysis: Proceedings of an International Conference Held at Carleton University, Ottawa, August 11--15, 1981},
  pages={68--85},
  year={2006},
  organization={Springer}
}

@article{gorinova2021conditional,
  title={Conditional independence by typing},
  author = {Gorinova, Maria I and Gordon, Andrew D and Sutton, Charles and V{\'a}k{\'a}r, Matthijs},
  year = {2021},
  journal = {ACM Transactions on Programming Languages and Systems (TOPLAS)},
  volume = {44},
  number = {1},
  pages = {1--54},
  publisher = {ACM New York, NY},
  doi = {10.1145/3490421},
}

@article{gueneau2023melocoton,
  title = {Melocoton: {{A Program Logic}} for {{Verified Interoperability Between OCaml}} and {{C}}},
  shorttitle = {Melocoton},
  author = {Gu{\'e}neau, Arma{\"e}l and Hostert, Johannes and Spies, Simon and Sammler, Michael and Birkedal, Lars and Dreyer, Derek},
  year = {2023},
  month = oct,
  journal = {Artifact for "Melocoton: A Program Logic for Verified Interoperability Between OCaml and C"},
  volume = {7},
  number = {OOPSLA2},
  pages = {247:716--247:744},
  doi = {10.1145/3622823},
  url = {https://dl.acm.org/doi/10.1145/3622823},
  urldate = {2025-02-25},
}

@article{korkut2025verified,
  title = {A {{Verified Foreign Function Interface}} between {{Coq}} and {{C}}},
  author = {Korkut, Joomy and Stark, Kathrin and Appel, Andrew W.},
  year = {2025},
  month = jan,
  journal = {Proc. ACM Program. Lang.},
  volume = {9},
  number = {POPL},
  pages = {24:687--24:717},
  doi = {10.1145/3704860},
  url = {https://dl.acm.org/doi/10.1145/3704860},
  urldate = {2025-02-25},
}

@article{malenfant1996semantics,
  title = {A Semantics of Introspection in a Reflective Prototype-Based Language},
  author = {Malenfant, Jacques and Dony, Christophe and Cointe, Pierre},
  year = {1996},
  month = may,
  journal = {LISP and Symbolic Computation},
  volume = {9},
  number = {2},
  pages = {153--179},
  issn = {1573-0557},
  doi = {10.1007/BF01806111},
  url = {https://doi.org/10.1007/BF01806111},
  urldate = {2025-02-25},
  langid = {english},
}

@article{mansinghka2014VentureHigherorder,
  ids = {mansinghka2014VentureHigherordera,mansinghka2014VentureHigherorderb,mansinghka2014VentureHigherorderc,mansinghka2014VentureHigherorderd},
  title = {Venture: {{A}} Higher-Order Probabilistic Programming Platform with Programmable Inference},
  author = {Mansinghka, Vikash and Selsam, Daniel and Perov, Yura},
  year = {2014},
  month = mar,
  journal = {arXiv},
  eprint = {1404.0099},
  pages = {78--78},
  archiveprefix = {arxiv},
  arxivid = {1404.0099},
}

@article{matthews2007operational,
  title = {Operational Semantics for Multi-Language Programs},
  author = {Matthews, Jacob and Findler, Robert Bruce},
  year = {2007},
  journal = {ACM SIGPLAN Notices},
  volume = {42},
  number = {1},
  pages = {3--10},
  publisher = {ACM New York, NY, USA},
  doi = {10.1145/1190215.1190220}
}

@article{matthews2008operational,
  title = {An Operational Semantics for Scheme1},
  author = {Matthews, Jacob and bruce Findler, Robert},
  year = {2008},
  month = jan,
  journal = {J. Funct. Program.},
  volume = {18},
  number = {1},
  pages = {47--86},
  issn = {0956-7968},
  doi = {10.1017/S0956796807006478},
  url = {https://doi.org/10.1017/S0956796807006478},
  urldate = {2025-02-25},
}

@inproceedings{murray2018DelayedSampling,
  title = {Delayed Sampling and Automatic Rao-Blackwellization of Probabilistic Programs},
  booktitle = {International Conference on Artificial Intelligence and Statistics, {{AISTATS}} 2018, 9-11 April 2018, Playa Blanca, Lanzarote, Canary Islands, Spain},
  author = {Murray, Lawrence M. and Lund{\'e}n, Daniel and Kudlicka, Jan and Broman, David and Sch{\"o}n, Thomas B.},
  year = {2018},
  series = {Proceedings of Machine Learning Research},
  volume = {84},
  pages = {1037--1046},
  publisher = {PMLR},
  url = {http://proceedings.mlr.press/v84/murray18a.html},
  bibsource = {dblp computer science bibliography, https://dblp.org},
  biburl = {https://dblp.org/rec/conf/aistats/MurrayLKBS18.bib},
  timestamp = {Wed, 03 Apr 2019 01:00:00 +0200},
}

@phdthesis{new2020SemanticFoundation,
  title = {A {{Semantic Foundation}} for {{Sound Gradual Typing}}},
  author = {New, Max Stewart},
  year = {2020},
  address = {USA},
  school = {Northeastern University},
  url={https://dl.acm.org/doi/book/10.5555/AAI28263083},
}

@inproceedings{obermeyer2019tensor,
  ids = {obermeyer2019Tensor,obermeyer2019TensorVariablea,obermeyer2019TensorVariableb},
  title = {Tensor Variable Elimination for Plated Factor Graphs},
  booktitle = {Proceedings of the 36th International Conference on Machine Learning},
  author = {Obermeyer, Fritz and Bingham, Eli and Jankowiak, Martin and Pradhan, Neeraj and Chiu, Justin and Rush, Alexander and Goodman, Noah},
  year = {2019-06-09/2019-06-15},
  series = {Proceedings of Machine Learning Research},
  volume = {97},
  pages = {4871--4880},
  url = {https://proceedings.mlr.press/v97/obermeyer19a.html},
  pdf = {http://proceedings.mlr.press/v97/obermeyer19a/obermeyer19a.pdf},
}

@inproceedings{rainforth2018nesting,
  title = {On Nesting Monte Carlo Estimators},
  booktitle = {Proceedings of the 35th International Conference on Machine Learning, {{ICML}} 2018, Stockholmsm{\"a}ssan, Stockholm, Sweden, July 10-15, 2018},
  author = {Rainforth, Tom and Cornish, Robert and Yang, Hongseok and Warrington, Andrew},
  year = {2018},
  series = {Proceedings of Machine Learning Research},
  volume = {80},
  pages = {4264--4273},
  publisher = {PMLR},
  issn = {2640-3498},
  url = {http://proceedings.mlr.press/v80/rainforth18a.html},
}

@inproceedings{ramsey2002stochastic,
  title = {Stochastic Lambda Calculus and Monads of Probability Distributions},
  booktitle = {Proceedings of the 29th {{ACM SIGPLAN-SIGACT}} Symposium on {{Principles}} of Programming Languages},
  author = {Ramsey, Norman and Pfeffer, Avi},
  year = {2002},
  pages = {154--165},
  doi = {10.1145/503272.503288}
}

@article{sammler2023DimSum,
  title = {{{DimSum}}: {{A Decentralized Approach}} to {{Multi-language Semantics}} and {{Verification}}},
  shorttitle = {{{DimSum}}},
  author = {Sammler, Michael and Spies, Simon and Song, Youngju and D'Osualdo, Emanuele and Krebbers, Robbert and Garg, Deepak and Dreyer, Derek},
  year = {2023},
  month = jan,
  journal = {Proceedings of the ACM on Programming Languages},
  volume = {7},
  number = {POPL},
  pages = {27:775--27:805},
  doi = {10.1145/3571220},
  urldate = {2024-01-09},
}

@phdthesis{scibior2018FormallyJustified,
  title = {Formally Justified and Modular {{Bayesian}} Inference for Probabilistic Programs},
  author = {{\'S}cibior, Adam Micha{\l}},
  year = {2018},
  month = sep,
  urldate = {2021-09-15},
  collaborator = {{Apollo-University Of Cambridge Repository} and {Apollo-University Of Cambridge Repository} and Ghahramani, Zoubin},
  copyright = {All rights reserved, All Rights Reserved, https://www.rioxx.net/licenses/all-rights-reserved/},
  langid = {english},
  school = {Apollo - University of Cambridge Repository},
}

@inproceedings{siek2006GradualTyping,
  title = {Gradual {{Typing}} for {{Functional Languages}}},
  booktitle = {Proceedings of the {{Scheme}} and {{Functional Programming Workshop}}},
  author = {Siek, Jeremy G and Taha, Walid},
  year = {2006},
  langid = {english},
}

@inproceedings{simpson2017probability,
  title = {Probability Sheaves and the {{Giry}} Monad},
  booktitle = {7th Conference on Algebra and Coalgebra in Computer Science ({{CALCO}} 2017)},
  author = {Simpson, Alex},
  year = {2017},
  publisher = {Schloss-Dagstuhl-Leibniz Zentrum f{\"u}r Informatik},
  doi = {10.4230/LIPIcs.CALCO.2017.1},
  organization = {Schloss Dagstuhl-Leibniz-Zentrum fuer Informatik},
}

@article{simpson2018category,
  title = {Category-Theoretic Structure for Independence and Conditional Independence},
  author = {Simpson, Alex},
  year = {2018},
  journal = {Electronic Notes in Theoretical Computer Science},
  volume = {336},
  pages = {281--297},
  publisher = {Elsevier},
  doi = {10.1016/j.entcs.2018.03.028}
}

@inproceedings{smith1984reflection,
  title = {Reflection and Semantics in {{LISP}}},
  booktitle = {Proceedings of the 11th {{ACM SIGACT-SIGPLAN}} Symposium on {{Principles}} of Programming Languages},
  author = {Smith, Brian Cantwell},
  year = {1984},
  month = jan,
  series = {{{POPL}} '84},
  pages = {23--35},
  publisher = {Association for Computing Machinery},
  address = {New York, NY, USA},
  doi = {10.1145/800017.800513},
  url = {https://dl.acm.org/doi/10.1145/800017.800513},
  urldate = {2025-02-25},
  isbn = {978-0-89791-125-2},
}

@inproceedings{staton2016SemanticsProbabilistic,
  title = {Semantics for {{Probabilistic Programming}}: {{Higher-order Functions}}, {{Continuous Distributions}}, and {{Soft Constraints}}},
  shorttitle = {Semantics for {{Probabilistic Programming}}},
  booktitle = {Proceedings of the 31st {{Annual ACM}}/{{IEEE Symposium}} on {{Logic}} in {{Computer Science}}},
  author = {Staton, Sam and Yang, Hongseok and Wood, Frank and Heunen, Chris and Kammar, Ohad},
  year = {2016},
  series = {{{LICS}} '16},
  pages = {525--534},
  publisher = {ACM},
  address = {New York, NY, USA},
  doi = {10.1145/2933575.2935313},
  urldate = {2019-07-31},
  isbn = {978-1-4503-4391-6},
}

@inproceedings{staton2017commutative,
  title = {Commutative {{Semantics}} for {{Probabilistic Programming}}},
  booktitle = {Programming {{Languages}} and {{Systems}}},
  author = {Staton, Sam},
  year = {2017},
  series = {Lecture {{Notes}} in {{Computer Science}}},
  pages = {855--879},
  publisher = {Springer},
  address = {Berlin, Heidelberg},
  doi = {10.1007/978-3-662-54434-1_32},
  isbn = {978-3-662-54434-1},
  langid = {english},
}

@inproceedings{stites2021LearningProposals,
  title = {Learning Proposals for Probabilistic Programs with Inference Combinators},
  booktitle = {Proceedings of the {{Thirty-Seventh Conference}} on {{Uncertainty}} in {{Artificial Intelligence}}},
  author = {Stites, Sam and Zimmermann, Heiko and Wu, Hao and Sennesh, Eli and {van de Meent}, Jan-Willem},
  year = {2021},
  month = dec,
  pages = {1056--1066},
  publisher = {PMLR},
  issn = {2640-3498},
  url = {https://proceedings.mlr.press/v161/stites21a.html},
  langid = {english},
}

@article{stuhlmuller2014reasoning,
  title = {Reasoning about Reasoning by Nested Conditioning: {{Modeling}} Theory of Mind with Probabilistic Programs},
  shorttitle = {Reasoning about Reasoning by Nested Conditioning},
  author = {Stuhlm{\"u}ller, A. and Goodman, N. D.},
  year = {2014},
  month = jun,
  journal = {Cognitive Systems Research},
  series = {Special {{Issue}} on {{Mindreading}}},
  volume = {28},
  pages = {80--99},
  issn = {1389-0417},
  doi = {10.1016/j.cogsys.2013.07.003},
  url = {https://www.sciencedirect.com/science/article/pii/S1389041713000387},
  urldate = {2025-02-25},
}

@inproceedings{tobin-hochstadt2008Design,
  title = {The Design and Implementation of Typed Scheme},
  booktitle = {Proceedings of the 35th Annual {{ACM SIGPLAN-SIGACT}} Symposium on {{Principles}} of Programming Languages},
  author = {{Tobin-Hochstadt}, Sam and Felleisen, Matthias},
  year = {2008},
  month = jan,
  series = {{{POPL}} '08},
  pages = {395--406},
  publisher = {Association for Computing Machinery},
  address = {New York, NY, USA},
  doi = {10.1145/1328438.1328486},
  urldate = {2024-04-04},
  isbn = {978-1-59593-689-9},
}

@article{ye2023GradualProbabilistic,
  title = {A {{Gradual Probabilistic Lambda Calculus}}},
  author = {Ye, Wenjia and Toro, Mat{\'i}as and Olmedo, Federico},
  year = {2023},
  month = apr,
  journal = {Proceedings of the ACM on Programming Languages},
  volume = {7},
  number = {OOPSLA1},
  pages = {84:256--84:285},
  doi = {10.1145/3586036},
  urldate = {2023-09-22},
}

@article{zhang2022reasoning,
  title = {Reasoning about ``Reasoning about Reasoning'': Semantics and Contextual Equivalence for Probabilistic Programs with Nested Queries and Recursion},
  shorttitle = {Reasoning about ``Reasoning about Reasoning''},
  author = {Zhang, Yizhou and Amin, Nada},
  year = {2022},
  month = jan,
  journal = {Proceedings of the ACM on Programming Languages},
  volume = {6},
  number = {POPL},
  pages = {16:1--16:28},
  doi = {10/gqqdp8},
  url = {https://doi.org/10.1145/3498677},
  urldate = {2022-08-28},
}

