@article{akers1978Binary,
  ids = {akers1978BinaryDecisiona},
  title = {Binary Decision Diagrams},
  author = {Akers, Sheldon B.},
  year = {1978},
  journal = {IEEE Transactions on Computers},
  volume = {C-27},
  pages = {509--516},
  doi = {10.1109/TC.1978.1675141},
}
@article{greenman2019How,
  title = {How to Evaluate the Performance of Gradual Type Systems},
  author = {Greenman, Ben and Takikawa, Asumu and New, Max S. and Feltey, Daniel and Findler, Robert Bruce and Vitek, Jan and Felleisen, Matthias},
  date = {2019},
  journaltitle = {J. Funct. Prog.},
  volume = {29},
  pages = {e4},
  issn = {0956-7968, 1469-7653},
  doi = {10.1017/S0956796818000217},
  url = {https://www.cambridge.org/core/product/identifier/S0956796818000217/type/journal_article},
  urldate = {2024-09-03},
  langid = {english},
}
@article{binder1997Adaptive,
  title = {Adaptive Probabilistic Networks with Hidden Variables},
  author = {Binder, John and Koller, Daphne and Russell, Stuart and Kanazawa, Keiji},
  date = {1997},
  journaltitle = {Machine Learning},
  volume = {29},
  number = {2-3},
  pages = {213--244},
  publisher = {Springer},
  doi = {10.1023/A:1007421730016},
  url = {https://doi.org/10.1023/A:1007421730016}
}
@inproceedings{andreassen1991ModelBased,
  title = {A {{Model-Based Approach}} to {{Insulin Adjustment}}},
  booktitle = {{{AIME}} 91},
  author = {Andreassen, Steen and Hovorka, Roman and Benn, Jonathan and Olesen, Kristian G. and Carson, Ewart R.},
  year = {1991},
  volume = {44},
  pages = {239--248},
  publisher = {Springer Berlin Heidelberg},
  address = {Berlin, Heidelberg},
  doi = {10.1007/978-3-642-48650-0_19},
  urldate = {2024-04-03},
  isbn = {978-3-540-54144-8 978-3-642-48650-0},
}

@article{atkinson2022SemisymbolicInference,
  title = {Semi-Symbolic Inference for Efficient Streaming Probabilistic Programming},
  author = {Atkinson, Eric and Yuan, Charles and Baudart, Guillaume and Mandel, Louis and Carbin, Michael},
  year = {2022},
  journal = {Proc. ACM Program. Lang.},
  volume = {6},
  number = {OOPSLA2},
  pages = {1668--1696},
  issn = {2475-1421},
  doi = {10.1145/3563347},
  langid = {english},
}

@phdthesis{atkinson2024Language,
  type = {Thesis},
  title = {A {{Language}} and {{Logic}} for {{Programming}} and {{Reasoning}} with {{Partial Observability}}},
  author = {Atkinson, Eric Hamilton},
  year = {2024},
  month = feb,
  urldate = {2024-04-04},
  copyright = {In Copyright - Educational Use Permitted},
  langid = {english},
  school = {Massachusetts Institute of Technology},
}

@inproceedings{baydin2019EtalumisBringing,
  ids = {baydin2019EtalumisBringinga},
  title = {Etalumis: {{Bringing Probabilistic Programming}} to {{Scientific Simulators}} at {{Scale}}},
  shorttitle = {Etalumis},
  booktitle = {Proceedings of the {{International Conference}} for {{High Performance Computing}}, {{Networking}}, {{Storage}} and {{Analysis}}},
  author = {Baydin, At{\i}l{\i}m G{\"u}ne{\c s} and Shao, Lei and Bhimji, Wahid and Heinrich, Lukas and Meadows, Lawrence and Liu, Jialin and Munk, Andreas and Naderiparizi, Saeid and {Gram-Hansen}, Bradley and Louppe, Gilles and Ma, Mingfei and Zhao, Xiaohui and Torr, Philip and Lee, Victor and Cranmer, Kyle and Prabhat and Wood, Frank},
  year = {2019},
  month = nov,
  address = {Denver, Colorado},
  doi = {10.1145/3295500.3356180},
  articleno = {29},
}

@incollection{beinlich1989ALARM,
  ids = {beinlich1989ALARMMonitoringa},
  title = {The {{ALARM}} Monitoring System: {{A}} Case Study with Two Probabilistic Inference Techniques for Belief Networks},
  booktitle = {{{AIME}} 89},
  author = {Beinlich, Ingo A and Suermondt, Henri Jacques and Chavez, R Martin and Cooper, Gregory F},
  year = {1989},
  pages = {247--256},
  publisher = {Springer},
  doi = {10.1007/978-3-642-93437-7_28}
}

@article{bingham2019Pyro,
  title = {Pyro: Deep Universal Probabilistic Programming},
  author = {Bingham, Eli and Chen, Jonathan P. and Jankowiak, Martin and Obermeyer, Fritz and Pradhan, Neeraj and Karaletsos, Theofanis and Singh, Rohit and Szerlip, Paul and Horsfall, Paul and Goodman, Noah D.},
  year = {2019},
  month = jan,
  journal = {Journal of Machine Learning Research},
  volume = {20},
  number = {1},
  pages = {973--978},
  publisher = {JMLR.org},
  issn = {1532-4435},
  url = {https://dl.acm.org/doi/abs/10.5555/3322706.3322734},
  issue_date = {January 2019},
}

@article{borgstrom2013MeasureTransformer,
  ids = {borgstrom2013MeasureTransformera,borgstrom2013MeasureTransformerb},
  title = {Measure {{Transformer Semantics}} for {{Bayesian Machine Learning}}},
  author = {Borgstr{\"o}m, Johannes and Gordon, Andrew D. and Greenberg, Michael and Margetson, James and Van Gael, Jurgen},
  year = {2013},
  month = sep,
  journal = {Logical Methods in Computer Science},
  volume = {9},
  number = {3},
  eprint = {1308.0689},
  pages = {11},
  issn = {18605974},
  doi = {10/f24g87},
  urldate = {2021-09-26},
  archiveprefix = {arxiv},
  arxivid = {1308.0689},
}

@book{bretto2013Hypergraph,
  title = {Hypergraph {{Theory}}: {{An Introduction}}},
  shorttitle = {Hypergraph {{Theory}}},
  author = {Bretto, Alain},
  year = {2013},
  series = {Mathematical {{Engineering}}},
  publisher = {Springer International Publishing},
  address = {Heidelberg},
  doi = {10.1007/978-3-319-00080-0},
  urldate = {2023-03-28},
  isbn = {978-3-319-00079-4 978-3-319-00080-0},
  langid = {english},
}

@article{carpenter2017stan,
  title = {Stan: {{A}} Probabilistic Programming Language},
  author = {Carpenter, Bob and Gelman, Andrew and Hoffman, Matthew D and Lee, Daniel and Goodrich, Ben and Betancourt, Michael and Brubaker, Marcus A and Guo, Jiqiang and Li, Peter and Riddell, Allen},
  year = {2017},
  journal = {Journal of statistical software},
  volume = {76},
  publisher = {NIH Public Access},
  doi = {10.18637/jss.v076.i01}
}

@inproceedings{culpepper2017ContextualEquivalence,
  ids = {culpepper2017ContextualEquivalencea},
  title = {Contextual {{Equivalence}} for {{Probabilistic Programs}} with {{Continuous Random Variables}} and {{Scoring}}},
  booktitle = {Programming {{Languages}} and {{Systems}}},
  author = {Culpepper, Ryan and Cobb, Andrew},
  year = {2017},
  series = {Lecture {{Notes}} in {{Computer Science}}},
  pages = {368--392},
  publisher = {Springer},
  address = {Berlin, Heidelberg},
  doi = {10.1007/978-3-662-54434-1_14},
  isbn = {978-3-662-54434-1},
  langid = {english},
}

@inproceedings{cusumano-towner2019GenGeneralpurpose,
  ids = {cusumano-towner2018GenGeneralpurpose,cusumano-towner2019GenGeneralpurposea},
  title = {Gen: A General-Purpose Probabilistic Programming System with Programmable Inference},
  shorttitle = {Gen},
  booktitle = {Proceedings of the 40th {{ACM SIGPLAN Conference}} on {{Programming Language Design}} and {{Implementation}}},
  author = {{Cusumano-Towner}, Marco F. and Saad, Feras A. and Lew, Alexander K. and Mansinghka, Vikash K.},
  year = {2019},
  month = jun,
  series = {{{PLDI}} 2019},
  pages = {221--236},
  publisher = {Association for Computing Machinery},
  address = {Phoenix, AZ, USA},
  doi = {10.1145/3314221.3314642},
  urldate = {2020-02-12},
  isbn = {978-1-4503-6712-7},
  url_link = {http://hdl.handle.net/1721.1/119255},
}

@inproceedings{deraedt2007ProbLog,
  ids = {deraedt2007ProbLogProbabilistica,deraedt2007ProbLogProbabilisticb,deraedt2007ProbLogProbabilisticc,deraedt2007ProbLogProbabilisticd},
  title = {{{ProbLog}}: {{A}} Probabilistic Prolog and Its Application in Link Discovery},
  booktitle = {{{IJCAI International Joint Conference}} on {{Artificial Intelligence}}},
  author = {De Raedt, Luc and Kimmig, Angelika and Toivonen, Hannu},
  year = {2007},
  pages = {2468--2473},
  date-added = {2007-08-09 16:43:51 +0200},
  date-modified = {2008-02-04 20:12:43 +0100},
}

@article{felleisen1991ExpressivePower,
  title = {On the Expressive Power of Programming Languages},
  author = {Felleisen, Matthias},
  year = {1991},
  month = dec,
  journal = {Science of Computer Programming},
  volume = {17},
  number = {1},
  pages = {35--75},
  issn = {0167-6423},
  doi = {10.1016/0167-6423(91)90036-W},
  urldate = {2020-04-19},
  langid = {english},
}

@article{fierens2015inference,
  title = {Inference and Learning in Probabilistic Logic Programs Using Weighted Boolean Formulas},
  author = {Fierens, Daan and {Van den Broeck}, Guy and Renkens, Joris and Shterionov, Dimitar and Gutmann, Bernd and Thon, Ingo and Janssens, Gerda and De Raedt, Luc},
  year = {2015},
  journal = {Theory and Practice of Logic Programming},
  volume = {15},
  number = {3},
  pages = {358--401},
  publisher = {Cambridge University Press},
  doi = {10.1017/S1471068414000076},
}

@inproceedings{friedman2018ApproximateKnowledge,
  title = {Approximate {{Knowledge Compilation}} by {{Online Collapsed Importance Sampling}}},
  booktitle = {Advances in {{Neural Information Processing Systems}}},
  author = {Friedman, Tal and {Van den Broeck}, Guy},
  year = {2018},
  volume = {31},
  pages = {15},
  publisher = {Curran Associates, Inc.},
  url = {https://dl.acm.org/doi/10.5555/3327757.3327898},
  urldate = {2021-11-12},
}

@article{gehr2016PSIExact,
  ids = {gehr2016PSIExacta,gehr2016PSIExactb},
  title = {{{PSI}}: {{Exact}} Symbolic Inference for Probabilistic Programs},
  author = {Gehr, Timon and Misailovic, Sasa and Vechev, Martin},
  year = {2016},
  journal = {Proc. of ESOP/ETAPS},
  volume = {9779},
  pages = {62--83},
  issn = {16113349},
  doi = {10/gmq8ks},
  isbn = {9783319415277},
}

@inproceedings{gehr2018BayonetProbabilistic,
  ids = {gehr2018BayonetProbabilistica},
  title = {Bayonet: Probabilistic Inference for Networks},
  booktitle = {{{ACM SIGPLAN Notices}}},
  author = {Gehr, Timon and Misailovic, Sasa and Tsankov, Petar and Vanbever, Laurent and Wiesmann, Pascal and Vechev, Martin},
  year = {2018},
  volume = {53},
  pages = {586--602},
  doi = {10.1145/3296979.3192400},
  organization = {ACM},
}

@book{goodman2018Probabilistic,
  title = {Probabilistic Models of Cognition},
  author = {Goodman, Noah D. and Tenenbaum, Joshua B.},
  year = {2018},
  edition = {2},
}

@inproceedings{heckerman1995UnifiedDiscrete,
  title = {Learning {{Bayesian Networks}}: {{A Unification}} for {{Discrete}} and {{Gaussian Domains}}},
  shorttitle = {Learning {{Bayesian Networks}}},
  booktitle = {Conference on {{Uncertainty}} in {{Artificial Intelligence}}},
  author = {Heckerman, D. and Geiger, D.},
  year = {1995},
  month = aug,
  urldate = {2023-10-25},
  eventtitle = {Conference on {{Uncertainty}} in {{Artificial Intelligence}}},
}

@article{holtzen2020scaling,
  title = {Scaling Exact Inference for Discrete Probabilistic Programs},
  author = {Holtzen, Steven and {Van den Broeck}, Guy and Millstein, Todd},
  year = {2020},
  journal = {Proceedings of the ACM on Programming Languages},
  volume = {4},
  number = {OOPSLA},
  pages = {1--31},
  publisher = {ACM New York, NY, USA},
  doi = {10.1145/3428208}
}

@article{knight2011Internet,
  title = {The {{Internet Topology Zoo}}},
  author = {Knight, Simon and Nguyen, Hung X. and Falkner, Nickolas and Bowden, Rhys and Roughan, Matthew},
  year = {2011},
  month = oct,
  journal = {IEEE Journal on Selected Areas in Communications},
  volume = {29},
  number = {9},
  pages = {1765--1775},
  issn = {1558-0008},
  doi = {10.1109/JSAC.2011.111002},
  urldate = {2024-03-05},
  eventtitle = {{{IEEE Journal}} on {{Selected Areas}} in {{Communications}}},
}

@book{koller2009ProbabilisticGraphical,
  ids = {koller2009ProbabilisticGraphicala,koller2009ProbabilisticGraphicalb,koller2009ProbabilisticGraphicalc,koller2009ProbabilisticGraphicald},
  title = {Probabilistic Graphical Models: Principles and Techniques},
  shorttitle = {Probabilistic Graphical Models},
  author = {Koller, Daphne and Friedman, Nir},
  year = {2009},
  series = {Adaptive Computation and Machine Learning},
  publisher = {MIT Press},
  address = {Cambridge, MA},
  isbn = {978-0-262-01319-2},
  lccn = {QA279.5 .K65 2009},
}

@article{mansinghka2014VentureHigherorder,
  ids = {mansinghka2014VentureHigherordera,mansinghka2014VentureHigherorderb,mansinghka2014VentureHigherorderc,mansinghka2014VentureHigherorderd},
  title = {Venture: {{A}} Higher-Order Probabilistic Programming Platform with Programmable Inference},
  author = {Mansinghka, Vikash and Selsam, Daniel and Perov, Yura},
  year = {2014},
  month = mar,
  journal = {arXiv},
  eprint = {1404.0099},
  pages = {78--78},
  archiveprefix = {arxiv},
  arxivid = {1404.0099},
}

@article{matthews2007operational,
  title = {Operational Semantics for Multi-Language Programs},
  author = {Matthews, Jacob and Findler, Robert Bruce},
  year = {2007},
  journal = {ACM SIGPLAN Notices},
  volume = {42},
  number = {1},
  pages = {3--10},
  publisher = {ACM New York, NY, USA},
  doi = {10.1145/1190215.1190220}
}

@article{meisling1958discrete,
  title = {Discrete-Time Queuing Theory},
  author = {Meisling, Torben},
  year = {1958},
  journal = {Operations Research},
  volume = {6},
  number = {1},
  pages = {96--105},
  publisher = {INFORMS},
  doi = {10.1287/opre.6.1.96}
}

@inproceedings{mekhnacha2023UnifyingFramework,
  title = {A Unifying Framework for Exact and Approximate {{Bayesian}} Inference},
  author = {Mekhnacha, K. and Smail, Linda and Ahuactzin, J. and Bessi{\`e}re, P. and Mazer, E.},
  year = {2023},
  urldate = {2023-10-10},
}

@inproceedings{murray2018DelayedSampling,
  title = {Delayed Sampling and Automatic Rao-Blackwellization of Probabilistic Programs},
  booktitle = {International Conference on Artificial Intelligence and Statistics, {{AISTATS}} 2018, 9-11 April 2018, Playa Blanca, Lanzarote, Canary Islands, Spain},
  author = {Murray, Lawrence M. and Lund{\'e}n, Daniel and Kudlicka, Jan and Broman, David and Sch{\"o}n, Thomas B.},
  year = {2018},
  series = {Proceedings of Machine Learning Research},
  volume = {84},
  pages = {1037--1046},
  publisher = {PMLR},
  url = {http://proceedings.mlr.press/v84/murray18a.html},
  bibsource = {dblp computer science bibliography, https://dblp.org},
  biburl = {https://dblp.org/rec/conf/aistats/MurrayLKBS18.bib},
  timestamp = {Wed, 03 Apr 2019 01:00:00 +0200},
}

@inproceedings{new2016fully,
  title = {Fully Abstract Compilation via Universal Embedding},
  booktitle = {Proceedings of the 21st {{ACM SIGPLAN}} International Conference on Functional Programming},
  author = {New, Max S and Bowman, William J and Ahmed, Amal},
  year = {2016},
  pages = {103--116},
  doi = {10.1145/2951913.2951941}
}

@phdthesis{new2020SemanticFoundation,
  title = {A {{Semantic Foundation}} for {{Sound Gradual Typing}}},
  author = {New, Max Stewart},
  year = {2020},
  address = {USA},
  school = {Northeastern University},
  url={https://dl.acm.org/doi/book/10.5555/AAI28263083},
}

@inproceedings{onisko2005Probabilistic,
  title = {A {{Probabilistic Causal Model}} for {{Diagnosis}} of {{Liver Disorders}}},
  author = {Onisko, A. and Druzdzel, Marek J. and Wasyluk, H. and Onisko, A.},
  year = {2005},
  urldate = {2024-04-03},
}

@phdthesis{patterson2022InteroperabilityRealizability,
  title = {Interoperability through Realizability: Expressing High-Level Abstractions Using Low-Level Code},
  shorttitle = {Interoperability through Realizability},
  author = {Patterson, Daniel Baker},
  year = {2022},
  doi = {10.17760/D20467221},
  urldate = {2023-08-04},
  langid = {english},
  school = {Northeastern University},
}

@inproceedings{patterson2022Semantic,
  ids = {patterson2022semantic},
  title = {Semantic Soundness for Language Interoperability},
  booktitle = {Proceedings of the 43rd {{ACM SIGPLAN International Conference}} on {{Programming Language Design}} and {{Implementation}}},
  author = {Patterson, Daniel and Mushtak, Noble and Wagner, Andrew and Ahmed, Amal},
  year = {2022},
  month = jun,
  pages = {609--624},
  publisher = {ACM},
  address = {San Diego CA USA},
  doi = {10.1145/3519939.3523703},
  urldate = {2024-01-09},
  isbn = {9781450392655},
  langid = {english},
}

@book{pearl1988Probabilistic,
  ids = {pearl1988ProbabilisticReasoninga,pearl1988ProbabilisticReasoningb,pearl1988Probabilistica},
  title = {Probabilistic Reasoning in Intelligent Systems: {{Networks}} of Plausible Inference},
  author = {Pearl, Judea},
  year = {1988},
  publisher = {Morgan Kaufmann Publishers Inc.},
  address = {San Francisco, CA, USA},
  isbn = {0-934613-73-7}
}

@article{pena2005Growing,
  title = {Growing {{Bayesian}} Network Models of Gene Networks from Seed Genes},
  author = {Pe{\~n}a, J. M. and Bj{\"o}rkegren, J. and Tegn{\'e}r, J.},
  year = {2005},
  month = sep,
  journal = {Bioinformatics},
  volume = {21},
  number = {suppl\_2},
  pages = {ii224-ii229},
  issn = {1367-4803},
  doi = {10.1093/bioinformatics/bti1137},
  urldate = {2024-04-03},
}

@inproceedings{ramsey2002stochastic,
  title = {Stochastic Lambda Calculus and Monads of Probability Distributions},
  booktitle = {Proceedings of the 29th {{ACM SIGPLAN-SIGACT}} Symposium on {{Principles}} of Programming Languages},
  author = {Ramsey, Norman and Pfeffer, Avi},
  year = {2002},
  pages = {154--165},
  doi = {10.1145/503272.503288}
}

@inproceedings{rhamdani2018EqualCost,
  title = {Equal-{{Cost Multipath Routing}} in {{Data Center Network Based}} on {{Software Defined Network}}},
  booktitle = {2018 6th {{International Conference}} on {{Information}} and {{Communication Technology}} ({{ICoICT}})},
  author = {Rhamdani, Fiqih and Suwastika, Novian Anggis and Nugroho, Muhammad Arief},
  year = {2018},
  month = may,
  pages = {222--226},
  doi = {10.1109/ICoICT.2018.8528730},
  urldate = {2024-03-20},
}

@book{robert2004MonteCarlo,
  title = {Monte {{Carlo Statistical Methods}}},
  author = {Robert, Christian P. and Casella, George},
  year = {2004},
  series = {Springer {{Texts}} in {{Statistics}}},
  publisher = {Springer},
  address = {New York, NY},
  doi = {10.1007/978-1-4757-4145-2},
  urldate = {2023-09-26},
  isbn = {978-1-4419-1939-7 978-1-4757-4145-2},
}

@article{sammler2023DimSum,
  title = {{{DimSum}}: {{A Decentralized Approach}} to {{Multi-language Semantics}} and {{Verification}}},
  shorttitle = {{{DimSum}}},
  author = {Sammler, Michael and Spies, Simon and Song, Youngju and D'Osualdo, Emanuele and Krebbers, Robbert and Garg, Deepak and Dreyer, Derek},
  year = {2023},
  month = jan,
  journal = {Proceedings of the ACM on Programming Languages},
  volume = {7},
  number = {POPL},
  pages = {27:775--27:805},
  doi = {10.1145/3571220},
  urldate = {2024-01-09},
}

@phdthesis{scibior2018FormallyJustified,
  title = {Formally Justified and Modular {{Bayesian}} Inference for Probabilistic Programs},
  author = {{\'S}cibior, Adam Micha{\l}},
  year = {2018},
  month = sep,
  urldate = {2021-09-15},
  collaborator = {{Apollo-University Of Cambridge Repository} and {Apollo-University Of Cambridge Repository} and Ghahramani, Zoubin},
  copyright = {All rights reserved, All Rights Reserved, https://www.rioxx.net/licenses/all-rights-reserved/},
  langid = {english},
  school = {Apollo - University of Cambridge Repository},
}

@inproceedings{siek2006GradualTyping,
  title = {Gradual {{Typing}} for {{Functional Languages}}},
  booktitle = {Proceedings of the {{Scheme}} and {{Functional Programming Workshop}}},
  author = {Siek, Jeremy G and Taha, Walid},
  year = {2006},
  langid = {english},
}

@inproceedings{siek2007GradualObjects,
  title = {Gradual {{Typing}} for {{Objects}}},
  booktitle = {{{ECOOP}} 2007 -- {{Object-Oriented Programming}}},
  author = {Siek, Jeremy and Taha, Walid},
  year = {2007},
  series = {Lecture {{Notes}} in {{Computer Science}}},
  pages = {2--27},
  publisher = {Springer},
  address = {Berlin, Heidelberg},
  doi = {10.1007/978-3-540-73589-2_2},
  isbn = {978-3-540-73589-2},
  langid = {english},
}

@inproceedings{staton2016SemanticsProbabilistic,
  title = {Semantics for {{Probabilistic Programming}}: {{Higher-order Functions}}, {{Continuous Distributions}}, and {{Soft Constraints}}},
  shorttitle = {Semantics for {{Probabilistic Programming}}},
  booktitle = {Proceedings of the 31st {{Annual ACM}}/{{IEEE Symposium}} on {{Logic}} in {{Computer Science}}},
  author = {Staton, Sam and Yang, Hongseok and Wood, Frank and Heunen, Chris and Kammar, Ohad},
  year = {2016},
  series = {{{LICS}} '16},
  pages = {525--534},
  publisher = {ACM},
  address = {New York, NY, USA},
  doi = {10.1145/2933575.2935313},
  urldate = {2019-07-31},
  isbn = {978-1-4503-4391-6},
}

@inproceedings{stites2021LearningProposals,
  title = {Learning Proposals for Probabilistic Programs with Inference Combinators},
  booktitle = {Proceedings of the {{Thirty-Seventh Conference}} on {{Uncertainty}} in {{Artificial Intelligence}}},
  author = {Stites, Sam and Zimmermann, Heiko and Wu, Hao and Sennesh, Eli and {van de Meent}, Jan-Willem},
  year = {2021},
  month = dec,
  pages = {1056--1066},
  publisher = {PMLR},
  issn = {2640-3498},
  url = {https://proceedings.mlr.press/v161/stites21a.html},
  langid = {english},
}

@inproceedings{tobin-hochstadt2008Design,
  title = {The Design and Implementation of Typed Scheme},
  booktitle = {Proceedings of the 35th Annual {{ACM SIGPLAN-SIGACT}} Symposium on {{Principles}} of Programming Languages},
  author = {{Tobin-Hochstadt}, Sam and Felleisen, Matthias},
  year = {2008},
  month = jan,
  series = {{{POPL}} '08},
  pages = {395--406},
  publisher = {Association for Computing Machinery},
  address = {New York, NY, USA},
  doi = {10.1145/1328438.1328486},
  urldate = {2024-04-04},
  isbn = {978-1-59593-689-9},
}

@inproceedings{tobin2011languages,
  title = {Languages as Libraries},
  booktitle = {Proceedings of the 32nd {{ACM SIGPLAN}} Conference on {{Programming}} Language Design and Implementation},
  author = {{Tobin-Hochstadt}, Sam and {St-Amour}, Vincent and Culpepper, Ryan and Flatt, Matthew and Felleisen, Matthias},
  year = {2011},
  pages = {132--141},
  doi = {10.1145/1993498.1993514}
}

@phdthesis{tobin2018Embedded,
  type = {Doctor of {{Philosophy}} in {{Statistics}}},
  title = {Embedded {{Domain-Specific Languages}} for {{Bayesian Modelling}} and {{Inference}}},
  author = {Tobin, Jared},
  year = {2018},
  month = jan,
  langid = {english},
  school = {University of Aucklandin},
}

@article{wand2018ContextualEquivalence,
  title = {Contextual Equivalence for a Probabilistic Language with Continuous Random Variables and Recursion},
  author = {Wand, Mitchell and Culpepper, Ryan and Giannakopoulos, Theophilos and Cobb, Andrew},
  year = {2018},
  month = jul,
  journal = {Proceedings of the ACM on Programming Languages},
  volume = {2},
  number = {ICFP},
  pages = {87:1--87:30},
  doi = {10/gm8vvw},
  urldate = {2021-10-28},
}

@article{ye2023GradualProbabilistic,
  title = {A {{Gradual Probabilistic Lambda Calculus}}},
  author = {Ye, Wenjia and Toro, Mat{\'i}as and Olmedo, Federico},
  year = {2023},
  month = apr,
  journal = {Proceedings of the ACM on Programming Languages},
  volume = {7},
  number = {OOPSLA1},
  pages = {84:256--84:285},
  doi = {10.1145/3586036},
  urldate = {2023-09-22},
}
@article{li2023lilac,
  title = {Lilac: {{A Modal Separation Logic}} for {{Conditional Probability}}},
  shorttitle = {Lilac},
  author = {Li, John M. and Ahmed, Amal and Holtzen, Steven},
  year = {2023},
  month = jun,
  journal = {Proceedings of the ACM on Programming Languages},
  volume = {7},
  number = {PLDI},
  pages = {112:148--112:171},
  publisher = {ACM New York, NY, USA},
  doi = {10.1145/3591226},
  url = {https://dl.acm.org/doi/10.1145/3591226},
  urldate = {2023-06-29},
}

@inproceedings{smolka2019scalable,
  title = {Scalable Verification of Probabilistic Networks},
  booktitle = {Proceedings of the 40th {{ACM SIGPLAN}} Conference on Programming Language Design and Implementation},
  author = {Smolka, Steffen and Kumar, Praveen and Kahn, David M and Foster, Nate and Hsu, Justin and Kozen, Dexter and Silva, Alexandra},
  year = {2019},
  pages = {190--203},
  doi = {10.1145/3314221.3314639}
}

@inproceedings{obermeyer2019tensor,
  ids = {obermeyer2019Tensor,obermeyer2019TensorVariablea,obermeyer2019TensorVariableb},
  title = {Tensor Variable Elimination for Plated Factor Graphs},
  booktitle = {Proceedings of the 36th International Conference on Machine Learning},
  author = {Obermeyer, Fritz and Bingham, Eli and Jankowiak, Martin and Pradhan, Neeraj and Chiu, Justin and Rush, Alexander and Goodman, Noah},
  year = {2019-06-09/2019-06-15},
  series = {Proceedings of Machine Learning Research},
  volume = {97},
  pages = {4871--4880},
  url = {https://proceedings.mlr.press/v97/obermeyer19a.html},
  pdf = {http://proceedings.mlr.press/v97/obermeyer19a/obermeyer19a.pdf},
}

@article{gorinova2021conditional,
  title={Conditional independence by typing},
  author = {Gorinova, Maria I and Gordon, Andrew D and Sutton, Charles and V{\'a}k{\'a}r, Matthijs},
  year = {2021},
  journal = {ACM Transactions on Programming Languages and Systems (TOPLAS)},
  volume = {44},
  number = {1},
  pages = {1--54},
  publisher = {ACM New York, NY},
  doi = {10.1145/3490421},
}

@article{neal2011mcmc,
  title = {{{MCMC}} Using {{Hamiltonian}} Dynamics},
  author = {Neal, Radford M.},
  year = {2011},
  journal = {Handbook of Markov Chain Monte Carlo},
  volume = {54},
  pages = {113--162},
  publisher = {{Chapman and Hall/CRC}},
  added-at = {2013-11-20T16:22:16.000+0100},
  biburl = {https://www.bibsonomy.org/bibtex/233fcb1d5a6d675e371170820f0b4dbcd/giacomo.fiumara},
  citeulike-article-id = {12118398},
  interhash = {f26b3ec7720399d06a5c271916a0ee92},
  intrahash = {33fcb1d5a6d675e371170820f0b4dbcd},
  posted-at = {2013-03-06 23:35:00},
  priority = {2},
  timestamp = {2013-11-20T16:22:16.000+0100},
}

@article{darwiche2002knowledge,
  ids = {darwiche2001KnowledgeCompilation,darwiche2001KnowledgeCompilationa,darwiche2001KnowledgeCompilationb,darwiche2001KnowledgeCompilationc,darwiche2002KnowledgeCompilationa,darwiche2002KnowledgeCompilationb},
  title = {A {{Knowledge Compilation Map}}},
  author = {Darwiche, A. and Marquis, P.},
  year = {2002},
  month = sep,
  journal = {Journal of Artificial Intelligence Research},
  volume = {17},
  pages = {229--264},
  issn = {1076-9757},
  doi = {10/ghjsq6},
}

@inproceedings{sang2005performing,
  title = {Performing {{Bayesian}} Inference by Weighted Model Counting},
  booktitle = {Proceedings of the 20th National Conference on {{Artificial}} Intelligence - {{Volume}} 1},
  author = {Sang, Tian and Bearne, Paul and Kautz, Henry},
  year = {2005},
  month = jul,
  series = {{{AAAI}}'05},
  pages = {475--481},
  publisher = {AAAI Press},
  address = {Pittsburgh, Pennsylvania},
  url = {https://dl.acm.org/doi/10.5555/1619332.1619409},
  isbn = {978-1-57735-236-5}
}

@article{chavira2008probabilistic,
  ids = {chavira2008ProbabilisticInferencea,chavira2008ProbabilisticInferenceb,chavira2008ProbabilisticInferencec,chavira2008ProbabilisticInferenced},
  title = {On Probabilistic Inference by Weighted Model Counting},
  author = {Chavira, Mark and Darwiche, Adnan},
  year = {2008},
  month = apr,
  journal = {Artificial Intelligence},
  volume = {172},
  number = {6},
  pages = {772--799},
  publisher = {Elsevier Science Publishers Ltd.},
  address = {Essex, UK},
  issn = {0004-3702},
  doi = {10.1016/j.artint.2007.11.002},
  url = {https://www.sciencedirect.com/science/article/pii/S0004370207001889},
  urldate = {2022-07-28},
  acmid = {1342783},
  issue_date = {April, 2008},
  langid = {english},
  myurl = {http://dx.doi.org/10.1016/j.artint.2007.11.002},
}

@article{simpson2018category,
  title = {Category-Theoretic Structure for Independence and Conditional Independence},
  author = {Simpson, Alex},
  year = {2018},
  journal = {Electronic Notes in Theoretical Computer Science},
  volume = {336},
  pages = {281--297},
  publisher = {Elsevier},
  doi = {10.1016/j.entcs.2018.03.028}
}

@inproceedings{simpson2017probability,
  title = {Probability Sheaves and the {{Giry}} Monad},
  booktitle = {7th Conference on Algebra and Coalgebra in Computer Science ({{CALCO}} 2017)},
  author = {Simpson, Alex},
  year = {2017},
  publisher = {Schloss-Dagstuhl-Leibniz Zentrum f{\"u}r Informatik},
  doi = {10.4230/LIPIcs.CALCO.2017.1},
  organization = {Schloss Dagstuhl-Leibniz-Zentrum fuer Informatik},
}


@inproceedings{giry2006categorical,
  title={A categorical approach to probability theory},
  author={Giry, Michele},
  doi={10.1007/BFb0092872},
  booktitle={Categorical Aspects of Topology and Analysis: Proceedings of an International Conference Held at Carleton University, Ottawa, August 11--15, 1981},
  pages={68--85},
  year={2006},
  organization={Springer}
}
@incollection{tov2010stateful,
  title = {Stateful {{Contracts}} for {{Affine Types}}},
  booktitle = {Programming {{Languages}} and {{Systems}}},
  author = {Tov, Jesse A. and Pucella, Riccardo},
  year = {2010},
  pages = {550--569},
  publisher = {Springer},
  address = {Berlin, Heidelberg},
  doi = {10.1007/978-3-642-11957-6_29},
  isbn = {978-3-642-11957-6},
  langid = {english},
}

@article{dagand2018foundations,
  ids = {dagand2018Foundationsa,dagand2018Foundationsb},
  title = {Foundations of Dependent Interoperability},
  author = {Dagand, Pierre-{\'E}variste and Tabareau, Nicolas and Tanter, {\'E}ric},
  year = {2018},
  month = jan,
  journal = {Journal of Functional Programming},
  volume = {28},
  pages = {e9},
  publisher = {Cambridge University Press},
  issn = {0956-7968, 1469-7653},
  doi = {10.1017/S0956796818000011},
  url = {https://www.cambridge.org/core/journals/journal-of-functional-programming/article/foundations-of-dependent-interoperability/801E5D733DE9BC30B1A34A5FDC621242},
  urldate = {2024-04-05},
  langid = {english},
}
@inproceedings{scherer2018fab,
  title = {Fabous {{Interoperability}} for {{ML}} and a {{Linear Language}}},
  booktitle = {Foundations of {{Software Science}} and {{Computation Structures}}},
  author = {Scherer, Gabriel and New, Max and Rioux, Nick and Ahmed, Amal},
  year = {2018},
  pages = {146--162},
  publisher = {Springer International Publishing},
  address = {Cham},
  doi = {10.1007/978-3-319-89366-2_8},
  isbn = {978-3-319-89366-2},
  langid = {english},
}


@book{robert1999monte,
  title={Monte Carlo statistical methods},
  author={Robert, Christian P and Casella, George and Casella, George},
  volume={2},
  year={1999},
  publisher={Springer}
}
@misc{hopp2000Analysis,
  title = {Analysis of an {{Equal-Cost Multi-Path Algorithm}}},
  shorttitle = {{{RFC}} 2992},
  author = {Hopp, Christian},
  year = {2000},
  month = nov,
  publisher = {IETF},
  url = {https://doi.org/10.17487/RFC2992},
  copyright = {The Internet Society (2000).  All Rights Reserved.},
  langid = {american}
}
@article{kloek1978Bayesian,
  title = {Bayesian {{Estimates}} of {{Equation System Parameters}}: {{An Application}} of {{Integration}} by {{Monte Carlo}}},
  shorttitle = {Bayesian {{Estimates}} of {{Equation System Parameters}}},
  author = {Kloek, T. and Van Dijk, H. K.},
  year = {1978},
  month = jan,
  journal = {Econometrica},
  volume = {46},
  number = {1},
  eprint = {1913641},
  eprinttype = {jstor},
  pages = {1},
  issn = {00129682},
  doi = {10.2307/1913641},
  url = {https://www.jstor.org/stable/1913641?origin=crossref},
  urldate = {2024-09-30},
}


@article{zhang2022reasoning,
  title = {Reasoning about ``Reasoning about Reasoning'': Semantics and Contextual Equivalence for Probabilistic Programs with Nested Queries and Recursion},
  shorttitle = {Reasoning about ``Reasoning about Reasoning''},
  author = {Zhang, Yizhou and Amin, Nada},
  year = {2022},
  month = jan,
  journal = {Proceedings of the ACM on Programming Languages},
  volume = {6},
  number = {POPL},
  pages = {16:1--16:28},
  doi = {10/gqqdp8},
  url = {https://doi.org/10.1145/3498677},
  urldate = {2022-08-28},
}

@inproceedings{rainforth2018nesting,
  title = {On Nesting Monte Carlo Estimators},
  booktitle = {Proceedings of the 35th International Conference on Machine Learning, {{ICML}} 2018, Stockholmsm{\"a}ssan, Stockholm, Sweden, July 10-15, 2018},
  author = {Rainforth, Tom and Cornish, Robert and Yang, Hongseok and Warrington, Andrew},
  year = {2018},
  series = {Proceedings of Machine Learning Research},
  volume = {80},
  pages = {4264--4273},
  publisher = {PMLR},
  issn = {2640-3498},
  url = {http://proceedings.mlr.press/v80/rainforth18a.html},
}

@article{baker2009action,
  title={Action understanding as inverse planning},
  author={Baker, Chris L and Saxe, Rebecca and Tenenbaum, Joshua B},
  journal={Cognition},
  volume={113},
  number={3},
  pages={329--349},
  year={2009},
  doi={10.1016/j.cognition.2009.07.005},
  publisher={Elsevier}
}

@article{stuhlmuller2014reasoning,
  title = {Reasoning about Reasoning by Nested Conditioning: {{Modeling}} Theory of Mind with Probabilistic Programs},
  shorttitle = {Reasoning about Reasoning by Nested Conditioning},
  author = {Stuhlm{\"u}ller, A. and Goodman, N. D.},
  year = {2014},
  month = jun,
  journal = {Cognitive Systems Research},
  series = {Special {{Issue}} on {{Mindreading}}},
  volume = {28},
  pages = {80--99},
  issn = {1389-0417},
  doi = {10.1016/j.cogsys.2013.07.003},
  url = {https://www.sciencedirect.com/science/article/pii/S1389041713000387},
  urldate = {2025-02-25},
}

@inproceedings{staton2017commutative,
  title = {Commutative {{Semantics}} for {{Probabilistic Programming}}},
  booktitle = {Programming {{Languages}} and {{Systems}}},
  author = {Staton, Sam},
  year = {2017},
  series = {Lecture {{Notes}} in {{Computer Science}}},
  pages = {855--879},
  publisher = {Springer},
  address = {Berlin, Heidelberg},
  doi = {10.1007/978-3-662-54434-1_32},
  isbn = {978-3-662-54434-1},
  langid = {english},
}

@article{malenfant1996semantics,
  title = {A Semantics of Introspection in a Reflective Prototype-Based Language},
  author = {Malenfant, Jacques and Dony, Christophe and Cointe, Pierre},
  year = {1996},
  month = may,
  journal = {LISP and Symbolic Computation},
  volume = {9},
  number = {2},
  pages = {153--179},
  issn = {1573-0557},
  doi = {10.1007/BF01806111},
  url = {https://doi.org/10.1007/BF01806111},
  urldate = {2025-02-25},
  langid = {english},
}

@inproceedings{benton2010step,
  title = {Step-Indexing: {{The}} Good, the Bad and the Ugly},
  booktitle = {Modelling, Controlling and Reasoning about State, Proceedings of Dagstuhl Seminar 10351},
  author = {Benton, Nick and Hur, Chung-Kil},
  year = {2010},
  month = oct,
  edition = {Modelling, Controlling and Reasoning About State, Proceedings of Dagstuhl Seminar 10351},
  publisher = {Schloss Dagstuhl - Leibniz-Zentrum fuer Informatik, Germany},
  url = {https://www.microsoft.com/en-us/research/publication/step-indexing-the-good-the-bad-and-the-ugly/},
}

@article{davies2001modal,
  title = {A Modal Analysis of Staged Computation},
  author = {Davies, Rowan and Pfenning, Frank},
  year = {2001},
  month = may,
  journal = {Journal of the ACM},
  volume = {48},
  number = {3},
  pages = {555--604},
  issn = {0004-5411},
  doi = {10.1145/382780.382785},
  url = {https://dl.acm.org/doi/10.1145/382780.382785},
  urldate = {2024-02-09},
}

@inproceedings{smith1984reflection,
  title = {Reflection and Semantics in {{LISP}}},
  booktitle = {Proceedings of the 11th {{ACM SIGACT-SIGPLAN}} Symposium on {{Principles}} of Programming Languages},
  author = {Smith, Brian Cantwell},
  year = {1984},
  month = jan,
  series = {{{POPL}} '84},
  pages = {23--35},
  publisher = {Association for Computing Machinery},
  address = {New York, NY, USA},
  doi = {10.1145/800017.800513},
  url = {https://dl.acm.org/doi/10.1145/800017.800513},
  urldate = {2025-02-25},
  isbn = {978-0-89791-125-2},
}

@article{matthews2008operational,
  title = {An Operational Semantics for Scheme1},
  author = {Matthews, Jacob and bruce Findler, Robert},
  year = {2008},
  month = jan,
  journal = {J. Funct. Program.},
  volume = {18},
  number = {1},
  pages = {47--86},
  issn = {0956-7968},
  doi = {10.1017/S0956796807006478},
  url = {https://doi.org/10.1017/S0956796807006478},
  urldate = {2025-02-25},
}

@inproceedings{feree2018program,
  title={Program verification in the presence of I/O: Semantics, verified library routines, and verified applications},
  author={F{\'e}r{\'e}e, Hugo and {\AA}man Pohjola, Johannes and Kumar, Ramana and Owens, Scott and Myreen, Magnus O and Ho, Son},
  booktitle={Verified Software. Theories, Tools, and Experiments: 10th International Conference, VSTTE 2018, Oxford, UK, July 18--19, 2018, Revised Selected Papers 10},
  pages={88--111},
  year={2018},
  organization={Springer}
}

@article{korkut2025verified,
  title = {A {{Verified Foreign Function Interface}} between {{Coq}} and {{C}}},
  author = {Korkut, Joomy and Stark, Kathrin and Appel, Andrew W.},
  year = {2025},
  month = jan,
  journal = {Proc. ACM Program. Lang.},
  volume = {9},
  number = {POPL},
  pages = {24:687--24:717},
  doi = {10.1145/3704860},
  url = {https://dl.acm.org/doi/10.1145/3704860},
  urldate = {2025-02-25},
}

@article{gueneau2023melocoton,
  title = {Melocoton: {{A Program Logic}} for {{Verified Interoperability Between OCaml}} and {{C}}},
  shorttitle = {Melocoton},
  author = {Gu{\'e}neau, Arma{\"e}l and Hostert, Johannes and Spies, Simon and Sammler, Michael and Birkedal, Lars and Dreyer, Derek},
  year = {2023},
  month = oct,
  journal = {Artifact for "Melocoton: A Program Logic for Verified Interoperability Between OCaml and C"},
  volume = {7},
  number = {OOPSLA2},
  pages = {247:716--247:744},
  doi = {10.1145/3622823},
  url = {https://dl.acm.org/doi/10.1145/3622823},
  urldate = {2025-02-25},
}
@misc{stites2025Artifact,
  title = {Artifact: {{Multi-Language Probabilistic Programming}}},
  author = {Stites, Sam and Li, John M. and Holtzen, Steven},
  year = {2025},
  month = jan,
  doi = {10.5281/zenodo.14593465},
  url = {https://zenodo.org/records/14593465},
  urldate = {2025-02-25},
  howpublished = {Zenodo},
}
