@misc{hu_2018_squeezeandexcitation,
  author = {Hu, Jie and Shen, Li and Sun, Gang},
  pages = {7132–7141},
  title = {Squeeze-and-Excitation Networks},
  url = {https://openaccess.thecvf.com/content_cvpr_2018/html/Hu_Squeeze-and-Excitation_Networks_CVPR_2018_paper.html},
  year = {2018},
  organization = {openaccess.thecvf.com}
}

@misc{jiang_2018_acquisition,
  author = {Jiang, Borui and Luo, Ruixuan and Mao, Jiayuan and Xiao, Tete and Jiang, Yuning},
  month = {07},
  title = {Acquisition of Localization Confidence for Accurate Object Detection},
  url = {https://openaccess.thecvf.com/content_ECCV_2018/papers/Borui_Jiang_Acquisition_of_Localization_ECCV_2018_paper.pdf},
  urldate = {2025-01-29},
  year = {2018}
}

@article{jing_2020_fabric,
  author = {Jing, Junfeng and Zhuo, Dong and Zhang, Huanhuan and Liang, Yong and Zheng, Min},
  month = {01},
  pages = {155892502090826},
  title = {Fabric defect detection using the improved YOLOv3 model},
  doi = {10.1177/1558925020908268},
  volume = {15},
  year = {2020},
  journal = {Journal of Engineered Fibers and Fabrics}
}

@article{jing_2020_mobileunet,
  author = {Jing, Junfeng and Wang, Zhen and Rätsch, Matthias and Zhang, Huanhuan},
  month = {05},
  pages = {30-42},
  title = {Mobile-Unet: An efficient convolutional neural network for fabric defect detection},
  doi = {10.1177/0040517520928604},
  urldate = {2022-09-30},
  volume = {92},
  year = {2020},
  journal = {Textile Research Journal}
}

@misc{jocher_2020_ultralyticsyolov5,
  author = {Jocher, Glenn},
  month = {08},
  title = {ultralytics/yolov5},
  url = {https://github.com/ultralytics/yolov5},
  year = {2020},
  organization = {GitHub}
}

@article{liu_2023_an,
  author = {Liu, Zhen and Gao, Xuehui and Wan, Yu and Wang, Jianhao and Lyu, Hao},
  month = {01},
  pages = {14365-14374},
  publisher = {Institute of Electrical and Electronics Engineers},
  title = {An Improved YOLOv5 Method for Small Object Detection in UAV Capture Scenes},
  doi = {10.1109/access.2023.3241005},
  urldate = {2023-11-06},
  volume = {11},
  year = {2023},
  journal = {IEEE Access}
}

@misc{narayanan_2023_senetv2,
  author = {Narayanan, Mahendran},
  title = {SENetV2: Aggregated dense layer for channelwise and global representations},
  url = {https://arxiv.org/abs/2311.10807},
  urldate = {2025-01-29},
  year = {2023},
  organization = {arXiv.org}
}

@misc{redmon_2018_yolov3,
  author = {Redmon, Joseph and Farhadi, Ali},
  month = {04},
  title = {YOLOv3: An Incremental Improvement},
  url = {https://arxiv.org/pdf/1804.02767},
  year = {2018}
}

@article{ren_2017_faster,
  author = {Ren, Shaoqing and He, Kaiming and Girshick, Ross and Sun, Jian},
  month = {06},
  pages = {1137-1149},
  title = {Faster R-CNN: Towards Real-Time Object Detection with Region Proposal Networks},
  doi = {10.1109/tpami.2016.2577031},
  volume = {39},
  year = {2017},
  journal = {IEEE Transactions on Pattern Analysis and Machine Intelligence}
}

@misc{rezatofighi_2019_generalized,
  author = {Rezatofighi, Hamid and Tsoi, Nathan and Gwak, Junyoung and Sadeghian, Amir and Reid, Ian and Savarese, Silvio},
  month = {04},
  title = {Generalized Intersection over Union: A Metric and A Loss for Bounding Box Regression},
  url = {https://arxiv.org/pdf/1902.09630},
  year = {2019}
}

@article{shao_2023_ranet,
  author = {Shao, Yingzhao and Li, Yunsong and Li, Li and Wang, Yuanle and Yang, Yuchen and Ding, Yueli and Zhang, Mingming and Liu, Yang and Gao, Xiangqiang},
  month = {11},
  pages = {5570-5570},
  publisher = {Multidisciplinary Digital Publishing Institute},
  title = {RANet: Relationship Attention for Hyperspectral Anomaly Detection},
  doi = {10.3390/rs15235570},
  urldate = {2024-07-18},
  volume = {15},
  year = {2023},
  journal = {Remote sensing}
}

@inproceedings{shen2023pbsl,
  title={Pedestrian-specific Bipartite-aware Similarity Learning for Text-based Person Retrieval},
  author={Shen, Fei and Shu, Xiangbo and Du, Xiaoyu  and Tang, Jinhui},
  booktitle={Proceedings of the 31th ACM International Conference on Multimedia},
  year={2023}
}

@article{shen2023triplet,
  title={Triplet Contrastive Learning for Unsupervised Vehicle Re-identification},
  author={Shen, Fei and Du, Xiaoyu and Zhang, Liyan and Tang, Jinhui},
  journal={arXiv preprint arXiv:2301.09498},
  year={2023}
}

@article{zheng_2019_distanceiou,
  author = {Zheng, Zhaohui and Wang, Ping and Liu, Wei and Li, Jinze and Ye, Rongguang and Ren, Dongwei},
  month = {11},
  title = {Distance-IoU Loss: Faster and Better Learning for Bounding Box Regression},
  url = {https://arxiv.org/abs/1911.08287},
  year = {2019},
  journal = {arXiv:1911.08287 [cs]}
}

@misc{zhu_2019_an,
  author = {Zhu, Xizhou and Cheng, Dazhi and Zhang, Zheng and Lin, Stephen and Dai, Jifeng},
  pages = {6688–6697},
  title = {An Empirical Study of Spatial Attention Mechanisms in Deep Networks},
  url = {https://openaccess.thecvf.com/content_ICCV_2019/html/Zhu_An_Empirical_Study_of_Spatial_Attention_Mechanisms_in_Deep_Networks_ICCV_2019_paper.html},
  urldate = {2023-05-18},
  year = {2019},
  organization = {openaccess.thecvf.com}
}

