@article{jing_2020_mobileunet,
  author = {Jing, Junfeng and Wang, Zhen and Rätsch, Matthias and Zhang, Huanhuan},
  month = {05},
  pages = {30-42},
  title = {Mobile-Unet: An efficient convolutional neural network for fabric defect detection},
  doi = {10.1177/0040517520928604},
  urldate = {2022-09-30},
  volume = {92},
  year = {2020},
  journal = {Textile Research Journal}
}

@article{jing_2020_fabric,
  author = {Jing, Junfeng and Zhuo, Dong and Zhang, Huanhuan and Liang, Yong and Zheng, Min},
  month = {01},
  pages = {155892502090826},
  title = {Fabric defect detection using the improved YOLOv3 model},
  doi = {10.1177/1558925020908268},
  volume = {15},
  year = {2020},
  journal = {Journal of Engineered Fibers and Fabrics}
}

@article{liu_2023_an,
  author = {Liu, Zhen and Gao, Xuehui and Wan, Yu and Wang, Jianhao and Lyu, Hao},
  month = {01},
  pages = {14365-14374},
  publisher = {Institute of Electrical and Electronics Engineers},
  title = {An Improved YOLOv5 Method for Small Object Detection in UAV Capture Scenes},
  doi = {10.1109/access.2023.3241005},
  urldate = {2023-11-06},
  volume = {11},
  year = {2023},
  journal = {IEEE Access}
}

@misc{redmon_2016_you,
  author = {Redmon, Joseph and Divvala, Santosh and Girshick, Ross and Farhadi, Ali},
  title = {You Only Look Once: Unified, Real-Time Object Detection},
  url = {https://www.cv-foundation.org/openaccess/content_cvpr_2016/papers/Redmon_You_Only_Look_CVPR_2016_paper.pdf},
  year = {2016}
}

@misc{jocher_2020_ultralyticsyolov5,
  author = {Jocher, Glenn},
  month = {08},
  title = {ultralytics/yolov5},
  url = {https://github.com/ultralytics/yolov5},
  year = {2020},
  organization = {GitHub}
}

@misc{li_2022_yolov6,
  author = {Li, Chuyi and Li, Lulu and Jiang, Hongliang and Weng, Kaiheng and Geng, Yifei and Li, Liang and Ke, Zaidan and Li, Qingyuan and Cheng, Meng and Nie, Weiqiang and Li, Yiduo and Zhang, Bo and Liang, Yufei and Zhou, Linyuan and Xu, Xiaoming and Xiangxiang, † and Xiaoming, Chu and Xiaolin, Wei},
  month = {09},
  title = {YOLOv6: A Single-Stage Object Detection Framework for Industrial Applications},
  url = {https://arxiv.org/pdf/2209.02976},
  year = {2022}
}

@article{weng2024enhancing,
  title={Enhancing Aerial Object Detection with Selective Frequency Interaction Network},
  author={Weng, Weijie and Wei, Mengwan and Ren, Junchi and Shen, Fei},
  journal={IEEE Transactions on Artificial Intelligence},
  volume={1},
  number={01},
  pages={1--12},
  year={2024},
  publisher={IEEE Computer Society}
}

@article{li2024lr,
  title={LR-FPN: Enhancing Remote Sensing Object Detection with Location Refined Feature Pyramid Network},
  author={Li, Hanqian and Zhang, Ruinan and Pan, Ye and Ren, Junchi and Shen, Fei},
  journal={arXiv preprint arXiv:2404.01614},
  year={2024}
}


@inproceedings{qiao2022novel,
  title={A Novel Multi-Frequency Coordinated Module for SAR Ship Detection},
  author={Qiao, Chenchen and Shen, Fei and Wang, Xuejun and Wang, Ruixin and Cao, Fang and Zhao, Sixian and Li, Chang},
  booktitle={2022 IEEE 34th International Conference on Tools with Artificial Intelligence (ICTAI)},
  pages={804--811},
  year={2022},
  organization={IEEE}
}
@misc{jocher_2023_yolov8,
  author = {Jocher, Glenn and Chaurasia, Ayush and Qiu, Jing},
  month = {01},
  title = {YOLOv8 by Ultralytics},
  url = {https://github.com/ultralytics/ultralytics},
  year = {2023},
  organization = {GitHub}
}

@misc{wang_2024_yolov9,
  author = {Wang, Chien-Yao and Yeh, I-Hau and Liao, Hong-Yuan},
  month = {02},
  title = {YOLOv9: Learning What You Want to Learn Using Programmable Gradient Information},
  url = {https://arxiv.org/pdf/2402.13616.pdf},
  year = {2024}
}

@misc{wang_2024_yolov10,
  author = {Wang, Ao and Chen, Hui and Liu, Lihao and Chen, Kai and Lin, Zijia and Han, Jungong and Ding, Guiguang},
  month = {05},
  title = {YOLOv10: Real-Time End-to-End Object Detection},
  url = {https://arxiv.org/pdf/2405.14458},
  year = {2024}
}

@misc{hu_2018_squeezeandexcitation,
  author = {Hu, Jie and Shen, Li and Sun, Gang},
  pages = {7132–7141},
  title = {Squeeze-and-Excitation Networks},
  url = {https://openaccess.thecvf.com/content_cvpr_2018/html/Hu_Squeeze-and-Excitation_Networks_CVPR_2018_paper.html},
  year = {2018},
  organization = {openaccess.thecvf.com}
}

@article{he_2015_spatial,
  author = {He, Kaiming and Zhang, Xiangyu and Ren, Shaoqing and Sun, Jian},
  month = {09},
  pages = {1904-1916},
  title = {Spatial Pyramid Pooling in Deep Convolutional Networks for Visual Recognition},
  doi = {10.1109/tpami.2015.2389824},
  volume = {37},
  year = {2015},
  journal = {IEEE Transactions on Pattern Analysis and Machine Intelligence}
}

@misc{redmon_2018_yolov3,
  author = {Redmon, Joseph and Farhadi, Ali},
  month = {04},
  title = {YOLOv3: An Incremental Improvement},
  url = {https://arxiv.org/pdf/1804.02767},
  year = {2018}
}

@misc{rezatofighi_2019_generalized,
  author = {Rezatofighi, Hamid and Tsoi, Nathan and Gwak, Junyoung and Sadeghian, Amir and Reid, Ian and Savarese, Silvio},
  month = {04},
  title = {Generalized Intersection over Union: A Metric and A Loss for Bounding Box Regression},
  url = {https://arxiv.org/pdf/1902.09630},
  year = {2019}
}

@article{zheng_2019_distanceiou,
  author = {Zheng, Zhaohui and Wang, Ping and Liu, Wei and Li, Jinze and Ye, Rongguang and Ren, Dongwei},
  month = {11},
  title = {Distance-IoU Loss: Faster and Better Learning for Bounding Box Regression},
  url = {https://arxiv.org/abs/1911.08287},
  year = {2019},
  journal = {arXiv:1911.08287 [cs]}
}

@article{shao_2023_ranet,
  author = {Shao, Yingzhao and Li, Yunsong and Li, Li and Wang, Yuanle and Yang, Yuchen and Ding, Yueli and Zhang, Mingming and Liu, Yang and Gao, Xiangqiang},
  month = {11},
  pages = {5570-5570},
  publisher = {Multidisciplinary Digital Publishing Institute},
  title = {RANet: Relationship Attention for Hyperspectral Anomaly Detection},
  doi = {10.3390/rs15235570},
  urldate = {2024-07-18},
  volume = {15},
  year = {2023},
  journal = {Remote sensing}
}

@misc{zhu_2019_an,
  author = {Zhu, Xizhou and Cheng, Dazhi and Zhang, Zheng and Lin, Stephen and Dai, Jifeng},
  pages = {6688–6697},
  title = {An Empirical Study of Spatial Attention Mechanisms in Deep Networks},
  url = {https://openaccess.thecvf.com/content_ICCV_2019/html/Zhu_An_Empirical_Study_of_Spatial_Attention_Mechanisms_in_Deep_Networks_ICCV_2019_paper.html},
  urldate = {2023-05-18},
  year = {2019},
  organization = {openaccess.thecvf.com}
}

@misc{_2020_smart,
  author = { , Tianchi},
  title = {Smart Diagnosis of Cloth Flaw Dataset},
  url = {https://tianchi.aliyun.com/dataset/dataDetail?dataId=79336},
  urldate = {2025-01-25},
  year = {2020},
  organization = {Aliyun.com}
}

@misc{jiang_2018_acquisition,
  author = {Jiang, Borui and Luo, Ruixuan and Mao, Jiayuan and Xiao, Tete and Jiang, Yuning},
  month = {07},
  title = {Acquisition of Localization Confidence for Accurate Object Detection},
  url = {https://openaccess.thecvf.com/content_ECCV_2018/papers/Borui_Jiang_Acquisition_of_Localization_ECCV_2018_paper.pdf},
  urldate = {2025-01-29},
  year = {2018}
}

@article{li_2024_hsdyolo,
  author = {Li, Zhiyao and Li, Aimin and Li, Wenqiang and Kong, Xiaotong and Zhang, Yuechen},
  month = {06},
  pages = {1-8},
  title = {HSD-YOLO: A Lightweight and Accurate Method for PCB Defect Detection},
  doi = {10.1109/ijcnn60899.2024.10650691},
  url = {https://ieeexplore.ieee.org/document/10650691},
  urldate = {2025-01-29},
  volume = {28},
  year = {2024},
  journal = {2024 International Joint Conference on Neural Networks (IJCNN)}
}

@inproceedings{shen2023pbsl,
  title={Pedestrian-specific Bipartite-aware Similarity Learning for Text-based Person Retrieval},
  author={Shen, Fei and Shu, Xiangbo and Du, Xiaoyu  and Tang, Jinhui},
  booktitle={Proceedings of the 31th ACM International Conference on Multimedia},
  year={2023}
}

@article{shen2023triplet,
  title={Triplet Contrastive Learning for Unsupervised Vehicle Re-identification},
  author={Shen, Fei and Du, Xiaoyu and Zhang, Liyan and Tang, Jinhui},
  journal={arXiv preprint arXiv:2301.09498},
  year={2023}
}
@article{chen_2024_cecyolo,
  author = {Chen, Zhuo and Wang, Yuli and Gu, Qiliang},
  month = {06},
  pages = {1-8},
  title = {CEC-YOLO: An Improved Steel Defect Detection Algorithm Based on YOLOv5},
  doi = {10.1109/ijcnn60899.2024.10651516},
  url = {https://ieeexplore.ieee.org/document/10651516},
  urldate = {2025-01-29},
  volume = {19},
  year = {2024},
  journal = {2024 International Joint Conference on Neural Networks (IJCNN)}
}

@article{xu_2024_improvement,
  author = {Xu, Qingyu and Yu, Jiguo and Dong, Anming},
  month = {06},
  pages = {1-9},
  title = {Improvement of Low-Contrast Objective Detecting Capability for YOLOv5 Based on Receptive Field Enhancement and Redundant Feature Reuse},
  doi = {10.1109/ijcnn60899.2024.10650738},
  url = {https://ieeexplore.ieee.org/document/10650738},
  urldate = {2025-01-29},
  volume = {28},
  year = {2024},
  journal = {2024 International Joint Conference on Neural Networks (IJCNN)}
}

@article{chen_2023_ld2yolo,
  author = {Chen, Meng and Gao, Jun and Yu, Wuxin and Peng, Hujian},
  month = {06},
  title = {LD2-YOLO: A Defect Detection Method for Automotive Composite Leather},
  doi = {10.1109/ijcnn54540.2023.10191146},
  urldate = {2024-03-13},
  year = {2023},
  journal = {2023 International Joint Conference on Neural Networks (IJCNN)}
}
@inproceedings{shen2024imagpose,
  title={IMAGPose: A Unified Conditional Framework for Pose-Guided Person Generation},
  author={Shen, Fei and Tang, Jinhui},
  booktitle={The Thirty-eighth Annual Conference on Neural Information Processing Systems},
  year={2024}
}


@article{shen2024imagdressing,
  title={IMAGDressing-v1: Customizable Virtual Dressing},
  author={Shen, Fei and Jiang, Xin and He, Xin and Ye, Hu and Wang, Cong and Du, Xiaoyu and Li, Zechao and Tang, Jinghui},
  journal={arXiv preprint arXiv:2407.12705},
  year={2024}
}


@article{shen2023advancing,
  title={Advancing pose-guided image synthesis with progressive conditional diffusion models},
  author={Shen, Fei and Ye, Hu and Zhang, Jun and Wang, Cong and Han, Xiao and Yang, Wei},
  journal={arXiv preprint arXiv:2310.06313},
  year={2023}
}


@article{shen2024boosting,
  title={Boosting Consistency in Story Visualization with Rich-Contextual Conditional Diffusion Models},
  author={Shen, Fei and Ye, Hu and Liu, Sibo and Zhang, Jun and Wang, Cong and Han, Xiao and Yang, Wei},
  journal={arXiv preprint arXiv:2407.02482},
  year={2024}
}
@article{yang_2023_stca,
  author = {Yang, Wen and Wu, Hongjie and Tang, Chenwei and Jiancheng Lv},
  month = {06},
  title = {ST-CA YOLOv5: Improved YOLOv5 Based on Swin Transformer and Coordinate Attention for Surface Defect Detection},
  doi = {10.1109/ijcnn54540.2023.10191866},
  urldate = {2024-07-13},
  year = {2023},
  journal = {2023 International Joint Conference on Neural Networks (IJCNN)}
}

@article{li_2022_the,
  author = {Li, Yunlong and Lin, Shu and Liu, Chang and Kong, Qingjie},
  month = {07},
  pages = {1-6},
  title = {The Defects Detection in Steel Coil End Face Based on SCED-Net},
  doi = {10.1109/ijcnn55064.2022.9892172},
  url = {https://ieeexplore.ieee.org/document/9892172},
  urldate = {2025-01-29},
  year = {2022},
  journal = {2022 International Joint Conference on Neural Networks (IJCNN)}
}

@article{song_2022_a,
  author = {Song, Liyan and Li, Shuxian and Minku, Leandro L and Yao, Xin},
  month = {07},
  pages = {1-8},
  title = {A Novel Data Stream Learning Approach to Tackle One-Sided Label Noise From Verification Latency},
  doi = {10.1109/ijcnn55064.2022.9891911},
  url = {https://ieeexplore.ieee.org/document/9891911},
  urldate = {2025-01-29},
  year = {2022},
  journal = {2022 International Joint Conference on Neural Networks (IJCNN)}
}

@misc{woo_2018_cbam,
  author = {Woo, Sanghyun and Park, Jongchan and Lee, Joon-Young and Kweon, In},
  month = {07},
  title = {CBAM: Convolutional Block Attention Module},
  url = {https://arxiv.org/pdf/1807.06521},
  year = {2018}
}

@article{ren_2017_faster,
  author = {Ren, Shaoqing and He, Kaiming and Girshick, Ross and Sun, Jian},
  month = {06},
  pages = {1137-1149},
  title = {Faster R-CNN: Towards Real-Time Object Detection with Region Proposal Networks},
  doi = {10.1109/tpami.2016.2577031},
  volume = {39},
  year = {2017},
  journal = {IEEE Transactions on Pattern Analysis and Machine Intelligence}
}

@misc{narayanan_2023_senetv2,
  author = {Narayanan, Mahendran},
  title = {SENetV2: Aggregated dense layer for channelwise and global representations},
  url = {https://arxiv.org/abs/2311.10807},
  urldate = {2025-01-29},
  year = {2023},
  organization = {arXiv.org}
}