
% Journals

% First the Full Name is given, then the abbreviation used in the AMS Math
% Reviews, with an indication if it could not be found there.
% Note the 2nd overwrites the 1st, so swap them if you want the full name.

 %{AMS}
 @String{AMSTrans = "American Mathematical Society Translations" }
 @String{AMSTrans = "Amer. Math. Soc. Transl." }
 @String{BullAMS = "Bulletin of the American Mathematical Society" }
 @String{BullAMS = "Bull. Amer. Math. Soc." }
 @String{ProcAMS = "Proceedings of the American Mathematical Society" }
 @String{ProcAMS = "Proc. Amer. Math. Soc." }
 @String{TransAMS = "Transactions of the American Mathematical Society" }
 @String{TransAMS = "Trans. Amer. Math. Soc." }

 %ACM
 @String{CACM = "Communications of the {ACM}" }
 @String{CACM = "Commun. {ACM}" }
 @String{CompServ = "Comput. Surveys" }
 @String{JACM = "J. ACM" }
 @String{ACMMathSoft = "{ACM} Transactions on Mathematical Software" }
 @String{ACMMathSoft = "{ACM} Trans. Math. Software" }
 @String{SIGNUM = "{ACM} {SIGNUM} Newsletter" }
 @String{SIGNUM = "{ACM} {SIGNUM} Newslett." }

 @String{AmerSocio = "American Journal of Sociology" }
 @String{AmerStatAssoc = "Journal of the American Statistical Association" }
 @String{AmerStatAssoc = "J. Amer. Statist. Assoc." }
 @String{ApplMathComp = "Applied Mathematics and Computation" }
 @String{ApplMathComp = "Appl. Math. Comput." }
 @String{AmerMathMonthly = "American Mathematical Monthly" }
 @String{AmerMathMonthly = "Amer. Math. Monthly" }
 @String{BIT = "{BIT}" }
 @String{BritStatPsych = "British Journal of Mathematical and Statistical
          Psychology" }
 @String{BritStatPsych = "Brit. J. Math. Statist. Psych." }
 @String{CanMathBull = "Canadian Mathematical Bulletin" }
 @String{CanMathBull = "Canad. Math. Bull." }
 @String{CompApplMath = "Journal of Computational and Applied Mathematics" }
 @String{CompApplMath = "J. Comput. Appl. Math." }
 @String{CompPhys = "Journal of Computational Physics" }
 @String{CompPhys = "J. Comput. Phys." }
 @String{CompStruct = "Computers and Structures" }
 @String{CompStruct = "Comput. \& Structures" }
 @String{CompJour = "The Computer Journal" }
 @String{CompJour = "Comput. J." }
 @String{CompSysSci = "Journal of Computer and System Sciences" }
 @String{CompSysSci = "J. Comput. System Sci." }
 @String{Computing = "Computing" }
 @String{ContempMath = "Contemporary Mathematics" }
 @String{ContempMath = "Contemp. Math." }
 @String{Crelle = "Crelle's Journal" }
 @String{GiornaleMath = "Giornale di Mathematiche" }
 @String{GiornaleMath = "Giorn. Mat." } % didn't find in AMS MR., ibid.

 %IEEE
 @String{Computer = "{IEEE} Computer" }
 @String{IEEETransComp = "{IEEE} Transactions on Computers" }
 @String{IEEETransComp = "{IEEE} Trans. Comput." }
 @String{IEEETransAC = "{IEEE} Transactions on Automatic Control" }
 @String{IEEETransAC = "{IEEE} Trans. Automat. Control" }
 @String{IEEESpec = "{IEEE} Spectrum" } % didn't find in AMS MR
 @String{ProcIEEE = "Proceedings of the {IEEE}" }
 @String{ProcIEEE = "Proc. {IEEE}" } % didn't find in AMS MR
 @String{IEEETransAeroElec = "{IEEE} Transactions on Aerospace and Electronic
     Systems" }
 @String{IEEETransAeroElec = "{IEEE} Trans. Aerospace Electron. Systems" }

 @String{IMANumerAna = "{IMA} Journal of Numerical Analysis" }
 @String{IMANumerAna = "{IMA} J. Numer. Anal." }
 @String{InfProcLet = "Information Processing Letters" }
 @String{InfProcLet = "Inform. Process. Lett." }
 @String{InstMathApp = "Journal of the Institute of Mathematics and
     its Applications" }
 @String{InstMathApp = "J. Inst. Math. Appl." }
 @String{IntControl = "International Journal of Control" }
 @String{IntControl = "Internat. J. Control" }
 @String{IntNumerEng = "International Journal for Numerical Methods in
     Engineering" }
 @String{IntNumerEng = "Internat. J. Numer. Methods Engrg." }
 @String{IntSuper = "International Journal of Supercomputing Applications" }
 @String{IntSuper = "Internat. J. Supercomputing Applic." } % didn't find
%% in AMS MR
 @String{Kibernetika = "Kibernetika" }
 @String{JResNatBurStand = "Journal of Research of the National Bureau
     of Standards" }
 @String{JResNatBurStand = "J. Res. Nat. Bur. Standards" }
 @String{LinAlgApp = "Linear Algebra and its Applications" }
 @String{LinAlgApp = "Linear Algebra Appl." }
 @String{MathAnaAppl = "Journal of Mathematical Analysis and Applications" }
 @String{MathAnaAppl = "J. Math. Anal. Appl." }
 @String{MathAnnalen = "Mathematische Annalen" }
 @String{MathAnnalen = "Math. Ann." }
 @String{MathPhys = "Journal of Mathematical Physics" }
 @String{MathPhys = "J. Math. Phys." }
 @String{MathComp = "Mathematics of Computation" }
 @String{MathComp = "Math. Comp." }
 @String{MathScand = "Mathematica Scandinavica" }
 @String{MathScand = "Math. Scand." }
 @String{TablesAidsComp = "Mathematical Tables and Other Aids to Computation" }
 @String{TablesAidsComp = "Math. Tables Aids Comput." }
 @String{NumerMath = "Numerische Mathematik" }
 @String{NumerMath = "Numer. Math." }
 @String{PacificMath = "Pacific Journal of Mathematics" }
 @String{PacificMath = "Pacific J. Math." }
 @String{ParDistComp = "Journal of Parallel and Distributed Computing" }
 @String{ParDistComp = "J. Parallel and Distrib. Comput." } % didn't find
%% in AMS MR
 @String{ParComputing = "Parallel Computing" }
 @String{ParComputing = "Parallel Comput." }
 @String{PhilMag = "Philosophical Magazine" }
 @String{PhilMag = "Philos. Mag." }
 @String{ProcNAS = "Proceedings of the National Academy of Sciences
                    of the USA" }
 @String{ProcNAS = "Proc. Nat. Acad. Sci. U. S. A." }
 @String{Psychometrika = "Psychometrika" }
 @String{QuartMath = "Quarterly Journal of Mathematics, Oxford, Series (2)" }
 @String{QuartMath = "Quart. J. Math. Oxford Ser. (2)" }
 @String{QuartApplMath = "Quarterly of Applied Mathematics" }
 @String{QuartApplMath = "Quart. Appl. Math." }
 @String{RevueInstStat = "Review of the International Statisical Institute" }
 @String{RevueInstStat = "Rev. Inst. Internat. Statist." }

 %SIAM
 @String{JSIAM = "Journal of the Society for Industrial and Applied
     Mathematics" }
 @String{JSIAM = "J. Soc. Indust. Appl. Math." }
 @String{JSIAMB = "Journal of the Society for Industrial and Applied
     Mathematics, Series B, Numerical Analysis" }
 @String{JSIAMB = "J. Soc. Indust. Appl. Math. Ser. B Numer. Anal." }
 @String{SIAMAlgMeth = "{SIAM} Journal on Algebraic and Discrete Methods" }
 @String{SIAMAlgMeth = "{SIAM} J. Algebraic Discrete Methods" }
 @String{SIAMAppMath = "{SIAM} Journal on Applied Mathematics" }
 @String{SIAMAppMath = "{SIAM} J. Appl. Math." }
 @String{SIAMComp = "{SIAM} Journal on Computing" }
 @String{SIAMComp = "{SIAM} J. Comput." }
 @String{SIAMMatrix = "{SIAM} Journal on Matrix Analysis and Applications" }
 @String{SIAMMatrix = "{SIAM} J. Matrix Anal. Appl." }
 @String{SIAMNumAnal = "{SIAM} Journal on Numerical Analysis" }
 @String{SIAMNumAnal = "{SIAM} J. Numer. Anal." }
 @String{SIAMReview = "{SIAM} Review" }
 @String{SIAMReview = "{SIAM} Rev." }
 @String{SIAMSciStat = "{SIAM} Journal on Scientific and Statistical
     Computing" }
 @String{SIAMSciStat = "{SIAM} J. Sci. Statist. Comput." }

 @String{SoftPracExp = "Software Practice and Experience" }
 @String{SoftPracExp = "Software Prac. Experience" } % didn't find in AMS MR
 @String{StatScience = "Statistical Science" }
 @String{StatScience = "Statist. Sci." }
 @String{Techno = "Technometrics" }
 @String{USSRCompMathPhys = "{USSR} Computational Mathematics and Mathematical
     Physics" }
 @String{USSRCompMathPhys = "{U. S. S. R.} Comput. Math. and Math. Phys." }
 @String{VLSICompSys = "Journal of {VLSI} and Computer Systems" }
 @String{VLSICompSys = "J. {VLSI} Comput. Syst." }
 @String{ZAngewMathMech = "Zeitschrift fur Angewandte Mathematik und
     Mechanik" }
 @String{ZAngewMathMech = "Z. Angew. Math. Mech." }
 @String{ZAngewMathPhys = "Zeitschrift fur Angewandte Mathematik und Physik" }
 @String{ZAngewMathPhys = "Z. Angew. Math. Phys." }

% Publishers % ================================================= |

 @String{Academic = "Academic Press" }
 @String{ACMPress = "{ACM} Press" }
 @String{AdamHilger = "Adam Hilger" }
 @String{AddisonWesley = "Addison-Wesley" }
 @String{AllynBacon = "Allyn and Bacon" }
 @String{AMS = "American Mathematical Society" }
 @String{Birkhauser = "Birkh{\"a}user" }
 @String{CambridgePress = "Cambridge University Press" }
 @String{Chelsea = "Chelsea" }
 @String{ClaredonPress = "Claredon Press" }
 @String{DoverPub = "Dover Publications" }
 @String{Eyolles = "Eyolles" }
 @String{HoltRinehartWinston = "Holt, Rinehart and Winston" }
 @String{Interscience = "Interscience" }
 @String{JohnsHopkinsPress = "The Johns Hopkins University Press" }
 @String{JohnWileySons = "John Wiley and Sons" }
 @String{Macmillan = "Macmillan" }
 @String{MathWorks = "The Math Works Inc." }
 @String{McGrawHill = "McGraw-Hill" }
 @String{NatBurStd = "National Bureau of Standards" }
 @String{NorthHolland = "North-Holland" }
 @String{OxfordPress = "Oxford University Press" }  %address Oxford or London?
 @String{PergamonPress = "Pergamon Press" }
 @String{PlenumPress = "Plenum Press" }
 @String{PrenticeHall = "Prentice-Hall" }
 @String{SIAMPub = "{SIAM} Publications" }
 @String{Springer = "Springer-Verlag" }
 @String{TexasPress = "University of Texas Press" }
 @String{VanNostrand = "Van Nostrand" }
 @String{WHFreeman = "W. H. Freeman and Co." }

%Entries
%Entries

%%%%% Theoretical Analysis
@inproceedings{bartlett2018gradient,
  title={Gradient descent with identity initialization efficiently learns positive definite linear transformations by deep residual networks},
  author={Bartlett, Peter and Helmbold, Dave and Long, Philip},
  booktitle={ICML},
  pages={521--530},
  year={2018},
  organization={PMLR}
}

%%%%% distillation

@article{yang2022toward,
  title={Toward understanding privileged features distillation in learning-to-rank},
  author={Yang, Shuo and Sanghavi, Sujay and Rahmanian, Holakou and Bakus, Jan and SVN, Vishwanathan},
  journal={Advances in Neural Information Processing Systems},
  volume={35},
  pages={26658--26670},
  year={2022}
}

%%%%% Benchmarks

@inproceedings{DBLP:conf/sigir/ZhuDSMLCXZ22,
  author       = {Jieming Zhu and
                  Quanyu Dai and
                  Liangcai Su and
                  Rong Ma and
                  Jinyang Liu and
                  Guohao Cai and
                  Xi Xiao and
                  Rui Zhang},
  editor       = {Enrique Amig{\'{o}} and
                  Pablo Castells and
                  Julio Gonzalo and
                  Ben Carterette and
                  J. Shane Culpepper and
                  Gabriella Kazai},
  title        = {{BARS:} Towards Open Benchmarking for Recommender Systems},
  pages        = {2912--2923},
  publisher    = {{ACM}},
  year         = {2022},
  url          = {https://doi.org/10.1145/3477495.3531723},
  doi          = {10.1145/3477495.3531723},
  timestamp    = {Sun, 04 Aug 2024 19:39:40 +0200},
  biburl       = {https://dblp.org/rec/conf/sigir/ZhuDSMLCXZ22.bib},
  bibsource    = {dblp computer science bibliography, https://dblp.org}
}

@inproceedings{DBLP:conf/cikm/ZhuLYZH21,
  author       = {Jieming Zhu and
                  Jinyang Liu and
                  Shuai Yang and
                  Qi Zhang and
                  Xiuqiang He},
  editor       = {Gianluca Demartini and
                  Guido Zuccon and
                  J. Shane Culpepper and
                  Zi Huang and
                  Hanghang Tong},
  title        = {Open Benchmarking for Click-Through Rate Prediction},
  pages        = {2759--2769},
  publisher    = {{ACM}},
  year         = {2021},
  url          = {https://doi.org/10.1145/3459637.3482486},
  doi          = {10.1145/3459637.3482486},
  timestamp    = {Tue, 12 Nov 2024 16:50:49 +0100},
  biburl       = {https://dblp.org/rec/conf/cikm/ZhuLYZH21.bib},
  bibsource    = {dblp computer science bibliography, https://dblp.org}
}

@inproceedings{zhang2024scaling,
  title={Scaling User Modeling: Large-scale Online User Representations for Ads Personalization in Meta},
  author={Zhang, Wei and Li, Dai and Liang, Chen and Zhou, Fang and Zhang, Zhongke and Wang, Xuewei and Li, Ru and Zhou, Yi and Huang, Yaning and Liang, Dong and others},
  booktitle={Companion Proceedings of the ACM on Web Conference 2024},
  pages={47--55},
  year={2024}
}

%%%%% metrics
@inproceedings{he2014practical,
  title={Practical lessons from predicting clicks on ads at facebook},
  author={He, Xinran and Pan, Junfeng and Jin, Ou and Xu, Tianbing and Liu, Bo and Xu, Tao and Shi, Yanxin and Atallah, Antoine and Herbrich, Ralf and Bowers, Stuart and others},
  booktitle={Proceedings of the eighth international workshop on data mining for online advertising},
  pages={1--9},
  year={2014}
}

%%%%% datasets

@misc{Kuaishou,
  title = {Kuaishou,
  howpublished = {\url{https://www.kuaishou.com/activity/uimc}}
}
}

@misc{TaobaoAd,
  title = {TaobaoAd,
  howpublished = {\url{https://tianchi.aliyun.com/dataset/56}}
}
}

%%%%% Multi-task Learning
@inproceedings{li2019routing,
  title={Routing micro-videos via a temporal graph-guided recommendation system},
  author={Li, Yongqi and Liu, Meng and Yin, Jianhua and Cui, Chaoran and Xu, Xin-Shun and Nie, Liqiang},
  booktitle={Proceedings of the 27th ACM international conference on multimedia},
  pages={1464--1472},
  year={2019}
}

@inproceedings{
zhang2024wukong,
title={Wukong: Towards a Scaling Law for Large-Scale Recommendation},
author={Buyun Zhang and Liang Luo and Yuxin Chen and Jade Nie and Xi Liu and Shen Li and Yanli Zhao and Yuchen Hao and Yantao Yao and Ellie Dingqiao Wen and Jongsoo Park and Maxim Naumov and Wenlin Chen},
booktitle={Forty-first International Conference on Machine Learning},
year={2024},
url={https://openreview.net/forum?id=8iUgr2nuwo}
}

@inproceedings{zhu2023reloop2,
  title={ReLoop2: Building Self-Adaptive Recommendation Models via Responsive Error Compensation Loop},
  author={Zhu, Jieming and Cai, Guohao and Huang, Junjie and Dong, Zhenhua and Tang, Ruiming and Zhang, Weinan},
  booktitle={Proceedings of the 29th ACM SIGKDD Conference on Knowledge Discovery and Data Mining},
  pages={5728--5738},
  year={2023}
}

@misc{Tianchi,
  title = {Ad display/click data on taobao.com, 2018.},
  author = {Tianchi},
  howpublished = {\url{https://tianchi.aliyun.com/dataset/56}}
}


@inproceedings{he2016ups,
  title={Ups and downs: Modeling the visual evolution of fashion trends with one-class collaborative filtering},
  author={He, Ruining and McAuley, Julian},
  booktitle={proceedings of the 25th international conference on world wide web},
  pages={507--517},
  year={2016}
}

@inproceedings{khani2024bridging,
  title={Bridging the Gap: Unpacking the Hidden Challenges in Knowledge Distillation for Online Ranking Systems},
  author={Khani, Nikhil and Wei, Li and Nath, Aniruddh and Andrews, Shawn and Yang, Shuo and Liu, Yang and Abbo, Pendo and Kula, Maciej and Kahn, Jarrod and Zhao, Zhe and others},
  booktitle={Proceedings of the 18th ACM Conference on Recommender Systems},
  pages={758--761},
  year={2024}
}

@inproceedings{lee2024continual,
  title={Continual Collaborative Distillation for Recommender System},
  author={Lee, Gyuseok and Kang, SeongKu and Kweon, Wonbin and Yu, Hwanjo},
  booktitle={SIGKDD},
  pages={1495--1505},
  year={2024}
}

@article{anil2022factory,
  title={On the factory floor: ML engineering for industrial-scale ads recommendation models},
  author={Anil, Rohan and Gadanho, Sandra and Huang, Da and Jacob, Nijith and Li, Zhuoshu and Lin, Dong and Phillips, Todd and Pop, Cristina and Regan, Kevin and Shamir, Gil I and others},
  journal={arXiv preprint arXiv:2209.05310},
  year={2022}
}

@article{zeng2024interformer,
  title={InterFormer: Towards Effective Heterogeneous Interaction Learning for Click-Through Rate Prediction},
  author={Zeng, Zhichen and Liu, Xiaolong and others},
  journal={arXiv preprint arXiv:2411.09852},
  year={2024}
}


@article{li2022shadow,
  title={Shadow knowledge distillation: Bridging offline and online knowledge transfer},
  author={Li, Lujun and Jin, Zhe},
  journal={Advances in Neural Information Processing Systems},
  volume={35},
  pages={635--649},
  year={2022}
}

@inproceedings{wang2021dcn,
  title={Dcn v2: Improved deep \& cross network and practical lessons for web-scale learning to rank systems},
  author={Wang, Ruoxi and Shivanna, Rakesh and Cheng, Derek and Jain, Sagar and Lin, Dong and Hong, Lichan and Chi, Ed},
  booktitle={Proceedings of the web conference 2021},
  pages={1785--1797},
  year={2021}
}

@inproceedings{xiao2020deep,
  title={Deep multi-interest network for click-through rate prediction},
  author={Xiao, Zhibo and Yang, Luwei and Jiang, Wen and Wei, Yi and Hu, Yi and Wang, Hao},
  booktitle={CIKM},
  pages={2265--2268},
  year={2020}
}

@incollection{wang2017deep,
  title={Deep \& cross network for ad click predictions},
  author={Wang, Ruoxi and Fu, Bin and Fu, Gang and Wang, Mingliang},
  booktitle={Proceedings of the ADKDD'17},
  pages={1--7},
  year={2017}
}

@inproceedings{rendle2010factorization,
  title={Factorization machines},
  author={Rendle, Steffen},
  booktitle={2010 IEEE International conference on data mining},
  pages={995--1000},
  year={2010},
  organization={IEEE}
}

@inproceedings{sun2021fm2,
  title={FM2: Field-matrixed factorization machines for recommender systems},
  author={Sun, Yang and Pan, Junwei and Zhang, Alex and Flores, Aaron},
  booktitle={Proceedings of the web conference 2021},
  pages={2828--2837},
  year={2021}
}

@inproceedings{guo2017deepfm,
  title={DeepFM: a factorization-machine based neural network for CTR prediction},
  author={Guo, Huifeng and Tang, Ruiming and Ye, Yunming and Li, Zhenguo and He, Xiuqiang},
  booktitle={Proceedings of the 26th International Joint Conference on Artificial Intelligence},
  pages={1725--1731},
  year={2017}
}

@inproceedings{wang2019improving,
  title={Improving Relevance Prediction with Transfer Learning in Large-scale Retrieval Systems},
  author={Wang, Ruoxi and Zhao, Zhe and Yi, Xinyang and Yang, Ji and Cheng, Derek Zhiyuan and Hong, Lichan and Tjoa, Steve and Kang, Jieqi and Ettinger, Evan and Chi, H},
  booktitle={Proceedings of the 1st Adaptive \& Multitask Learning Workshop},
  year={2019}
}


@article{zhang2022dhen,
  title={DHEN: A deep and hierarchical ensemble network for large-scale click-through rate prediction},
  author={Zhang, Buyun and Luo, Liang and Liu, Xi and Li, Jay and Chen, Zeliang and Zhang, Weilin and Wei, Xiaohan and Hao, Yuchen and Tsang, Michael and Wang, Wenjun and others},
  journal={arXiv preprint arXiv:2203.11014},
  year={2022}
}
@article{naumov2019deep,
  title={Deep learning recommendation model for personalization and recommendation systems},
  author={Naumov, Maxim and Mudigere, Dheevatsa and Shi, Hao-Jun Michael and Huang, Jianyu and Sundaraman, Narayanan and Park, Jongsoo and Wang, Xiaodong and Gupta, Udit and Wu, Carole-Jean and Azzolini, Alisson G and others},
  journal={arXiv preprint arXiv:1906.00091},
  year={2019}
}

@inproceedings{pan2024ads,
  title={Ads recommendation in a collapsed and entangled world},
  author={Pan, Junwei and Xue, Wei and Wang, Ximei and Yu, Haibin and Liu, Xun and Quan, Shijie and Qiu, Xueming and Liu, Dapeng and Xiao, Lei and Jiang, Jie},
  booktitle={SIGKDD},
  pages={5566--5577},
  year={2024}
}

@inproceedings{ying2018graph,
  title={Graph convolutional neural networks for web-scale recommender systems},
  author={Ying, Rex and He, Ruining and Chen, Kaifeng and Eksombatchai, Pong and Hamilton, William L and Leskovec, Jure},
  booktitle={Proceedings of the 24th ACM SIGKDD international conference on knowledge discovery \& data mining},
  pages={974--983},
  year={2018}
}

@inproceedings{geng2022recommendation,
  title={Recommendation as language processing (rlp): A unified pretrain, personalized prompt \& predict paradigm (p5)},
  author={Geng, Shijie and Liu, Shuchang and Fu, Zuohui and Ge, Yingqiang and Zhang, Yongfeng},
  booktitle={Proceedings of the 16th ACM Conference on Recommender Systems},
  pages={299--315},
  year={2022}
}

@inproceedings{zhu2024collaborative,
  title={Collaborative large language model for recommender systems},
  author={Zhu, Yaochen and Wu, Liang and Guo, Qi and Hong, Liangjie and Li, Jundong},
  booktitle={Proceedings of the ACM on Web Conference 2024},
  pages={3162--3172},
  year={2024}
}

@inproceedings{li2020interpretable,
  title={Interpretable click-through rate prediction through hierarchical attention},
  author={Li, Zeyu and Cheng, Wei and Chen, Yang and Chen, Haifeng and Wang, Wei},
  booktitle=WSDM},
  pages={313--321},
  year={2020}
}

@article{achiam2023gpt,
  title={Gpt-4 technical report},
  author={Achiam, Josh and Adler, Steven and Agarwal, Sandhini and Ahmad, Lama and Akkaya, Ilge and Aleman, Florencia Leoni and Almeida, Diogo and Altenschmidt, Janko and Altman, Sam and Anadkat, Shyamal and others},
  journal={arXiv preprint arXiv:2303.08774},
  year={2023}
}

@article{touvron2023llama,
  title={Llama: Open and efficient foundation language models},
  author={Touvron, Hugo and Lavril, Thibaut and Izacard, Gautier and Martinet, Xavier and Lachaux, Marie-Anne and Lacroix, Timoth{\'e}e and Rozi{\`e}re, Baptiste and Goyal, Naman and Hambro, Eric and Azhar, Faisal and others},
  journal={arXiv preprint arXiv:2302.13971},
  year={2023}
}

@article{kang2021item,
  title={Item-side ranking regularized distillation for recommender system},
  author={Kang, SeongKu and Hwang, Junyoung and Kweon, Wonbin and Yu, Hwanjo},
  journal={Information Sciences},
  volume={580},
  pages={15--34},
  year={2021},
  publisher={Elsevier}
}

@inproceedings{liu2022position,
  title={Position awareness modeling with knowledge distillation for CTR prediction},
  author={Liu, Congcong and Li, Yuejiang and Zhu, Jian and Teng, Fei and Zhao, Xiwei and Peng, Changping and Lin, Zhangang and Shao, Jingping},
  booktitle={Proceedings of the 16th ACM Conference on Recommender Systems},
  pages={562--566},
  year={2022}
}

@inproceedings{kweon2021bidirectional,
  title={Bidirectional distillation for top-K recommender system},
  author={Kweon, Wonbin and Kang, SeongKu and Yu, Hwanjo},
  booktitle={Proceedings of the Web Conference 2021},
  pages={3861--3871},
  year={2021}
}

@inproceedings{zhu2020ensembled,
  title={Ensembled CTR prediction via knowledge distillation},
  author={Zhu, Jieming and Liu, Jinyang and Li, Weiqi and Lai, Jincai and He, Xiuqiang and Chen, Liang and Zheng, Zibin},
  booktitle={CIKM},
  pages={2941--2958},
  year={2020}
}

@misc{zookeeper,
  title = {ZooKeeper},
    author={Apache},
  url = {https://zookeeper.apache.org/},
  year = {2023}
}

@article{gou2021knowledge,
  title={Knowledge distillation: A survey},
  author={Gou, Jianping and Yu, Baosheng and Maybank, Stephen J and Tao, Dacheng},
  journal={International Journal of Computer Vision},
  volume={129},
  number={6},
  pages={1789--1819},
  year={2021},
  publisher={Springer}
}

@article{hinton2015distilling,
  title={Distilling the Knowledge in a Neural Network},
  author={Hinton, Geoffrey},
  journal={arXiv preprint arXiv:1503.02531},
  year={2015}
}

@article{kang2024unbiased,
  title={Unbiased, Effective, and Efficient Distillation from Heterogeneous Models for Recommender Systems},
  author={Kang, SeongKu and Kweon, Wonbin and Lee, Dongha and Lian, Jianxun and Xie, Xing and Yu, Hwanjo},
  journal={ACM Transactions on Recommender Systems},
  year={2024},
  publisher={ACM New York, NY}
}

@inproceedings{chen2023unbiased,
  title={Unbiased knowledge distillation for recommendation},
  author={Chen, Gang and Chen, Jiawei and Feng, Fuli and Zhou, Sheng and He, Xiangnan},
  booktitle={WSDM},
  pages={976--984},
  year={2023}
}
@inproceedings{kang2023distillation,
  title={Distillation from heterogeneous models for top-k recommendation},
  author={Kang, SeongKu and Kweon, Wonbin and Lee, Dongha and Lian, Jianxun and Xie, Xing and Yu, Hwanjo},
  booktitle={Proceedings of the ACM Web Conference 2023},
  pages={801--811},
  year={2023}
}

@inproceedings{tang2018ranking,
  title={Ranking distillation: Learning compact ranking models with high performance for recommender system},
  author={Tang, Jiaxi and Wang, Ke},
  booktitle={SIGKDD},
  pages={2289--2298},
  year={2018}
}

@article{huang2024foundation,
  title={Foundation models for recommender systems: A survey and new perspectives},
  author={Huang, Chengkai and Yu, Tong and Xie, Kaige and Zhang, Shuai and Yao, Lina and McAuley, Julian},
  journal={arXiv preprint arXiv:2402.11143},
  year={2024}
}

@inproceedings{hua2023index,
  title={How to index item ids for recommendation foundation models},
  author={Hua, Wenyue and Xu, Shuyuan and Ge, Yingqiang and Zhang, Yongfeng},
  booktitle={Proceedings of the Annual International ACM SIGIR Conference on Research and Development in Information Retrieval in the Asia Pacific Region},
  pages={195--204},
  year={2023}
}

@inproceedings{shin2023scaling,
  title={Scaling law for recommendation models: Towards general-purpose user representations},
  author={Shin, Kyuyong and Kwak, Hanock and Kim, Su Young and Ramstr{\"o}m, Max Nihl{\'e}n and Jeong, Jisu and Ha, Jung-Woo and Kim, Kyung-Min},
  booktitle={Proceedings of the AAAI Conference on Artificial Intelligence},
  volume={37},
  number={4},
  pages={4596--4604},
  year={2023}
}

@inproceedings{fang2024scaling,
  title={Scaling laws for dense retrieval},
  author={Fang, Yan and Zhan, Jingtao and Ai, Qingyao and Mao, Jiaxin and Su, Weihang and Chen, Jia and Liu, Yiqun},
  booktitle={Proceedings of the 47th International ACM SIGIR Conference on Research and Development in Information Retrieval},
  pages={1339--1349},
  year={2024}
}

@online{navon2024parameter,
  author       = {Aviv Navon},
  title        = {Parameter Sharing in Deep Learning},
  year         = {2024},
  url          = {https://avivnavon.github.io/blog/parameter-sharing-in-deep-learning/},
  note         = {Accessed: 2024-11-18}
}