@article{agrawal2014dynamic,
  title={A dynamic near-optimal algorithm for online linear programming},
  author={Agrawal, Shipra and Wang, Zizhuo and Ye, Yinyu},
  journal={Operations Research},
  volume={62},
  number={4},
  pages={876--890},
  year={2014},
  publisher={INFORMS}
}

@article{arrow1950difficulty,
  title={A difficulty in the concept of social welfare},
  author={Arrow, Kenneth J},
  journal={Journal of political economy},
  volume={58},
  number={4},
  pages={328--346},
  year={1950},
  publisher={The University of Chicago Press}
}

@incollection{arrow1979property,
  title={The property rights doctrine and demand revelation under incomplete information},
  author={Arrow, Kenneth J},
  booktitle={Economics and human welfare},
  pages={23--39},
  year={1979},
  publisher={Elsevier}
}

@article{balseiro2019multiagent,
  title={Multiagent mechanism design without money},
  author={Balseiro, Santiago R and Gurkan, Huseyin and Sun, Peng},
  journal={Operations Research},
  volume={67},
  number={5},
  pages={1417--1436},
  year={2019},
  publisher={INFORMS}
}

@article{balseiro2023best,
  title={The Best of Many Worlds: Dual Mirror Descent for Online Allocation Problems},
  author={Balseiro, Santiago R and Lu, Haihao and Mirrokni, Vahab},
  journal={Operations Research},
  volume={71},
  number={1},
  pages={101--119},
  year={2023},
  publisher={INFORMS}
}

@inproceedings{banerjee2023robust,
  title={Robust Pseudo-Markets for Reusable Public Resources},
  author={Banerjee, Siddhartha and Fikioris, Giannis and Tardos, Eva},
  booktitle={Proceedings of the 24th ACM Conference on Economics and Computation},
  pages={241--241},
  year={2023}
}

@article{blanchard2024near,
  title={Near-Optimal Mechanisms for Resource Allocation Without Monetary Transfers},
  author={Blanchard, Moise and Jaillet, Patrick},
  journal={arXiv preprint arXiv:2408.10066},
  year={2024}
}

@article{budish2011combinatorial,
  title={The combinatorial assignment problem: Approximate competitive equilibrium from equal incomes},
  author={Budish, Eric},
  journal={Journal of Political Economy},
  volume={119},
  number={6},
  pages={1061--1103},
  year={2011},
  publisher={University of Chicago Press Chicago, IL}
}

@article{caragiannis2019unreasonable,
  title={The unreasonable fairness of maximum Nash welfare},
  author={Caragiannis, Ioannis and Kurokawa, David and Moulin, Herv{\'e} and Procaccia, Ariel D and Shah, Nisarg and Wang, Junxing},
  journal={ACM Transactions on Economics and Computation (TEAC)},
  volume={7},
  number={3},
  pages={1--32},
  year={2019},
  publisher={ACM New York, NY, USA}
}

@inproceedings{cole2013positive,
  title={Positive results for mechanism design without money},
  author={Cole, Richard and Gkatzelis, Vasilis and Goel, Gagan},
  booktitle={Proceedings of the 2013 international conference on Autonomous agents and multi-agent systems},
  pages={1165--1166},
  year={2013}
}

@article{condorelli2012money,
  title={What money can't buy: Efficient mechanism design with costly signals},
  author={Condorelli, Daniele},
  journal={Games and Economic Behavior},
  volume={75},
  number={2},
  pages={613--624},
  year={2012},
  publisher={Elsevier}
}

@article{d1979incentives,
  title={Incentives and incomplete information},
  author={d'Aspremont, Claude and G{\'e}rard-Varet, Louis-Andr{\'e}},
  journal={Journal of Public economics},
  volume={11},
  number={1},
  pages={25--45},
  year={1979},
  publisher={Elsevier}
}

@inproceedings{devanur2009adwords,
  title={The adwords problem: online keyword matching with budgeted bidders under random permutations},
  author={Devanur, Nikhil R and Hayes, Thomas P},
  booktitle={Proceedings of the 10th ACM conference on Electronic commerce},
  pages={71--78},
  year={2009}
}

@article{devanur2019near,
  title={Near optimal online algorithms and fast approximation algorithms for resource allocation problems},
  author={Devanur, Nikhil R and Jain, Kamal and Sivan, Balasubramanian and Wilkens, Christopher A},
  journal={Journal of the ACM (JACM)},
  volume={66},
  number={1},
  pages={1--41},
  year={2019},
  publisher={ACM New York, NY, USA}
}

@inproceedings{estornell2021incentivizing,
  title={Incentivizing truthfulness through audits in strategic classification},
  author={Estornell, Andrew and Das, Sanmay and Vorobeychik, Yevgeniy},
  booktitle={Proceedings of the AAAI Conference on Artificial Intelligence},
  volume={35},
  pages={5347--5354},
  year={2021}
}

@inproceedings{estornell2023incentivizing,
  title={Incentivizing recourse through auditing in strategic classification},
  author={Estornell, Andrew and Chen, Yatong and Das, Sanmay and Liu, Yang and Vorobeychik, Yevgeniy},
  booktitle={IJCAI},
  year={2023}
}

@inproceedings{feldman2010online,
  title={Online stochastic packing applied to display ad allocation},
  author={Feldman, Jon and Henzinger, Monika and Korula, Nitish and Mirrokni, Vahab S and Stein, Cliff},
  booktitle={European Symposium on Algorithms},
  pages={182--194},
  year={2010},
  organization={Springer}
}

@article{fikioris2023online,
  title={Online resource sharing via dynamic max-min fairness: efficiency, robustness and non-stationarity},
  author={Fikioris, Giannis and Banerjee, Siddhartha and Tardos, {\'E}va},
  journal={arXiv preprint arXiv:2310.08881},
  year={2023}
}

@inproceedings{friedman2006efficiency,
  title={Efficiency and Nash equilibria in a scrip system for P2P networks},
  author={Friedman, Eric J and Halpern, Joseph Y and Kash, Ian},
  booktitle={Proceedings of the 7th ACM conference on Electronic commerce},
  pages={140--149},
  year={2006}
}

@article{fudenberg2009folk,
  title={The Folk Theorem with Imperfect Public Information},
  author={Fudenberg, Drew and Levine, David and Maskin, Eric},
  journal={Econometrica},
  volume={62},
  number={5},
  pages={997},
  year={1994},
  publisher={JSTOR}
}

@article{gi73,
title={Manipulation of Voting Schemes: A General Result},
author={Gibbard, A.},
journal={Econometrica},
volume=41,
number=4,
pages={587-601},
year= 1973}

@inproceedings{gorokh2019remarkable,
author = {Gorokh, Artur and Banerjee, Siddhartha and Iyer, Krishnamurthy},
title = {The Remarkable Robustness of the Repeated Fisher Market},
year = {2021},
booktitle = {Proceedings of the 22nd ACM Conference on Economics and Computation},
pages = {562},
numpages = {1},
series = {EC '21}
}

@article{gorokh2021monetary,
  title={From monetary to nonmonetary mechanism design via artificial currencies},
  author={Gorokh, Artur and Banerjee, Siddhartha and Iyer, Krishnamurthy},
  journal={Mathematics of Operations Research},
  volume={46},
  number={3},
  pages={835--855},
  year={2021},
  publisher={INFORMS}
}

@inproceedings{guo2009competitive,
  title={Competitive repeated allocation without payments},
  author={Guo, Mingyu and Conitzer, Vincent and Reeves, Daniel M},
  booktitle={International Workshop on Internet and Network Economics},
  pages={244--255},
  year={2009},
  organization={Springer}
}

@inproceedings{guo2010strategy,
  title={Strategy-proof allocation of multiple items between two agents without payments or priors.},
  author={Guo, Mingyu and Conitzer, Vincent},
  booktitle={AAMAS},
  pages={881--888},
  year={2010}
}

@inproceedings{han2011strategy,
  title={On strategy-proof allocation without payments or priors},
  author={Han, Li and Su, Chunzhi and Tang, Linpeng and Zhang, Hongyang},
  booktitle={International Workshop on Internet and Network Economics},
  pages={182--193},
  year={2011},
  organization={Springer}
}

@inproceedings{hartline2008optimal,
  title={Optimal mechanism design and money burning},
  author={Hartline, Jason D and Roughgarden, Tim},
  booktitle={Proceedings of the fortieth annual ACM symposium on Theory of computing},
  pages={75--84},
  year={2008}
}

@article{hoppe2009theory,
  title={The theory of assortative matching based on costly signals},
  author={Hoppe, Heidrun C and Moldovanu, Benny and Sela, Aner},
  journal={The Review of Economic Studies},
  volume={76},
  number={1},
  pages={253--281},
  year={2009},
  publisher={Wiley-Blackwell}
}

@article{jackson2007overcoming,
  title={Overcoming incentive constraints by linking decisions 1},
  author={Jackson, Matthew O and Sonnenschein, Hugo F},
  journal={Econometrica},
  volume={75},
  number={1},
  pages={241--257},
  year={2007},
  publisher={Wiley Online Library}
}

@article{jalota2024catch,
  title={Catch Me If You Can: Combatting Fraud in Artificial Currency Based Government Benefits Programs},
  author={Jalota, Devansh and Tsao, Matthew and Pavone, Marco},
  journal={arXiv preprint arXiv:2402.16162},
  year={2024}
}

@article{johnson2014analyzing,
  title={Analyzing scrip systems},
  author={Johnson, Kris and Simchi-Levi, David and Sun, Peng},
  journal={Operations Research},
  volume={62},
  number={3},
  pages={524--534},
  year={2014},
  publisher={INFORMS}
}

@inproceedings{kash2007optimizing,
  title={Optimizing scrip systems: Efficiency, crashes, hoarders, and altruists},
  author={Kash, Ian A and Friedman, Eric J and Halpern, Joseph Y},
  booktitle={Proceedings of the 8th ACM conference on Electronic commerce},
  pages={305--315},
  year={2007}
}

@article{kash2015equilibrium,
  title={An equilibrium analysis of scrip systems},
  author={Kash, Ian A and Friedman, Eric J and Halpern, Joseph Y},
  journal={ACM Transactions on Economics and Computation (TEAC)},
  volume={3},
  number={3},
  pages={1--32},
  year={2015},
  publisher={ACM New York, NY, USA}
}

@inproceedings{lundy2019allocation,
  title={Allocation for social good: auditing mechanisms for utility maximization},
  author={Lundy, Taylor and Wei, Alexander and Fu, Hu and Kominers, Scott Duke and Leyton-Brown, Kevin},
  booktitle={Proceedings of the 2019 ACM Conference on Economics and Computation},
  pages={785--803},
  year={2019}
}

@article{miralles2012cardinal,
  title={Cardinal Bayesian allocation mechanisms without transfers},
  author={Miralles, Antonio},
  journal={Journal of Economic Theory},
  volume={147},
  number={1},
  pages={179--206},
  year={2012},
  publisher={Elsevier}
}

@article{moulin2002proportional,
  title={The proportional random allocation of indivisible units},
  author={Moulin, Herv{\'e}},
  journal={Social Choice and Welfare},
  pages={381--413},
  year={2002},
  publisher={JSTOR}
}

@article{procaccia2013approximate,
  title={Approximate mechanism design without money},
  author={Procaccia, Ariel D and Tennenholtz, Moshe},
  journal={ACM Transactions on Economics and Computation (TEAC)},
  volume={1},
  number={4},
  pages={1--26},
  year={2013},
  publisher={ACM New York, NY, USA}
}

@article{s75,
title={Strategy-Proofness and {A}rrow's Conditions: {E}xistence and Correspondence Theorems for Voting Procedures and Social Welfare Functions},
author={Satterthwaite, N.A.},
journal={Journal of Economic Theory},
volume=10,
number=2,
pages={187-217},
year= 1975}

@article{yin2022online,
  title={Online allocation and learning in the presence of strategic agents},
  author={Yin, Steven and Agrawal, Shipra and Zeevi, Assaf},
  journal={Advances in Neural Information Processing Systems},
  volume={35},
  pages={6333--6344},
  year={2022}
}

