@inproceedings{coling,
  title = "Weakly Supervised Formula Learner for Solving Mathematical Problems",
  author = "Wu, Yuxuan and Nakayama, Hideki",
  booktitle = "Proceedings of the 29th International Conference on Computational Linguistics",
  year = "2022",
  pages = "1743--1752",
}

@article{cot,
  title={Chain of thought prompting elicits reasoning in large language models},
  author={Wei, Jason and Wang, Xuezhi and Schuurmans, Dale and Bosma, Maarten and Chi, Ed and Le, Quoc and Zhou, Denny},
  journal={arXiv preprint arXiv:2201.11903},
  year={2022}
}

@article{gsm8k,
  title={Training verifiers to solve math word problems},
  author={Cobbe, Karl and Kosaraju, Vineet and Bavarian, Mohammad and Hilton, Jacob and Nakano, Reiichiro and Hesse, Christopher and Schulman, John},
  journal={arXiv preprint arXiv:2110.14168},
  year={2021}
}

@inproceedings{ldj,
  title={LeanDojo: Theorem Proving with Retrieval-Augmented Language Models},
  author={Yang, Kaiyu and Swope, Aidan M and Gu, Alex and Chalamala, Rahul and Song, Peiyang and Yu, Shixing and Godil, Saad and Prenger, Ryan and Anandkumar, Anima},
  booktitle={Thirty-seventh Conference on Neural Information Processing Systems Datasets and Benchmarks Track},
  year={2023}
}

@inproceedings{math23,
  title={Deep neural solver for math word problems},
  author={Wang, Yan and Liu, Xiaojiang and Shi, Shuming},
  booktitle={Proceedings of the 2017 Conference on Empirical Methods in Natural Language Processing},
  pages={845--854},
  year={2017}
}

@inproceedings{math_atp,
  title={miniF2F: a cross-system benchmark for formal Olympiad-level mathematics},
  author={Zheng, Kunhao and Han, Jesse Michael and Polu, Stanislas},
  booktitle={International Conference on Learning Representations},
  year={2021}
}

@inproceedings{math_dm,
  title={Analysing Mathematical Reasoning Abilities of Neural Models},
  author={David Saxton and Edward Grefenstette and Felix Hill and Pushmeet Kohli},
  booktitle={International Conference on Learning Representations},
  year={2019},
}

@article{math_fix,
  title={Learning by fixing: Solving math word problems with weak supervision},
  author={Hong, Yining and Li, Qing and Ciao, Daniel and Huang, Siyuan and Zhu, Song-Chun},
  journal={Proceedings of the AAAI Conference on Artificial Intelligence},
  volume={35},
  number={6},
  pages={4959--4967},
  year={2021}
}

@inproceedings{math_g0,
  title={GeoQA: A Geometric Question Answering Benchmark Towards Multimodal Numerical Reasoning},
  author={Chen, Jiaqi and Tang, Jianheng and Qin, Jinghui and Liang, Xiaodan and Liu, Lingbo and Xing, Eric and Lin, Liang},
  booktitle={Findings of the Association for Computational Linguistics: ACL-IJCNLP 2021},
  pages={513--523},
  year={2021}
}

@inproceedings{mathqa,
  title = "{M}ath{QA}: Towards Interpretable Math Word Problem Solving with Operation-Based Formalisms",
  author = "Amini, Aida  and
      Gabriel, Saadia  and
      Lin, Shanchuan  and
      Koncel-Kedziorski, Rik  and
      Choi, Yejin  and
      Hajishirzi, Hannaneh",
  booktitle = "Proceedings of the 2019 Conference of the North {A}merican Chapter of the Association for Computational Linguistics: Human Language Technologies, Volume 1 (Long and Short Papers)",
  year = "2019",
  pages = "2357--2367",
}

@inproceedings{mawps,
  title = "{MAWPS}: A Math Word Problem Repository",
  author = "Koncel-Kedziorski, Rik  and
    Roy, Subhro  and
    Amini, Aida  and
    Kushman, Nate  and
    Hajishirzi, Hannaneh",
  booktitle = "Proceedings of the 2016 Conference of the North {A}merican Chapter of the Association for Computational Linguistics: Human Language Technologies",
  month = jun,
  year = "2016",
  address = "San Diego, California",
  pages = "1152--1157",
}

@inproceedings{mmlu,
  title={Measuring Massive Multitask Language Understanding},
  author={Hendrycks, Dan and Burns, Collin and Basart, Steven and Zou, Andy and Mazeika, Mantas and Song, Dawn and Steinhardt, Jacob},
  booktitle={International Conference on Learning Representations},
  year={2020}
}

@article{palm,
  title={Palm: Scaling language modeling with pathways},
  author={Chowdhery, Aakanksha and Narang, Sharan and Devlin, Jacob and Bosma, Maarten and Mishra, Gaurav and Roberts, Adam and Barham, Paul and Chung, Hyung Won and Sutton, Charles and Gehrmann, Sebastian and others},
  journal={arXiv preprint arXiv:2204.02311},
  year={2022}
}

@misc{wolfram,
  title = {ChatGPT Gets Its ``Wolfram Superpowers"!.},
  author = "Stephen Wolfram",
  year = "2023",
  howpublished={\url{https://writings.stephenwolfram.com/2023/03/chatgpt-gets-its-wolfram-superpowers}},
}

@inproceedings{zs1,
  title = "Unsupervised Commonsense Question Answering with Self-Talk",
  author = "Shwartz, Vered  and
    West, Peter  and
    Le Bras, Ronan  and
    Bhagavatula, Chandra  and
    Choi, Yejin",
  booktitle = "Proceedings of the 2020 Conference on Empirical Methods in Natural Language Processing (EMNLP)",
  year = "2020",
  pages = "4615--4629",
}

@inproceedings{zs2,
  title={Prompt programming for large language models: Beyond the few-shot paradigm},
  author={Reynolds, Laria and McDonell, Kyle},
  booktitle={Extended Abstracts of the 2021 CHI Conference on Human Factors in Computing Systems},
  pages={1--7},
  year={2021}
}

@inproceedings{zsr,
  author = {Kojima, Takeshi and Gu, Shixiang and Reid, Machel and Matsuo, Yutaka and Iwasawa, Yusuke},
  booktitle = {Advances in Neural Information Processing Systems},
  pages = {22199--22213},
  title = {Large Language Models are Zero-Shot Reasoners},
  volume = {35},
  year = {2022}
}

