@INPROCEEDINGS{ChenPIMRC23,
  author={Chen, Chih-Yu and Shen, Li-Hsiang and Feng, Kai-Ten and Yang, Lie-Liang and Wu, Jen-Ming},
  booktitle={Proceddings of the International Symposium on Personal, Indoor and Mobile Radio Communications (PIMRC)}, 
  title={Edge Selection and Clustering for Federated Learning in Optical Inter-{LEO} Satellite Constellation}, 
  year={2023},
  volume={},
  number={},
  pages={1-6},
  keywords={Training;Space vehicles;Satellite constellations;Satellites;Federated learning;Low earth orbit satellites;Optical imaging},
}

@ARTICLE{ElmahallawySAC24,
  author={Elmahallawy, Mohamed and Luo, Tie and Ramadan, Khaled},
  journal={IEEE Journal on Selected Areas in Communications}, 
  title={Communication-Efficient Federated Learning for {LEO} Constellations Integrated With {HAPs} Using Hybrid {NOMA-OFDM}}, 
  year={2024},
  volume={42},
  number={5},
  pages={1097-1114},
  keywords={Satellites;Low earth orbit satellites;Satellite broadcasting;Convergence;Training;Earth;NOMA;Low Earth orbit (LEO);federated learning;high altitude platform (HAP);non-orthogonal multiple access (NOMA)},
}

@ARTICLE{MorafahOJCS23,
  author={Morafah, Mahdi and Vahidian, Saeed and Wang, Weijia and Lin, Bill},
  journal={IEEE Open Journal of the Computer Society}, 
  title={{FLIS}: Clustered Federated Learning Via Inference Similarity for Non-{IID} Data Distribution}, 
  year={2023},
  volume={4},
  number={},
  pages={109-120},
  keywords={Servers;Data models;Clustering algorithms;Training;Federated learning;Inference algorithms;Computational modeling;Clustering;data heterogeneity;federated learning;inference similarity;Non-IID data distribution;personalization},
}

@article{RunKBS23,
title = {A dynamic adaptive iterative clustered federated learning scheme},
journal = {Knowledge-Based Systems},
volume = {276},
pages = {110741},
year = {2023},
issn = {0950-7051},
author = {Run Du and Shuo Xu and Rui Zhang and Lijuan Xu and Hui Xia},
keywords = {Federated learning, Distributed machine learning},
}

@INPROCEEDINGS{XiaPIMRC23,
  author={Xia, X. and Esmat, H. H. and Dyer, K. and Lorenzo, B. and Guo, L.},
  booktitle={2023 IEEE 34th Annual International Symposium on Personal, Indoor and Mobile Radio Communications (PIMRC)}, 
  title={Cross-Domain Federated Computation Offloading for Age of Information Minimization in Satellite-Airborne-Terrestrial Networks}, 
  year={2023},
  volume={},
  number={},
  pages={1-7},
  keywords={Federated learning;Satellite broadcasting;Collaboration;Bandwidth;Data collection;Information age;Topology;Age of Information (AoI);satellite-airborne-terrestrial network;heterogeneous IoT;multi-agent deep reinforcement learning;mobile edge computing},
}

@INPROCEEDINGS{XiongWCNC24,
  author={Xiong, Ting and Xu, Xiaofan and Du, Ping and Zhang, Yueyue and Zhang, Ran and Liu, Jiang},
  booktitle={Proceedings of the IEEE Wireless Communications and Networking Conference (WCNC)}, 
  title={Energy-efficient Federated Learning for Earth Observation in {LEO} Satellite Systems}, 
  year={2024},
  volume={},
  number={},
  pages={01-06},
  keywords={Training;Energy consumption;Time-frequency analysis;Solid modeling;Satellites;Federated learning;Low earth orbit satellites;Earth observation;federated learning;energy consumption;LEO satellite systems},
}

@ARTICLE{XuIOT24,
  author={Xu, Bo and Xia, Wenchao and Zhao, Haitao and Zhu, Yongxu and Sun, Xinghua and Quek, Tony Q. S.},
  journal={IEEE Internet of Things Journal}, 
  title={Clustered Federated Learning in {Internet of Things}: Convergence Analysis and Resource Optimization}, 
  year={2024},
  volume={11},
  number={2},
  pages={3217-3232},
  keywords={Training;Performance evaluation;Convergence;Resource management;Analytical models;Servers;Internet of Things;Clustered federated learning (CFL);coalition formation;convergence analysis;Internet of Things (IoT);resource allocation},
}

@ARTICLE{YanTNNLS23,
  author={Yan, Yihan and Tong, Xiaojun and Wang, Shen},
  journal={IEEE Transactions on Neural Networks and Learning Systems}, 
  title={Clustered Federated Learning in Heterogeneous Environment}, 
  year={2023},
  volume={},
  number={},
  pages={1-14},
  keywords={Servers;Data models;Training;Convergence;Clustering methods;Clustering algorithms;Optimization;Clustering;deep learning;distributed learning;federated learning (FL);multitask learning},
}

@ARTICLE{ZhouSAC24,
  author={Zhou, Yu and Lei, Lei and Zhao, Xiaohui and You, Lei and Sun, Yaohua and Chatzinotas, Symeon},
  journal={IEEE Journal on Selected Areas in Communications}, 
  title={Decomposition and Meta-DRL Based Multi-Objective Optimization for Asynchronous Federated Learning in {6G}-Satellite Systems}, 
  year={2024},
  volume={42},
  number={5},
  pages={1115-1129},
  keywords={Computational modeling;Optimization;Training;Data models;Satellites;Low earth orbit satellites;6G mobile communication;LEO satellite;asynchronous federated learning;multi-objective optimization;meta-reinforcement learning},
}

@INPROCEEDINGS{ZhouWCNC24,
  author={Zhou, Ai and Wang, Ying and Zhang, Qiuyang},
  booktitle={Proceedings of the IEEE Wireless Communications and Networking Conference (WCNC)}, 
  title={Energy-Efficient Resource Management for Federated Learning in {LEO} Satellite {IoT}}, 
  year={2024},
  volume={},
  number={},
  pages={1-6},
  keywords={Training;Energy consumption;Satellites;Federated learning;Heuristic algorithms;Simulation;Propagation losses;Federated learning;satellite Internet of Things;deep reinforcement learning;resource allocation},
}

