@article{das2023long,
  title={Long-term Forecasting with {TiDE}: Time-series Dense Encoder},
  author={Das, Abhimanyu and Kong, Weihao and Leach, Andrew and Sen, Rajat and Yu, Rose},
  journal={arXiv preprint arXiv:2304.08424},
  year={2023}
}

@article{gong2021peak,
  title={Peak reduction and long term load forecasting for large residential communities including smart homes with energy storage},
  author={Gong, Huangjie and Rallabandi, Vandana and McIntyre, Michael L and Hossain, Eklas and Ionel, Dan M},
  journal={IEEE Access},
  year={2021},
  publisher={IEEE}
}

@inproceedings{hoopes2021hypermorph,
  title={Hypermorph: Amortized hyperparameter learning for image registration},
  author={Hoopes, Andrew and Hoffmann, Malte and Fischl, Bruce and Guttag, John and Dalca, Adrian V},
  booktitle={International Conference on Information Processing in Medical Imaging},
  year={2021}
}

@inproceedings{klocek2019hypernetwork,
  title={Hypernetwork functional image representation},
  author={Klocek, Sylwester and Maziarka, {\L}ukasz and Wo{\l}czyk, Maciej and Tabor, Jacek and Nowak, Jakub and {\'S}mieja, Marek},
  booktitle={International Conference on Artificial Neural Networks},
  year={2019}
}

@article{kong2017short,
  title={Short-term residential load forecasting based on {LSTM} recurrent neural network},
  author={Kong, Weicong and Dong, Zhao Yang and Jia, Youwei and Hill, David J and Xu, Yan and Zhang, Yuan},
  journal={IEEE Transactions on Smart Grid},
  year={2017},
  publisher={IEEE}
}

@article{lheureux2022transformer,
    author = {L’Heureux, A. and Grolinger, K. and Capretz, M.A.M.},
    title = {Transformer-Based Model for Electrical Load Forecasting},
    journal = {Energies},
    year = {2022},
}

@inproceedings{li2020dhp,
  title={Dhp: Differentiable meta pruning via hypernetworks},
  author={Li, Yawei and Gu, Shuhang and Zhang, Kai and Van Gool, Luc and Timofte, Radu},
  booktitle={16th European Conference on Computer Vision},
  year={2020}
}

@article{li2023novel,
  title={A novel hybrid model for building heat load forecasting based on multivariate Empirical modal decomposition},
  author={Li, Yiran and Zhu, Neng and Hou, Yingzhen},
  journal={Building and Environment},
  year={2023},
  publisher={Elsevier}
}

@article{li2023short,
  title={Short-term electrical load forecasting using hybrid model of manta ray foraging optimization and support vector regression},
  author={Li, Siwei and Kong, Xiangyu and Yue, Liang and Liu, Chang and Khan, Muhammad Ahmad and Yang, Zhiduan and Zhang, Honghui},
  journal={Journal of Cleaner Production},
  year={2023},
  publisher={Elsevier}
}

@article{lin2022hybrid,
  title={A hybrid short-term load forecasting approach for individual residential customer},
  author={Lin, Xin and Zamora, Ramon and Baguley, Craig A and Srivastava, Anurag K},
  journal={IEEE Transactions on Power Delivery},
  year={2022},
  publisher={IEEE}
}

@article{lu2023hyperrs,
  title={{HyperRS}: Hypernetwork-Based Recommender System for the User Cold-Start Problem},
  author={Lu, Yuxun and Nakamura, Kosuke and Ichise, Ryutaro},
  journal={IEEE Access},
  year={2023},
  publisher={IEEE}
}

@article{madhukumar2022regression,
  title={Regression model-based short-term load forecasting for university campus load},
  author={Madhukumar, Mithun and Sebastian, Albino and Liang, Xiaodong and Jamil, Mohsin and Shabbir, Md Nasmus Sakib Khan},
  journal={IEEE Access},
  year={2022},
  publisher={IEEE}}

@article{meyerson2019modular,
  title={Modular universal reparameterization: Deep multi-task learning across diverse domains},
  author={Meyerson, Elliot and Miikkulainen, Risto},
  journal={Advances in Neural Information Processing Systems},
  year={2019}
}

@inproceedings{nemala2023differential,
  title={Differential Privacy in HyperNetworks for Personalized Federated Learning},
  author={Nemala, Vaisnavi and Lai, Phung and Phan, Nhathai},
  booktitle={32nd ACM International Conference on Information and Knowledge Management},
  year={2023}
}

@article{ni2024light,
  title={Light Gradient Boosting Machine (LightGBM) to forecasting data and assisting the defrosting strategy design of refrigerators},
  author={Ni, Chenxi and Huang, Haihong and Cui, Peipei et al.},
  journal={International Journal of Refrigeration},
  year={2024},
  publisher={Elsevier}
}

@article{oreshkin2021n,
  title={N-BEATS neural network for mid-term electricity load forecasting},
  author={Oreshkin, Boris N and Dudek, Grzegorz and  and Turkina, Ekaterina},
  journal={Applied Energy},
  year={2021},
  publisher={Elsevier}}

@inproceedings{ratzlaff2019hypergan,
  title={Hypergan: A generative model for diverse, performant neural networks},
  author={Ratzlaff, Neale and Fuxin, Li},
  booktitle={International Conference on Machine Learning},
  year={2019}
}

@article{rezaei2020optimal,
  title={Optimal real-time energy management in apartment building integrating microgrid with multizone HVAC control},
  author={Rezaei, Ehsan and Dagdougui, Hanane},
  journal={IEEE Transactions on Industrial Informatics},
  year={2020},
  publisher={IEEE}
}

@inproceedings{schmidhuber1993self,
  title={A ‘self-referential’weight matrix},
  author={Schmidhuber, J{\"u}rgen},
  booktitle={International Conference on Artificial Neural Networks},
  year={1993}
}

@article{shaikh2023new,
  title={A new approach to seasonal energy consumption forecasting using temporal convolutional networks},
  author={Shaikh, Abdul Khalique and Nazir, Amril and Khalique et al.},
  journal={Results in Engineering},
  year={2023},
  publisher={Elsevier}
}

@article{skala2023interval,
  title={Interval Load Forecasting for Individual Households in the Presence of Electric Vehicle Charging},
  author={Skala, Raiden and Elgalhud, Mohamed Ahmed TA and Grolinger, Katarina and Mir, Syed},
  journal={Energies},
  year={2023},
  publisher={MDPI}
}

@article{triebe2019ar,
  title={{AR-Net}: A simple auto-regressive neural network for time-series},
  author={Triebe, Oskar and Laptev, Nikolay and Rajagopal, Ram},
  journal={arXiv preprint arXiv:1911.12436},
  year={2019}
}

@article{vaswani2017attention,
  title={Attention is all you need},
  author={Vaswani, Ashish and Shazeer, Noam and Parmar, Niki and Uszkoreit, Jakob and Jones, Llion and Gomez, Aidan N and Kaiser, {\L}ukasz and Polosukhin, Illia},
  journal={Advances in neural information processing systems},
  volume={30},
  year={2017}
}

@inproceedings{yamak2019comparison,
  title={A comparison between {ARIMA}, {LSTM}, and {GRU} for time series forecasting},
  author={Yamak, Peter T and Yujian, Li and Gadosey, Pius K},
  booktitle={2nd international conference on algorithms, computing and artificial intelligence},
  year={2019}
}

@inproceedings{zhang2018forecasting,
  title={Forecasting Residential Energy Consumption Using Support Vector Regressions},
  author={Zhang, X and Grolinger, Katarina and Capretz, Miriam AM},
  booktitle={Proceedings of the IEEE International Conference on Machine Learning and Applications, Orlando, FL, USA},
  year={2018}
}

@article{zhang2020deep,
  title={Deep-learning-based probabilistic forecasting of electric vehicle charging load with a novel queuing model},
  author={Zhang, Xian and Chan, Ka Wing and Li, Hairong and Wang, Huaizhi and Qiu, Jing and Wang, Guibin},
  journal={IEEE Transactions on Cybernetics},
  year={2020},
  publisher={IEEE}
}

