@article{muzaffar2019short,
  title={Short-term load forecasts using LSTM networks},
  author={Muzaffar, Shahzad and Afshari, Afshin},
  journal={Energy Procedia},
  volume={158},
  pages={2922--2927},
  year={2019},
  publisher={Elsevier}
}
@article{kumar2017weight,
  title={On weight initialization in deep neural networks},
  author={Kumar, Siddharth Krishna},
  journal={arXiv preprint arXiv:1704.08863},
  year={2017}
}
@article{che2014short,
  title={Short-term load forecasting using a kernel-based support vector regression combination model},
  author={Che, JinXing and Wang, JianZhou},
  journal={Applied energy},
  year={2014},
  publisher={Elsevier}
}
@article{chauhan2023brief,
  title={A Brief Review of Hypernetworks in Deep Learning},
  author={Chauhan, Vinod Kumar and Zhou, Jiandong and Lu, Ping and Molaei, Soheila and Clifton, David A},
  journal={arXiv preprint arXiv:2306.06955},
  year={2023}
}
@article{li2021survey,
  title={A survey of convolutional neural networks: analysis, applications, and prospects},
  author={Li, Zewen and Liu, Fan and Yang, Wenjie and Peng, Shouheng and Zhou, Jun},
  journal={IEEE transactions on neural networks and learning systems},
  year={2021},
  publisher={IEEE}
}
@online{iea2023,
    author = {International Energy Agency},
    title = {Declining electricity consumption in advanced economies is weighing on global demand growth this year},
    year = {2023},
    url = {https://www.iea.org/news/declining-electricity-consumption-in-advanced-economies-is-weighing-on-global-demand-growth-this-year}
}
@online{enerdata2023,
    author = {Enerdata},
    title = {World Energy Consumption - Statistics & Facts 2023},
    year = {2023},   
    url = {https://yearbook.enerdata.net/total-energy/world-consumption-statistics.html} 
}
@online{eu2022,
    author = {{European Climate, Energy and Environment}},
    title = {2030 Climate \& Energy Framework},
    year = {2022},
    url = {https://climate.ec.europa.eu/eu-action/climate-strategies-targets/2030-climate-energy-framework_en}
}
@online{irena2023,
    author = {{International Renewable Energy Agency}},
    title = {Renewable Energy Statistics Time Series},
    year = {2023},
    url = {https://www.irena.org/Data/View-data-by-topic/Capacity-and-Generation/Statistics-Time-Series}
}
@article{fekri2023asynchronous,
    author = {Fekri, M.N. and Grolinger, K. and Mir, S.},
    title = {Asynchronous Adaptive Federated Learning for Distributed Load Forecasting with Smart Meter Data},
    journal = {International Journal of Electrical Power and Energy Systems},
    year = {2023},
    note = {accepted}
}
@misc{rbc2023,
    author = {{RBC Thought Leadership}},
    title = {Power Shift: How Ontario Can Cut Its $450B Electricity Bill},
    howpublished = {\url{https://thoughtleadership.rbc.com/power-shift-how-ontario-can-cut-its-450b-electricity-bill/}}
}
@article{aslam2021survey,
  title={A survey on deep learning methods for power load and renewable energy forecasting in smart microgrids},
  author={Aslam, Sheraz and Herodotou, Herodotos and Mohsin, Syed Muhammad and Javaid, Nadeem and Ashraf, Nouman and Aslam, Shahzad},
  journal={Renewable and Sustainable Energy Reviews},
  year={2021},
  publisher={Elsevier}
}
@article{l2022transformer,
  title={Transformer-based model for electrical load forecasting},
  author={L’Heureux, Alexandra and Grolinger, Katarina and Capretz, Miriam AM},
  journal={Energies},
  year={2022},
  publisher={MDPI}
}
@article{ahmad2021artificial,
  title={Artificial intelligence in sustainable energy industry: Status Quo, challenges and opportunities},
  author={Ahmad, Tanveer and Zhang, Dongdong and Huang, Chao and Zhang, Hongcai and Dai, Ningyi and Song, Yonghua and Chen, Huanxin},
  journal={Journal of Cleaner Production},
  year={2021},
  publisher={Elsevier}
}
@article{cai2019day,
  title={Day-ahead building-level load forecasts using deep learning vs. traditional time-series techniques},
  author={Cai, Mengmeng and Pipattanasomporn, Manisa and Rahman, Saifur},
  journal={Applied Energy},
  year={2019}
}
@article{wei2022summary,
  title={A summary of the research on building load forecasting model of colleges and universities in North China based on energy consumption behavior: A case in North China},
  author={Wei, Qiaoni and Li, Qifen and Yang, Yongwen and Zhang, Liting and Xie, Wanying},
  journal={Energy Reports},
  year={2022},
  publisher={Elsevier}
}
@article{lheureux2022transformer,
    author = {L’Heureux, A. and Grolinger, K. and Capretz, M.A.M.},
    title = {Transformer-Based Model for Electrical Load Forecasting},
    journal = {Energies},
    year = {2022},
}
@article{chen2021application,
  title={Application of decoupled {ARMA} model to modal identification of linear time-varying system based on the {ICA} and assumption of “short-time linearly varying”},
  author={Chen, Tengfei and Chen, Guoping and Chen, Weiting and Hou, Shuo and Zheng, Yuxuan and He, Huan},
  journal={Journal of Sound and Vibration},
  year={2021},
  publisher={Elsevier}
}
@article{skala2023interval,
  title={Interval Load Forecasting for Individual Households in the Presence of Electric Vehicle Charging},
  author={Skala, Raiden and Elgalhud, Mohamed Ahmed TA and Grolinger, Katarina and Mir, Syed},
  journal={Energies},
  year={2023},
  publisher={MDPI}
}
@inproceedings{hoopes2021hypermorph,
  title={Hypermorph: Amortized hyperparameter learning for image registration},
  author={Hoopes, Andrew and Hoffmann, Malte and Fischl, Bruce and Guttag, John and Dalca, Adrian V},
  booktitle={International Conference on Information Processing in Medical Imaging},
  year={2021}
}

@article{chauhan2023brief,
  title={A Brief Review of Hypernetworks in Deep Learning},
  author={Chauhan, Vinod Kumar and Zhou, Jiandong and Lu, Ping and Molaei, Soheila and Clifton, David A},
  journal={arXiv preprint arXiv:2306.06955},
  year={2023}
}
#article{ramachandran2017swish,
#    author = {Ramachandran, Prajit and Zoph, Barret and Le, Quoc V.},
#    title = {SWISH: A Self-Gated Activation Function},
#    journal = {Google Brain},
#    year = {2017},
#    note = {Preprint},
#}

@article{ramachandran2017swish,
  title={Searching for activation functions},
  author={Ramachandran, Prajit and Zoph, Barret and Le, Quoc V},
  journal={arXiv preprint arXiv:1710.05941},
  year={2017}
}
@inproceedings{zeng2023transformers,
  title={Are transformers effective for time series forecasting?},
  author={Zeng, Ailing and Chen, Muxi and Zhang, Lei and Xu, Qiang},
  booktitle={Proceedings of the AAAI conference on artificial intelligence},
  year={2023}
}
@inproceedings{alqushaibi2020review,
  title={A review of weight optimization techniques in recurrent neural networks},
  author={Alqushaibi, Alawi and Abdulkadir, Said Jadid and Rais, Helmi Md and Al-Tashi, Qasem},
  booktitle={IEEE International Conf. on Computational Intelligence},
  year={2020}
}
@article{sean2017prophet,
  title={Prophet: forecasting at scale},
  author={Sean, J and Letham, B},
  journal={Facebook Research},
  year={2017}
}
@article{torghabeh2023effectiveness,
  title={EFFECTIVENESS OF LEARNING RATE IN DEMENTIA SEVERITY PREDICTION USING {VGG16}},
  author={Torghabeh, Farhad Abedinzadeh and Modaresnia, Yeganeh and Khalilzadeh, Mohammad Mahdi},
  journal={Biomedical Engineering: Applications, Basis and Communications},
  year={2023},
  publisher={World Scientific}
}
@article{qin2022multi,
  title={Multi-task short-term reactive and active load forecasting method based on attention-LSTM model},
  author={Qin, Jiaqi and Zhang, Yi and Fan, Shixiong and Hu, Xiaonan and Huang, Yongqiang and Lu, Zexin and Liu, Yan},
  journal={International Journal of Electrical Power \& Energy Systems},
  year={2022},
  publisher={Elsevier}
}
@article{bashir2022short,
  title={Short term electricity load forecasting using hybrid prophet-LSTM model optimized by BPNN},
  author={Bashir, Tasarruf and Haoyong, Chen and Tahir, Muhammad Faizan and Liqiang, Zhu},
  journal={Energy reports},
  year={2022},
  publisher={Elsevier}
}
@article{guo2018monthly,
  title={A monthly electricity consumption forecasting method based on vector error correction model and self-adaptive screening method},
  author={Guo, Hongye and Chen, Qixin and Xia et al.},
  journal={International Journal of Electrical Power \& Energy Systems},
  year={2018},
  publisher={Elsevier}
}
@article{guo2018monthly,
  title={A monthly electricity consumption forecasting method based on vector error correction model and self-adaptive screening method},
  author={Guo, Hongye and Chen, Qixin and Xia et al.},
  journal={International Journal of Electrical Power \& Energy Systems},
  year={2018},
  publisher={Elsevier}
}
@article{yao2022short,
  title={Short-term load forecasting method based on feature preference strategy and {LightGBM-XGboost}},
  author={Yao, Xiaotong and Fu, Xiaoli and Zong, Chaofei},
  journal={IEEE Access},
  year={2022},
  publisher={IEEE}
}
@article{ni2024light,
  title={Light Gradient Boosting Machine (LightGBM) to forecasting data and assisting the defrosting strategy design of refrigerators},
  author={Ni, Chenxi and Huang, Haihong and Cui, Peipei et al.},
  journal={International Journal of Refrigeration},
  year={2024},
  publisher={Elsevier}
}
@misc{eia2023,
  author = {{U.S. Energy Information Administration}},
  title = {EIA projects nearly 50\% increase in world energy usage by 2050},
  year = {2023},
  url = {https://www.eia.gov/todayinenergy/detail.php?id=42342}}
}
@article{jawad2020,
  title={Machine Learning Based Cost Effective Electricity Load Forecasting Model Using Correlated Meteorological Parameters},
  author={Jawad, Muhammad and Nadeem, Malik Sajjad Ahmed and Shim, Seong-O and Khan, Ishtiaq Rasool and Shaheen, Aliya and Habib, Nazneen and Hussain, Lal and Aziz, Wajid},
  journal={IEEE Access},
  year={2020},
  publisher={IEEE},
  doi={10.1109/ACCESS.2020.3014086},
}
@article{lin2022hybrid,
  title={A hybrid short-term load forecasting approach for individual residential customer},
  author={Lin, Xin and Zamora, Ramon and Baguley, Craig A and Srivastava, Anurag K},
  journal={IEEE Transactions on Power Delivery},
  year={2022},
  publisher={IEEE}
}
@article{klyuev2022methods,
  title={Methods of forecasting electric energy consumption: A literature review},
  author={Klyuev, Roman V and Morgoev, Irbek D and Morgoeva, Angelika D and Gavrina, Oksana A and Martyushev, Nikita V and Efremenkov, Egor A and Mengxu, Qi},
  journal={Energies},
  year={2022},
  publisher={MDPI}
}
@article{gong2021peak,
  title={Peak reduction and long term load forecasting for large residential communities including smart homes with energy storage},
  author={Gong, Huangjie and Rallabandi, Vandana and McIntyre, Michael L and Hossain, Eklas and Ionel, Dan M},
  journal={IEEE Access},
  year={2021},
  publisher={IEEE}
}
@article{zhang2020deep,
  title={Deep-learning-based probabilistic forecasting of electric vehicle charging load with a novel queuing model},
  author={Zhang, Xian and Chan, Ka Wing and Li, Hairong and Wang, Huaizhi and Qiu, Jing and Wang, Guibin},
  journal={IEEE Transactions on Cybernetics},
  year={2020},
  publisher={IEEE}
}

@article{vaswani2017attention,
  title={Attention is all you need},
  author={Vaswani, Ashish and Shazeer, Noam and Parmar, Niki and Uszkoreit, Jakob and Jones, Llion and Gomez, Aidan N and Kaiser, {\L}ukasz and Polosukhin, Illia},
  journal={Advances in neural information processing systems},
  volume={30},
  year={2017}
}
@article{kong2017short,
  title={Short-term residential load forecasting based on {LSTM} recurrent neural network},
  author={Kong, Weicong and Dong, Zhao Yang and Jia, Youwei and Hill, David J and Xu, Yan and Zhang, Yuan},
  journal={IEEE Transactions on Smart Grid},
  year={2017},
  publisher={IEEE}
}
@article{rezaei2020optimal,
  title={Optimal real-time energy management in apartment building integrating microgrid with multizone HVAC control},
  author={Rezaei, Ehsan and Dagdougui, Hanane},
  journal={IEEE Transactions on Industrial Informatics},
  year={2020},
  publisher={IEEE}
}
@article{amber2017energy,
  title={Energy consumption forecasting for university sector buildings},
  author={Amber, Khuram Pervez and Aslam, Muhammad Waqar and Mahmood, Anzar and Kousar, Anila and Younis, Muhammad Yamin and Akbar, Bilal and Chaudhary, Ghulam Qadar and Hussain, Syed Kashif},
  journal={Energies},
  year={2017},
  publisher={MDPI}
}
@techreport{doe2012,
    author = {{U.S. Department of Energy}},
    title = {Reliability Improvements from the Application of Distribution Automation Technologies},
    year = {2012},
    url = {https://www.energy.gov/sites/prod/files/2016/10/f33/Distribution_Reliability_Report_-_Final_Dec_2012.pdf},
    number = {3},
}
@inproceedings{yamak2019comparison,
  title={A comparison between {ARIMA}, {LSTM}, and {GRU} for time series forecasting},
  author={Yamak, Peter T and Yujian, Li and Gadosey, Pius K},
  booktitle={2nd international conference on algorithms, computing and artificial intelligence},
  year={2019}
}
@article{kouziokas2020svm,
  title={{SVM} kernel based on particle swarm optimized vector and Bayesian optimized {SVM} in atmospheric particulate matter forecasting},
  author={Kouziokas, Georgios N},
  journal={Applied Soft Computing},
  year={2020},
  publisher={Elsevier}
}
@article{bhavsar2016radial,
  title={Radial basis polynomial kernel (rbpk): a generalized kernel for support vector machine},
  author={Bhavsar, Ms Hetal and Ganatra, Amit},
  journal={International Journal of Computer Science and Information Security},
  year={2016}
}
@inproceedings{nemala2023differential,
  title={Differential Privacy in HyperNetworks for Personalized Federated Learning},
  author={Nemala, Vaisnavi and Lai, Phung and Phan, Nhathai},
  booktitle={32nd ACM International Conference on Information and Knowledge Management},
  year={2023}
}
@article{li2023hypergraph,
  title={Hypergraph transformer neural networks},
  author={Li, Mengran and Zhang, Yong and Li, Xiaoyong and Zhang, Yuchen and Yin, Baocai},
  journal={ACM Transactions on Knowledge Discovery from Data},
  year={2023},
  publisher={ACM New York, NY}
}
@article{lu2023hyperrs,
  title={{HyperRS}: Hypernetwork-Based Recommender System for the User Cold-Start Problem},
  author={Lu, Yuxun and Nakamura, Kosuke and Ichise, Ryutaro},
  journal={IEEE Access},
  year={2023},
  publisher={IEEE}
}

@article{hoopes2022learning,
  title={Learning the Effect of Registration Hyperparameters with HyperMorph},
  author={Hoopes, Andrew and Hoffmann, Malte and Greve, Douglas N et al.},
  journal={The Journal of Machine Learning for Biomedical Imaging},
  year={2022}
}

@article{basmadjian2021day,
  title={Day-ahead forecasting of the percentage of renewables based on time-series statistical methods},
  author={Basmadjian, Robert and Shaafieyoun, Amirhossein and Julka, Sahib},
  journal={Energies},
  year={2021},
  publisher={MDPI}
}
@article{das2023long,
  title={Long-term Forecasting with {TiDE}: Time-series Dense Encoder},
  author={Das, Abhimanyu and Kong, Weihao and Leach, Andrew and Sen, Rajat and Yu, Rose},
  journal={arXiv preprint arXiv:2304.08424},
  year={2023}
}
@article{dai2018transformer,
  title={Transformer-xl: Language modeling with longer-term dependency},
  author={Dai, Zihang and Yang, Zhilin and Yang, Yiming and Cohen, William W and Carbonell, Jaime and Le, Quoc V and Salakhutdinov, Ruslan},
  year={2018}
}
@article{gong2022load,
  title={Load forecasting of district heating system based on Informer},
  author={Gong, Mingju and Zhao, Yin and Sun, Jiawang and Han, Cuitian and Sun, Guannan and Yan, Bo},
  journal={Energy},
  year={2022},
  publisher={Elsevier}
}
@article{triebe2019ar,
  title={{AR-Net}: A simple auto-regressive neural network for time-series},
  author={Triebe, Oskar and Laptev, Nikolay and Rajagopal, Ram},
  journal={arXiv preprint arXiv:1911.12436},
  year={2019}
}

@article{shaikh2023new,
  title={A new approach to seasonal energy consumption forecasting using temporal convolutional networks},
  author={Shaikh, Abdul Khalique and Nazir, Amril and Khalique et al.},
  journal={Results in Engineering},
  year={2023},
  publisher={Elsevier}
}
@article{li2023short,
  title={Short-term electrical load forecasting using hybrid model of manta ray foraging optimization and support vector regression},
  author={Li, Siwei and Kong, Xiangyu and Yue, Liang and Liu, Chang and Khan, Muhammad Ahmad and Yang, Zhiduan and Zhang, Honghui},
  journal={Journal of Cleaner Production},
  year={2023},
  publisher={Elsevier}
}
@article{li2023novel,
  title={A novel hybrid model for building heat load forecasting based on multivariate Empirical modal decomposition},
  author={Li, Yiran and Zhu, Neng and Hou, Yingzhen},
  journal={Building and Environment},
  year={2023},
  publisher={Elsevier}
}
@article{huang2023explainable,
  title={Explainable district heat load forecasting with active deep learning},
  author={Huang, Yaohui and Zhao, Yuan and Wang, Zhijin and Liu, Xiufeng and Liu, Hanjing and Fu, Yonggang},
  journal={Applied Energy},
  volume={350},
  pages={121753},
  year={2023},
  publisher={Elsevier}
}
@article{chauhan2023brief,
  title={A Brief Review of Hypernetworks in Deep Learning},
  author={Chauhan, Vinod Kumar and Zhou, Jiandong and Lu, Ping and Molaei, Soheila and Clifton, David A},
  journal={arXiv preprint arXiv:2306.06955},
  year={2023}
}


@inproceedings{tan2018survey,
  title={A survey on deep transfer learning},
  author={Tan, Chuanqi and Sun, Fuchun and Kong, Tao and Zhang, Wenchang and Yang, Chao and Liu, Chunfang},
  booktitle={International Conference on Artificial Neural Networks and Machine Learning},
  pages={270--279},
  year={2018}
  
}
@article{kaur2020energy,
  title={Energy forecasting in smart grid systems: A review of the state-of-the-art techniques},
  author={Kaur, Devinder and Islam, Shama Naz and Mahmud, Md Apel and Haque, Md Enamul and Dong, ZhaoYang},
  journal={arXiv preprint arXiv:2011.12598},
  year={2020}
}
@article{ahmad2020towards,
  title={Towards short term electricity load forecasting using improved support vector machine and extreme learning machine},
  author={Ahmad, Waqas and Ayub, Nasir and Ali, Tariq and Irfan, Muhammad and Awais et al.},
  journal={Energies},
  year={2020},
  publisher={MDPI}
}
@inproceedings{zhang2018forecasting,
  title={Forecasting Residential Energy Consumption Using Support Vector Regressions},
  author={Zhang, X and Grolinger, Katarina and Capretz, Miriam AM},
  booktitle={Proceedings of the IEEE International Conference on Machine Learning and Applications, Orlando, FL, USA},
  year={2018}
}
@article{li2021survey,
  title={A survey of convolutional neural networks: analysis, applications, and prospects},
  author={Li, Zewen and Liu, Fan and Yang, Wenjie and Peng, Shouheng and Zhou, Jun},
  journal={IEEE transactions on neural networks and learning systems},
  year={2021},
  publisher={IEEE}
}
@article{madhukumar2022regression,
  title={Regression model-based short-term load forecasting for university campus load},
  author={Madhukumar, Mithun and Sebastian, Albino and Liang, Xiaodong and Jamil, Mohsin and Shabbir, Md Nasmus Sakib Khan},
  journal={IEEE Access},
  year={2022},
  publisher={IEEE}}
@article{oreshkin2021n,
  title={N-BEATS neural network for mid-term electricity load forecasting},
  author={Oreshkin, Boris N and Dudek, Grzegorz and  and Turkina, Ekaterina},
  journal={Applied Energy},
  year={2021},
  publisher={Elsevier}}
@inproceedings{thiruloga2022tenet,
  title={TENET: Temporal CNN with attention for anomaly detection in automotive cyber-physical systems},
  author={Thiruloga, Sooryaa Vignesh and Kukkala, Vipin Kumar and Pasricha, Sudeep},
  booktitle={27th IEEE Asia and South Pacific Design Automation Conference},
  year={2022}
}
@article{wu2022memorizing,
  title={Memorizing transformers},
  author={Wu, Yuhuai and Rabe, Markus N and Hutchins, DeLesley and Szegedy, Christian},
  journal={arXiv preprint arXiv:2203.08913},
  year={2022}
}
@article{ha2017freedom,
  title={Freedom of Information Law Comes to Vietnam: How Do Human Rights Adapt to Goals of Economic Development and Political Stability?},
  author={Ha, Dang Trung and Phuong, Do Lan},
  journal={Austl. J. Asian L.},
  year={2017},
  publisher={HeinOnline}
}
@inproceedings{schmidhuber1993self,
  title={A ‘self-referential’weight matrix},
  author={Schmidhuber, J{\"u}rgen},
  booktitle={International Conference on Artificial Neural Networks},
  year={1993}
}
@inproceedings{li2020dhp,
  title={Dhp: Differentiable meta pruning via hypernetworks},
  author={Li, Yawei and Gu, Shuhang and Zhang, Kai and Van Gool, Luc and Timofte, Radu},
  booktitle={16th European Conference on Computer Vision},
  year={2020}
}
@article{meyerson2019modular,
  title={Modular universal reparameterization: Deep multi-task learning across diverse domains},
  author={Meyerson, Elliot and Miikkulainen, Risto},
  journal={Advances in Neural Information Processing Systems},
  year={2019}
}
@inproceedings{klocek2019hypernetwork,
  title={Hypernetwork functional image representation},
  author={Klocek, Sylwester and Maziarka, {\L}ukasz and Wo{\l}czyk, Maciej and Tabor, Jacek and Nowak, Jakub and {\'S}mieja, Marek},
  booktitle={International Conference on Artificial Neural Networks},
  year={2019}
}

@inproceedings{ratzlaff2019hypergan,
  title={Hypergan: A generative model for diverse, performant neural networks},
  author={Ratzlaff, Neale and Fuxin, Li},
  booktitle={International Conference on Machine Learning},
  year={2019}
}


@ARTICLE{Miller2020-yc,
  title     = "The Building Data Genome Project 2, energy meter data from the
               {ASHRAE} Great Energy Predictor {III} competition",
  author    = "Miller, Clayton and Kathirgamanathan, Anjukan and Picchetti et al.",
  journal   = "Scientific Data",
  publisher = "Nature Publishing Group",
}

