@article{njor2023data,
  title={Data aware neural architecture search},
  author={Njor, Emil and Madsen, Jan and Fafoutis, Xenofon},
  journal={arXiv preprint arXiv:2304.01821},
  year={2023}
}

@article{lin2020mcunet,
  title={Mcunet: Tiny deep learning on iot devices},
  author={Lin, Ji and Chen, Wei-Ming and Lin, Yujun and Gan, Chuang and Han, Song and others},
  journal={Advances in neural information processing systems},
  volume={33},
  pages={11711--11722},
  year={2020}
}
@article{banbury2021micronets,
  title={Micronets: Neural network architectures for deploying tinyml applications on commodity microcontrollers},
  author={Banbury, Colby and Zhou, Chuteng and Fedorov, Igor and Matas, Ramon and Thakker, Urmish and Gope, Dibakar and Janapa Reddi, Vijay and Mattina, Matthew and Whatmough, Paul},
  journal={Proceedings of machine learning and systems},
  volume={3},
  pages={517--532},
  year={2021}
}
@inproceedings{tan2019mnasnet,
  title={Mnasnet: Platform-aware neural architecture search for mobile},
  author={Tan, Mingxing and Chen, Bo and Pang, Ruoming and Vasudevan, Vijay and Sandler, Mark and Howard, Andrew and Le, Quoc V},
  booktitle={Proceedings of the IEEE/CVF conference on computer vision and pattern recognition},
  pages={2820--2828},
  year={2019}
}

@inproceedings{sandler2018mobilenetv2,
  title={Mobilenetv2: Inverted residuals and linear bottlenecks},
  author={Sandler, Mark and Howard, Andrew and Zhu, Menglong and Zhmoginov, Andrey and Chen, Liang-Chieh},
  booktitle={Proceedings of the IEEE conference on computer vision and pattern recognition},
  pages={4510--4520},
  year={2018}
}

@article{zhang2017hello,
  title={Hello edge: Keyword spotting on microcontrollers},
  author={Zhang, Yundong and Suda, Naveen and Lai, Liangzhen and Chandra, Vikas},
  journal={arXiv preprint arXiv:1711.07128},
  year={2017}
}

@article{fedorov2019sparse,
  title={Sparse: Sparse architecture search for cnns on resource-constrained microcontrollers},
  author={Fedorov, Igor and Adams, Ryan P and Mattina, Matthew and Whatmough, Paul},
  journal={Advances in Neural Information Processing Systems},
  volume={32},
  year={2019}
}

@misc{ITU_tinyml_2024,
  author       = {{International Telecommunication Union}},
  title        = {tinyML Smart Weather Station Challenge 2024: The Next Generation Returns},
  year         = {2024},
  url          = {https://aiforgood.itu.int/event/tinyml-smart-weather-station-challenge-2024-the-next-generation-returns/},
  note         = {Accessed: 2024-10-10}
}

@inproceedings{njor2022primer,
  title={A primer for tinyml predictive maintenance: Input and model optimisation},
  author={Njor, Emil and Madsen, Jan and Fafoutis, Xenofon},
  booktitle={IFIP International Conference on Artificial Intelligence Applications and Innovations},
  pages={67--78},
  year={2022},
  organization={Springer}
}

@inproceedings{tsoukas2021review,
  title={A review of machine learning and tinyml in healthcare},
  author={Tsoukas, Vasileios and Boumpa, Eleni and Giannakas, Georgios and Kakarountas, Athanasios},
  booktitle={Proceedings of the 25th Pan-Hellenic Conference on Informatics},
  pages={69--73},
  year={2021}
}

@article{benmeziane2021comprehensive,
  title={A comprehensive survey on hardware-aware neural architecture search},
  author={Benmeziane, Hadjer and Maghraoui, Kaoutar El and Ouarnoughi, Hamza and Niar, Smail and Wistuba, Martin and Wang, Naigang},
  journal={arXiv preprint arXiv:2101.09336},
  year={2021}
}

@article{banbury2024wake,
  title={Wake Vision: A Large-scale, Diverse Dataset and Benchmark Suite for TinyML Person Detection},
  author={Banbury, Colby and Njor, Emil and Stewart, Matthew and Warden, Pete and Kudlur, Manjunath and Jeffries, Nat and Fafoutis, Xenofon and Reddi, Vijay Janapa},
  journal={arXiv preprint arXiv:2405.00892},
  year={2024}
}

@misc{arduino-nano,
  author = {Arduino},
  title  = {Nano 33 BLE Sense},
  url    = {https://docs.arduino.cc/hardware/nano-33-ble-sense},
  year   = {2024}
}

@inproceedings{koizumi2019toyadmos,
  title={ToyADMOS: A dataset of miniature-machine operating sounds for anomalous sound detection},
  author={Koizumi, Yuma and Saito, Shoichiro and Uematsu, Hisashi and Harada, Noboru and Imoto, Keisuke},
  booktitle={2019 IEEE Workshop on Applications of Signal Processing to Audio and Acoustics (WASPAA)},
  pages={313--317},
  year={2019},
  organization={IEEE}
}

@article{banbury2021mlperf,
 author = {Banbury, Colby and Janapa Reddi, Vijay and Torelli, Peter and Jeffries, Nat and Kiraly, Csaba and Holleman, Jeremy and Montino, Pietro and Kanter, David and Warden, Pete and Pau, Danilo and Thakker, Urmish and torrini, antonio and cordaro, jay and Di Guglielmo, Giuseppe and Duarte, Javier and Tran, Honson and Tran, Nhan and wenxu, niu and xuesong, xu},
 journal = {Proceedings of the Neural Information Processing Systems Track on Datasets and Benchmarks},
 editor = {J. Vanschoren and S. Yeung},
 pages = {},
 title = {MLPerf Tiny Benchmark},
 url = {https://datasets-benchmarks-proceedings.neurips.cc/paper\_files/paper/2021/file/da4fb5c6e93e74d3df8527599fa62642-Paper-round1.pdf},
 volume = {1},
 year = {2021}
}

@inproceedings{wan2020fbnetv2,
  title={Fbnetv2: Differentiable neural architecture search for spatial and channel dimensions},
  author={Wan, Alvin and Dai, Xiaoliang and Zhang, Peizhao and He, Zijian and Tian, Yuandong and Xie, Saining and Wu, Bichen and Yu, Matthew and Xu, Tao and Chen, Kan and others},
  booktitle={Proceedings of the IEEE/CVF conference on computer vision and pattern recognition},
  pages={12965--12974},
  year={2020}
}

@article{garavagno2024colabnas,
  title={ColabNAS: Obtaining lightweight task-specific convolutional neural networks following Occamâ€™s razor},
  author={Garavagno, Andrea Mattia and Leonardis, Daniele and Frisoli, Antonio},
  journal={Future Generation Computer Systems},
  volume={152},
  pages={152--159},
  year={2024},
  publisher={Elsevier}
}

@inproceedings{gambella2022cnas,
  title={CNAS: Constrained Neural Architecture Search},
  author={Gambella, Matteo and Falcetta, Alessandro and Roveri, Manuel},
  booktitle={2022 IEEE International Conference on Systems, Man, and Cybernetics (SMC)},
  pages={2918--2923},
  year={2022},
  organization={IEEE}
}

@article{cai2018proxylessnas,
  title={Proxylessnas: Direct neural architecture search on target task and hardware},
  author={Cai, Han and Zhu, Ligeng and Han, Song},
  journal={arXiv preprint arXiv:1812.00332},
  year={2018}
}

@article{njor2024holistic,
  title={A Holistic Review of the TinyML Stack for Predictive Maintenance},
  author={Njor, Emil and Hasanpour, Mohammad Amin and Madsen, Jan and Fafoutis, Xenofon},
  journal={IEEE Access},
  year={2024},
  publisher={IEEE}
}

@article{saha2022machine,
  title={Machine learning for microcontroller-class hardware: A review},
  author={Saha, Swapnil Sayan and Sandha, Sandeep Singh and Srivastava, Mani},
  journal={IEEE Sensors Journal},
  volume={22},
  number={22},
  pages={21362--21390},
  year={2022},
  publisher={IEEE}
}

@inproceedings{
zoph2017neural,
title={Neural Architecture Search with Reinforcement Learning},
author={Barret Zoph and Quoc Le},
booktitle={International Conference on Learning Representations},
year={2017},
url={https://openreview.net/forum?id=r1Ue8Hcxg}
}

@inproceedings{zoph2018learning,
  title={Learning transferable architectures for scalable image recognition},
  author={Zoph, Barret and Vasudevan, Vijay and Shlens, Jonathon and Le, Quoc V},
  booktitle={Proceedings of the IEEE conference on computer vision and pattern recognition},
  pages={8697--8710},
  year={2018}
}

@inproceedings{ying2019bench,
  title={Nas-bench-101: Towards reproducible neural architecture search},
  author={Ying, Chris and Klein, Aaron and Christiansen, Eric and Real, Esteban and Murphy, Kevin and Hutter, Frank},
  booktitle={International conference on machine learning},
  pages={7105--7114},
  year={2019},
  organization={PMLR}
}

@inproceedings{
brock2018smash,
title={{SMASH}: One-Shot Model Architecture Search through HyperNetworks},
author={Andrew Brock and Theo Lim and J.M. Ritchie and Nick Weston},
booktitle={International Conference on Learning Representations},
year={2018},
url={https://openreview.net/forum?id=rydeCEhs-},
}

@inproceedings{
liu2018darts,
title={{DARTS}: Differentiable Architecture Search},
author={Hanxiao Liu and Karen Simonyan and Yiming Yang},
booktitle={International Conference on Learning Representations},
year={2019},
url={https://openreview.net/forum?id=S1eYHoC5FX},
}

@inproceedings{real2017large,
  title={Large-scale evolution of image classifiers},
  author={Real, Esteban and Moore, Sherry and Selle, Andrew and Saxena, Saurabh and Suematsu, Yutaka Leon and Tan, Jie and Le, Quoc V and Kurakin, Alexey},
  booktitle={International conference on machine learning},
  pages={2902--2911},
  year={2017},
  organization={PMLR}
}

@inproceedings{mocerino2019coopnet,
  title={CoopNet: Cooperative convolutional neural network for low-power MCUs},
  author={Mocerino, Luca and Calimera, Andrea},
  booktitle={2019 26th IEEE International Conference on Electronics, Circuits and Systems (ICECS)},
  pages={414--417},
  year={2019},
  organization={IEEE}
}

@inproceedings{liberis2021munas,
  title={$\mu$nas: Constrained neural architecture search for microcontrollers},
  author={Liberis, Edgar and Dudziak, {\L}ukasz and Lane, Nicholas D},
  booktitle={Proceedings of the 1st Workshop on Machine Learning and Systems},
  pages={70--79},
  year={2021}
}

@article{mazumder2023dataperf,
  title={Dataperf: Benchmarks for data-centric ai development},
  author={Mazumder, Mark and Banbury, Colby and Yao, Xiaozhe and Karla{\v{s}}, Bojan and Gaviria Rojas, William and Diamos, Sudnya and Diamos, Greg and He, Lynn and Parrish, Alicia and Kirk, Hannah Rose and others},
  journal={Advances in Neural Information Processing Systems},
  volume={36},
  pages={5320--5347},
  year={2023}
}

@inproceedings{ratner2017snorkel,
  title={Snorkel: Rapid training data creation with weak supervision},
  author={Ratner, Alexander and Bach, Stephen H and Ehrenberg, Henry and Fries, Jason and Wu, Sen and R{\'e}, Christopher},
  booktitle={Proceedings of the VLDB endowment. International conference on very large data bases},
  volume={11(3)},
  pages={269},
  year={2017},
  organization={NIH Public Access}
}

@article{northcutt2021confident,
  title={Confident learning: Estimating uncertainty in dataset labels},
  author={Northcutt, Curtis and Jiang, Lu and Chuang, Isaac},
  journal={Journal of Artificial Intelligence Research},
  volume={70},
  pages={1373--1411},
  year={2021}
}

@article{settles2009active,
  title={Active learning literature survey},
  author={Settles, Burr},
  year={2009},
  publisher={University of Wisconsin-Madison Department of Computer Sciences}
}

