@article{banbury2021micronets,
  title={Micronets: Neural network architectures for deploying tinyml applications on commodity microcontrollers},
  author={Banbury, Colby and Zhou, Chuteng and Fedorov, Igor and Matas, Ramon and Thakker, Urmish and Gope, Dibakar and Janapa Reddi, Vijay and Mattina, Matthew and Whatmough, Paul},
  journal={Proceedings of machine learning and systems},
  volume={3},
  pages={517--532},
  year={2021}
}

@article{fedorov2019sparse,
  title={Sparse: Sparse architecture search for cnns on resource-constrained microcontrollers},
  author={Fedorov, Igor and Adams, Ryan P and Mattina, Matthew and Whatmough, Paul},
  journal={Advances in Neural Information Processing Systems},
  volume={32},
  year={2019}
}

@inproceedings{gambella2022cnas,
  title={CNAS: Constrained Neural Architecture Search},
  author={Gambella, Matteo and Falcetta, Alessandro and Roveri, Manuel},
  booktitle={2022 IEEE International Conference on Systems, Man, and Cybernetics (SMC)},
  pages={2918--2923},
  year={2022},
  organization={IEEE}
}

@inproceedings{liberis2021munas,
  title={$\mu$nas: Constrained neural architecture search for microcontrollers},
  author={Liberis, Edgar and Dudziak, {\L}ukasz and Lane, Nicholas D},
  booktitle={Proceedings of the 1st Workshop on Machine Learning and Systems},
  pages={70--79},
  year={2021}
}

@article{lin2020mcunet,
  title={Mcunet: Tiny deep learning on iot devices},
  author={Lin, Ji and Chen, Wei-Ming and Lin, Yujun and Gan, Chuang and Han, Song and others},
  journal={Advances in neural information processing systems},
  volume={33},
  pages={11711--11722},
  year={2020}
}

@article{mazumder2023dataperf,
  title={Dataperf: Benchmarks for data-centric ai development},
  author={Mazumder, Mark and Banbury, Colby and Yao, Xiaozhe and Karla{\v{s}}, Bojan and Gaviria Rojas, William and Diamos, Sudnya and Diamos, Greg and He, Lynn and Parrish, Alicia and Kirk, Hannah Rose and others},
  journal={Advances in Neural Information Processing Systems},
  volume={36},
  pages={5320--5347},
  year={2023}
}

@inproceedings{mocerino2019coopnet,
  title={CoopNet: Cooperative convolutional neural network for low-power MCUs},
  author={Mocerino, Luca and Calimera, Andrea},
  booktitle={2019 26th IEEE International Conference on Electronics, Circuits and Systems (ICECS)},
  pages={414--417},
  year={2019},
  organization={IEEE}
}

@article{njor2023data,
  title={Data aware neural architecture search},
  author={Njor, Emil and Madsen, Jan and Fafoutis, Xenofon},
  journal={arXiv preprint arXiv:2304.01821},
  year={2023}
}

@article{northcutt2021confident,
  title={Confident learning: Estimating uncertainty in dataset labels},
  author={Northcutt, Curtis and Jiang, Lu and Chuang, Isaac},
  journal={Journal of Artificial Intelligence Research},
  volume={70},
  pages={1373--1411},
  year={2021}
}

@inproceedings{ratner2017snorkel,
  title={Snorkel: Rapid training data creation with weak supervision},
  author={Ratner, Alexander and Bach, Stephen H and Ehrenberg, Henry and Fries, Jason and Wu, Sen and R{\'e}, Christopher},
  booktitle={Proceedings of the VLDB endowment. International conference on very large data bases},
  volume={11(3)},
  pages={269},
  year={2017},
  organization={NIH Public Access}
}

@inproceedings{real2017large,
  title={Large-scale evolution of image classifiers},
  author={Real, Esteban and Moore, Sherry and Selle, Andrew and Saxena, Saurabh and Suematsu, Yutaka Leon and Tan, Jie and Le, Quoc V and Kurakin, Alexey},
  booktitle={International conference on machine learning},
  pages={2902--2911},
  year={2017},
  organization={PMLR}
}

@inproceedings{sandler2018mobilenetv2,
  title={Mobilenetv2: Inverted residuals and linear bottlenecks},
  author={Sandler, Mark and Howard, Andrew and Zhu, Menglong and Zhmoginov, Andrey and Chen, Liang-Chieh},
  booktitle={Proceedings of the IEEE conference on computer vision and pattern recognition},
  pages={4510--4520},
  year={2018}
}

@article{settles2009active,
  title={Active learning literature survey},
  author={Settles, Burr},
  year={2009},
  publisher={University of Wisconsin-Madison Department of Computer Sciences}
}

@inproceedings{ying2019bench,
  title={Nas-bench-101: Towards reproducible neural architecture search},
  author={Ying, Chris and Klein, Aaron and Christiansen, Eric and Real, Esteban and Murphy, Kevin and Hutter, Frank},
  booktitle={International conference on machine learning},
  pages={7105--7114},
  year={2019},
  organization={PMLR}
}

@article{zhang2017hello,
  title={Hello edge: Keyword spotting on microcontrollers},
  author={Zhang, Yundong and Suda, Naveen and Lai, Liangzhen and Chandra, Vikas},
  journal={arXiv preprint arXiv:1711.07128},
  year={2017}
}

@inproceedings{zoph2018learning,
  title={Learning transferable architectures for scalable image recognition},
  author={Zoph, Barret and Vasudevan, Vijay and Shlens, Jonathon and Le, Quoc V},
  booktitle={Proceedings of the IEEE conference on computer vision and pattern recognition},
  pages={8697--8710},
  year={2018}
}

