@ARTICLE{10379488,
  author={Das, Sarmistha and Singh, Apoorva and Saha, Sriparna and Maurya, Alka},
  journal={IEEE Transactions on Computational Social Systems}, 
  title={Negative Review or Complaint? Exploring Interpretability in Financial Complaints}, 
  year={2024},
  volume={},
  number={},
  pages={1-10},
  doi={10.1109/TCSS.2023.3338357}}

@misc{Complaints,
    title = {Sebi resolves 2,838 complaints through SCORES platform in March},
    author = {{Indiatimes}},
    howpublished ={\url{https://economictimes.indiatimes.com/markets/stocks/news/sebi-resolves-2838-complaints-through-scores-platform-in-march/articleshow/99411092.cms?from=mdr}},
    note = {Accessed: Apr 11, 2023}
}

@inproceedings{DBLP:conf/acl/Preotiuc-Pietro19a,
  author    = {Daniel Preotiuc{-}Pietro and
               Mihaela Gaman and
               Nikolaos Aletras},
  editor    = {Anna Korhonen and
               David R. Traum and
               Llu{\'{\i}}s M{\`{a}}rquez},
  title     = {Automatically Identifying Complaints in Social Media},
  booktitle = {Proceedings of the 57th Conference of the Association for Computational
               Linguistics, {ACL} 2019, Florence, Italy, July 28- August 2, 2019,
               Volume 1: Long Papers},
  pages     = {5008--5019},
  publisher = {Association for Computational Linguistics},
  year      = {2019},
  url       = {https://doi.org/10.18653/v1/p19-1495},
  doi       = {10.18653/v1/p19-1495},
  timestamp = {Tue, 28 Jan 2020 10:27:46 +0100},
  biburl    = {https://dblp.org/rec/conf/acl/Preotiuc-Pietro19a.bib},
  bibsource = {dblp computer science bibliography, https://dblp.org}
}

@inproceedings{das2023let,
  title={Let the Model Make Financial Senses: A Text2Text Generative Approach for Financial Complaint Identification},
  author={Das, Sarmistha and Singh, Apoorva and Jain, Raghav and Saha, Sriparna and Maurya, Alka},
  booktitle={Pacific-Asia Conference on Knowledge Discovery and Data Mining},
  pages={58--69},
  year={2023},
  organization={Springer}
}

@article{jenkins1979levels,
  title={Levels of Intensity of Dissatisfaction: A Model.},
  author={Jenkins, William M and Cangemi, Joseph P},
  journal={Education},
  volume={99},
  number={4},
  year={1979}
}

@article{jin2021modeling,
  title={Modeling the severity of complaints in social media},
  author={Jin, Mali and Aletras, Nikolaos},
  journal={arXiv preprint arXiv:2103.12428},
  year={2021}
}

@inproceedings{li2016conditional,
  title={Conditional graphical lasso for multi-label image classification},
  author={Li, Qiang and Qiao, Maoying and Bian, Wei and Tao, Dacheng},
  booktitle={Proceedings of the IEEE Conference on Computer Vision and Pattern Recognition},
  pages={2977--2986},
  year={2016}
}

@inproceedings{lin2018nextvlad,
  title={Nextvlad: An efficient neural network to aggregate frame-level features for large-scale video classification},
  author={Lin, Rongcheng and Xiao, Jing and Fan, Jianping},
  booktitle={Proceedings of the European Conference on Computer Vision (ECCV) Workshops},
  pages={0--0},
  year={2018}
}

@article{liu2021cma,
  title={Cma-clip: Cross-modality attention clip for image-text classification},
  author={Liu, Huidong and Xu, Shaoyuan and Fu, Jinmiao and Liu, Yang and Xie, Ning and Wang, Chien-Chih and Wang, Bryan and Sun, Yi},
  journal={arXiv preprint arXiv:2112.03562},
  year={2021}
}

@incollection{olshtain198710,
  title={10. Complaints: A study of speech act behavior among native and non-native speakers of Hebrew},
  author={Olshtain, Elite and Weinbach, Liora},
  booktitle={The pragmatic perspective},
  pages={195},
  year={1987},
  publisher={John Benjamins}
}

@article{poria2018meld,
  title={Meld: A multimodal multi-party dataset for emotion recognition in conversations},
  author={Poria, Soujanya and Hazarika, Devamanyu and Majumder, Navonil and Naik, Gautam and Cambria, Erik and Mihalcea, Rada},
  journal={arXiv preprint arXiv:1810.02508},
  year={2018}
}

@article{radford2019language,
  title={Language models are unsupervised multitask learners},
  author={Radford, Alec and Wu, Jeffrey and Child, Rewon and Luan, David and Amodei, Dario and Sutskever, Ilya and others},
  journal={OpenAI blog},
  volume={1},
  number={8},
  pages={9},
  year={2019}
}

@article{reiter2023global,
  title={Global Expectations, Local Realities: All-Inclusive Hotel Reviews and Responses on TripAdvisor},
  author={Reiter, Rosina M{\'a}rquez and Downing, Raquel Hidalgo and Iveson, Mandie},
  journal={Contrastive Pragmatics},
  volume={1},
  number={aop},
  pages={1--33},
  year={2023},
  publisher={Brill}
}

@inproceedings{roy2021attribute,
  title={Attribute value generation from product title using language models},
  author={Roy, Kalyani and Goyal, Pawan and Pandey, Manish},
  booktitle={Proceedings of The 4th Workshop on e-Commerce and NLP},
  pages={13--17},
  year={2021}
}

@inproceedings{saha2021towards,
  title={Towards sentiment and emotion aided multi-modal speech act classification in twitter},
  author={Saha, Tulika and Upadhyaya, Apoorva and Saha, Sriparna and Bhattacharyya, Pushpak},
  booktitle={Proceedings of the 2021 conference of the North American chapter of the association for computational linguistics: Human language technologies},
  pages={5727--5737},
  year={2021}
}

@inproceedings{singh2022adversarial,
  title={Adversarial Multi-task Model for Emotion, Sentiment, and Sarcasm Aided Complaint Detection},
  author={Singh, Apoorva and Nazir, Arousha and Saha, Sriparna},
  booktitle={Advances in Information Retrieval: 44th European Conference on IR Research, ECIR 2022, Stavanger, Norway, April 10--14, 2022, Proceedings, Part I},
  pages={428--442},
  year={2022},
  organization={Springer}
}

@inproceedings{singh2022sentiment,
  title={Sentiment and emotion-aware multi-modal complaint identification},
  author={Singh, Apoorva and Dey, Soumyodeep and Singha, Anamitra and Saha, Sriparna},
  booktitle={Proceedings of the AAAI Conference on Artificial Intelligence},
  volume={36},
  number={11},
  pages={12163--12171},
  year={2022}
}

@inproceedings{singh2023knowing,
  title={Knowing What and How: A Multi-modal Aspect-Based Framework for Complaint Detection},
  author={Singh, Apoorva and Gangwar, Vivek and Sharma, Shubham and Saha, Sriparna},
  booktitle={European Conference on Information Retrieval},
  pages={125--140},
  year={2023},
  organization={Springer}
}

@book{trosborg2011interlanguage,
  title={Interlanguage pragmatics: Requests, complaints, and apologies},
  author={Trosborg, Anna},
  volume={7},
  year={2011},
  publisher={Walter de Gruyter}
}

@inproceedings{wang2016cnn,
  title={Cnn-rnn: A unified framework for multi-label image classification},
  author={Wang, Jiang and Yang, Yi and Mao, Junhua and Huang, Zhiheng and Huang, Chang and Xu, Wei},
  booktitle={Proceedings of the IEEE conference on computer vision and pattern recognition},
  pages={2285--2294},
  year={2016}
}

