@article{turing1950computing,
    author = {Turing, Alan M.},
    title = {Computing Machinery and Intelligence},
    journal = {Mind},
    volume = {LIX},
    number = {236},
    pages = {433--460},
    year = {1950}
}
@misc{openai_gpt4_turbo,
    title = {GPT-4 Turbo and GPT-4},
    author = {OpenAI},
    year = {2024},
    howpublished = {\url{https://platform.openai.com/docs/models/gpt-4-turbo-and-gpt-4}},
    note = {Accessed: 2024-06-15}
}
@misc{openai_gpt4,
    title = {GPT-4},
    author = {OpenAI},
    year = {2024},
    howpublished = {\url{https://platform.openai.com/docs/models/gpt-4}},
    note = {Accessed: 2024-06-15}
}
@inproceedings{li2023blip,
  title={Blip-2: Bootstrapping language-image pre-training with frozen image encoders and large language models},
  author={Li, Junnan and Li, Dongxu and Savarese, Silvio and Hoi, Steven},
  booktitle={International conference on machine learning},
  pages={19730--19742},
  year={2023},
  organization={PMLR}
}

@article{rumelhart1986learning,
  title = {Learning Representations by Back-Propagating Errors},
  author = {Rumelhart, David E. and Hinton, Geoffrey E. and Williams, Ronald J.},
  journal = {Nature},
  volume = {323},
  number = {6088},
  pages = {533--536},
  year = {1986}
}

@inproceedings{kautz1992planning,
  title = {Planning as Satisfiability},
  author = {Kautz, Henry A. and Selman, Bart},
  booktitle = {Proceedings of the 10th European Conference on Artificial Intelligence (ECAI)},
  pages = {359--363},
  year = {1992}
}

@article{grosz1996collaborative,
  title = {Collaborative Plans for Complex Group Action},
  author = {Grosz, Barbara J. and Kraus, Sarit},
  journal = {Artificial Intelligence},
  volume = {86},
  number = {2},
  pages = {269--357},
  year = {1996}
}

@misc{perelman2002entropy,
  title = {The Entropy Formula for the {R}icci Flow and its Geometric Applications}, 
  author = {Grisha Perelman},
  howpublished = {Preprint arXiv:math/0211159},
  year = {2002}
}

@book{pearl2009causality,
  title = {Causality},
  author = {Pearl, Judea},
  publisher = {Cambridge University Press},
  year = {2009}
}

@incollection{olshtain198710,
  title={10. Complaints: A study of speech act behavior among native and non-native speakers of Hebrew},
  author={Olshtain, Elite and Weinbach, Liora},
  booktitle={The pragmatic perspective},
  pages={195},
  year={1987},
  publisher={John Benjamins}
}
@inproceedings{liu2021robustly,
  title={A Robustly Optimized BERT Pre-training Approach with Post-training},
  author={Liu, Zhuang and Lin, Wayne and Shi, Ya and Zhao, Jun},
  booktitle={China National Conference on Chinese Computational Linguistics},
  pages={471--484},
  year={2021},
  organization={Springer}
}
@inproceedings{he2016deep,
  title={Deep residual learning for image recognition},
  author={He, Kaiming and Zhang, Xiangyu and Ren, Shaoqing and Sun, Jian},
  booktitle={Proceedings of the IEEE conference on computer vision and pattern recognition},
  pages={770--778},
  year={2016}
}
@inproceedings{lailiyah2017sentiment,
  title={Sentiment analysis of public complaints using lexical resources between Indonesian sentiment lexicon and Sentiwordnet},
  author={Lailiyah, M and Sumpeno, S and Purnama, IK E},
  booktitle={2017 International Seminar on Intelligent Technology and Its Applications (ISITIA)},
  pages={307--312},
  year={2017},
  organization={IEEE}
}
@article{lu2019vilbert,
  title={Vilbert: Pretraining task-agnostic visiolinguistic representations for vision-and-language tasks},
  author={Lu, Jiasen and Batra, Dhruv and Parikh, Devi and Lee, Stefan},
  journal={Advances in neural information processing systems},
  volume={32},
  year={2019}
}
@InProceedings{pmlr-v119-zhang20ae,
  title = 	 {{PEGASUS}: Pre-training with Extracted Gap-sentences for Abstractive Summarization},
  author =       {Zhang, Jingqing and Zhao, Yao and Saleh, Mohammad and Liu, Peter},
  booktitle = 	 {Proceedings of the 37th International Conference on Machine Learning},
  pages = 	 {11328--11339},
  year = 	 {2020},
  editor = 	 {III, Hal Daumé and Singh, Aarti},
  volume = 	 {119},
  series = 	 {Proceedings of Machine Learning Research},
  month = 	 {13--18 Jul},
  publisher =    {PMLR},
  pdf = 	 {http://proceedings.mlr.press/v119/zhang20ae/zhang20ae.pdf},
  url = 	 {https://proceedings.mlr.press/v119/zhang20ae.html},
  
}
@misc{jiang2023mistral,
    title={Mistral 7B},
    author={Albert Q. Jiang and Alexandre Sablayrolles and Arthur Mensch and Chris Bamford and Devendra Singh Chaplot and Diego de las Casas and Florian Bressand and Gianna Lengyel and Guillaume Lample and Lucile Saulnier and Lélio Renard Lavaud and Marie-Anne Lachaux and Pierre Stock and Teven Le Scao and Thibaut Lavril and Thomas Wang and Timothée Lacroix and William El Sayed},
    year={2023},
    eprint={2310.06825},
    archivePrefix={arXiv},
    primaryClass={cs.CL}
}
@misc{team2023gemini,
    title={Gemini: A Family of Highly Capable Multimodal Models},
    author={Gemini Team and Rohan Anil and Sebastian Borgeaud and Yonghui Wu and Jean-Baptiste Alayrac and Jiahui Yu and Radu Soricut and Johan Schalkwyk and Andrew M. Dai and s},
    year={2023},
    eprint={2312.11805},
    archivePrefix={arXiv},
    primaryClass={cs.CL}
}
@article{DBLP:journals/corr/abs-1910-13461,
  author    = {Mike Lewis and
               Yinhan Liu and
               Naman Goyal and
               Marjan Ghazvininejad and
               Abdelrahman Mohamed and
               Omer Levy and
               Veselin Stoyanov and
               Luke Zettlemoyer},
  title     = {{BART:} Denoising Sequence-to-Sequence Pre-training for Natural Language
               Generation, Translation, and Comprehension},
  journal   = {CoRR},
  volume    = {abs/1910.13461},
  year      = {2019},
  url       = {http://arxiv.org/abs/1910.13461},
  eprinttype = {arXiv},
  eprint    = {1910.13461},
  timestamp = {Thu, 31 Oct 2019 14:02:26 +0100},
  biburl    = {https://dblp.org/rec/journals/corr/abs-1910-13461.bib},
  bibsource = {dblp computer science bibliography, https://dblp.org}
}
@article{zhang2019bertscore,
  title={Bertscore: Evaluating text generation with bert},
  author={Zhang, Tianyi and Kishore, Varsha and Wu, Felix and Weinberger, Kilian Q and Artzi, Yoav},
  journal={arXiv preprint arXiv:1904.09675},
  year={2019}
}
@inproceedings{lin2004rouge,
  title={Rouge: A package for automatic evaluation of summaries},
  author={Lin, Chin-Yew},
  booktitle={Text summarization branches out},
  pages={74--81},
  year={2004}
}
@inproceedings{papineni2002bleu,
  title={Bleu: a method for automatic evaluation of machine translation},
  author={Papineni, Kishore and Roukos, Salim and Ward, Todd and Zhu, Wei-Jing},
  booktitle={Proceedings of the 40th annual meeting of the Association for Computational Linguistics},
  pages={311--318},
  year={2002}

}
@inproceedings{singh2022adversarial,
  title={Adversarial Multi-task Model for Emotion, Sentiment, and Sarcasm Aided Complaint Detection},
  author={Singh, Apoorva and Nazir, Arousha and Saha, Sriparna},
  booktitle={Advances in Information Retrieval: 44th European Conference on IR Research, ECIR 2022, Stavanger, Norway, April 10--14, 2022, Proceedings, Part I},
  pages={428--442},
  year={2022},
  organization={Springer}
}
@article{reiter2023global,
  title={Global Expectations, Local Realities: All-Inclusive Hotel Reviews and Responses on TripAdvisor},
  author={Reiter, Rosina M{\'a}rquez and Downing, Raquel Hidalgo and Iveson, Mandie},
  journal={Contrastive Pragmatics},
  volume={1},
  number={aop},
  pages={1--33},
  year={2023},
  publisher={Brill}
}
@inproceedings{singh2023knowing,
  title={Knowing What and How: A Multi-modal Aspect-Based Framework for Complaint Detection},
  author={Singh, Apoorva and Gangwar, Vivek and Sharma, Shubham and Saha, Sriparna},
  booktitle={European Conference on Information Retrieval},
  pages={125--140},
  year={2023},
  organization={Springer}
}
@article{touvron2023llama,
  title={Llama: Open and efficient foundation language models},
  author={Touvron, Hugo and Lavril, Thibaut and Izacard, Gautier and Martinet, Xavier and Lachaux, Marie-Anne and Lacroix, Timoth{\'e}e and Rozi{\`e}re, Baptiste and Goyal, Naman and Hambro, Eric and Azhar, Faisal and others},
  journal={arXiv preprint arXiv:2302.13971},
  year={2023}
}
@article{preotiuc2019automatically,
  title={Automatically identifying complaints in social media},
  author={Preotiuc-Pietro, Daniel and Gaman, Mihaela and Aletras, Nikolaos},
  journal={arXiv preprint arXiv:1906.03890},
  year={2019}
}
@article{brown2020language,
  title={Language models are few-shot learners},
  author={Brown, Tom and Mann, Benjamin and Ryder, Nick and Subbiah, Melanie and Kaplan, Jared D and Dhariwal, Prafulla and Neelakantan, Arvind and Shyam, Pranav and Sastry, Girish and Askell, Amanda and others},
  journal={Advances in neural information processing systems},
  volume={33},
  pages={1877--1901},
  year={2020}
}
@inproceedings{li2016conditional,
  title={Conditional graphical lasso for multi-label image classification},
  author={Li, Qiang and Qiao, Maoying and Bian, Wei and Tao, Dacheng},
  booktitle={Proceedings of the IEEE Conference on Computer Vision and Pattern Recognition},
  pages={2977--2986},
  year={2016}
}
@inproceedings{wang2016cnn,
  title={Cnn-rnn: A unified framework for multi-label image classification},
  author={Wang, Jiang and Yang, Yi and Mao, Junhua and Huang, Zhiheng and Huang, Chang and Xu, Wei},
  booktitle={Proceedings of the IEEE conference on computer vision and pattern recognition},
  pages={2285--2294},
  year={2016}
}
@article{sun2020lcbm,
  title={Lcbm: a multi-view probabilistic model for multi-label classification},
  author={Sun, Shiliang and Zong, Daoming},
  journal={IEEE transactions on pattern analysis and machine intelligence},
  volume={43},
  number={8},
  pages={2682--2696},
  year={2020},
  publisher={IEEE}
}

@inproceedings{lin2018nextvlad,
  title={Nextvlad: An efficient neural network to aggregate frame-level features for large-scale video classification},
  author={Lin, Rongcheng and Xiao, Jing and Fan, Jianping},
  booktitle={Proceedings of the European Conference on Computer Vision (ECCV) Workshops},
  pages={0--0},
  year={2018}
}


@article{lewis2019bart,
  title={Bart: Denoising sequence-to-sequence pre-training for natural language generation, translation, and comprehension},
  author={Lewis, Mike and Liu, Yinhan and Goyal, Naman and Ghazvininejad, Marjan and Mohamed, Abdelrahman and Levy, Omer and Stoyanov, Ves and Zettlemoyer, Luke},
  journal={arXiv preprint arXiv:1910.13461},
  year={2019}
}
@article{raffel2020exploring,
  title={Exploring the limits of transfer learning with a unified text-to-text transformer},
  author={Raffel, Colin and Shazeer, Noam and Roberts, Adam and Lee, Katherine and Narang, Sharan and Matena, Michael and Zhou, Yanqi and Li, Wei and Liu, Peter J},
  journal={The Journal of Machine Learning Research},
  volume={21},
  number={1},
  pages={5485--5551},
  year={2020},
  publisher={JMLRORG}
}
@article{jin2021modeling,
  title={Modeling the severity of complaints in social media},
  author={Jin, Mali and Aletras, Nikolaos},
  journal={arXiv preprint arXiv:2103.12428},
  year={2021}
}
@article{coussement2008improving,
  title={Improving customer complaint management by automatic email classification using linguistic style features as predictors},
  author={Coussement, Kristof and Van den Poel, Dirk},
  journal={Decision support systems},
  volume={44},
  number={4},
  pages={870--882},
  year={2008},
  publisher={Elsevier}
}
@inproceedings{singh2022sentiment,
  title={Sentiment and emotion-aware multi-modal complaint identification},
  author={Singh, Apoorva and Dey, Soumyodeep and Singha, Anamitra and Saha, Sriparna},
  booktitle={Proceedings of the AAAI Conference on Artificial Intelligence},
  volume={36},
  number={11},
  pages={12163--12171},
  year={2022}
}
@article{poria2018meld,
  title={Meld: A multimodal multi-party dataset for emotion recognition in conversations},
  author={Poria, Soujanya and Hazarika, Devamanyu and Majumder, Navonil and Naik, Gautam and Cambria, Erik and Mihalcea, Rada},
  journal={arXiv preprint arXiv:1810.02508},
  year={2018}
}
@inproceedings{saha2021towards,
  title={Towards sentiment and emotion aided multi-modal speech act classification in twitter},
  author={Saha, Tulika and Upadhyaya, Apoorva and Saha, Sriparna and Bhattacharyya, Pushpak},
  booktitle={Proceedings of the 2021 conference of the North American chapter of the association for computational linguistics: Human language technologies},
  pages={5727--5737},
  year={2021}
}
@article{radford2019language,
  title={Language models are unsupervised multitask learners},
  author={Radford, Alec and Wu, Jeffrey and Child, Rewon and Luan, David and Amodei, Dario and Sutskever, Ilya and others},
  journal={OpenAI blog},
  volume={1},
  number={8},
  pages={9},
  year={2019}
}

@article{jenkins1979levels,
  title={Levels of Intensity of Dissatisfaction: A Model.},
  author={Jenkins, William M and Cangemi, Joseph P},
  journal={Education},
  volume={99},
  number={4},
  year={1979}
}
@article{liu2019identifying,
  title={Identifying individual expectations in service recovery through natural language processing and machine learning},
  author={Liu, Yijiang and Wan, Yinghong and Su, Xiao},
  journal={Expert Systems with Applications},
  volume={131},
  pages={288--298},
  year={2019},
  publisher={Elsevier}
}
@article{barger2016social,
  title={Social media and consumer engagement: a review and research agenda},
  author={Barger, Victor and Peltier, James W and Schultz, Don E},
  journal={Journal of Research in Interactive Marketing},
  volume={10},
  number={4},
  pages={268--287},
  year={2016},
  publisher={Emerald Group Publishing Limited}
}
@article{shammout2014impact,
  title={The impact of complaints' handling on customers' satisfaction: empirical study on commercial banks' clients in Jordan},
  author={Shammout, Mohammad Z and Haddad, Shafig I},
  journal={International Business Research},
  volume={7},
  number={11},
  pages={203},
  year={2014},
  publisher={Canadian Center of Science and Education}
}

@article{fleiss1971measuring,
  title={Measuring nominal scale agreement among many raters.},
  author={Fleiss, Joseph L},
  journal={Psychological bulletin},
  volume={76},
  number={5},
  pages={378},
  year={1971},
  publisher={American Psychological Association}
}
@article{chung2022scaling,
  title={Scaling instruction-finetuned language models},
  author={Chung, Hyung Won and Hou, Le and Longpre, Shayne and Zoph, Barret and Tay, Yi and Fedus, William and Li, Yunxuan and Wang, Xuezhi and Dehghani, Mostafa and Brahma, Siddhartha and others},
  journal={arXiv preprint arXiv:2210.11416},
  year={2022}
}
@article{shoumy2020multimodal,
  title={Multimodal big data affective analytics: A comprehensive survey using text, audio, visual and physiological signals},
  author={Shoumy, Nusrat J and Ang, Li-Minn and Seng, Kah Phooi and Rahaman, DM Motiur and Zia, Tanveer},
  journal={Journal of Network and Computer Applications},
  volume={149},
  pages={102447},
  year={2020},
  publisher={Elsevier}
}
@article{huddar2020multi,
  title={Multi-level context extraction and attention-based contextual inter-modal fusion for multimodal sentiment analysis and emotion classification},
  author={Huddar, Mahesh G and Sannakki, Sanjeev S and Rajpurohit, Vijay S},
  journal={International Journal of Multimedia Information Retrieval},
  volume={9},
  pages={103--112},
  year={2020},
  publisher={Springer}
}
@inproceedings{hazarika2018icon,
  title={Icon: Interactive conversational memory network for multimodal emotion detection},
  author={Hazarika, Devamanyu and Poria, Soujanya and Mihalcea, Rada and Cambria, Erik and Zimmermann, Roger},
  booktitle={Proceedings of the 2018 conference on empirical methods in natural language processing},
  pages={2594--2604},
  year={2018}
}

@inproceedings{lailiyah2017sentiment,
  title={Sentiment analysis of public complaints using lexical resources between Indonesian sentiment lexicon and Sentiwordnet},
  author={Lailiyah, M and Sumpeno, S and Purnama, IK E},
  booktitle={2017 International Seminar on Intelligent Technology and Its Applications (ISITIA)},
  pages={307--312},
  year={2017},
  organization={IEEE}
}

@book{trosborg2011interlanguage,
  title={Interlanguage pragmatics: Requests, complaints, and apologies},
  author={Trosborg, Anna},
  volume={7},
  year={2011},
  publisher={Walter de Gruyter}
}

@article{coussement2008improving,
  title={Improving customer complaint management by automatic email classification using linguistic style features as predictors},
  author={Coussement, Kristof and Van den Poel, Dirk},
  journal={Decision support systems},
  volume={44},
  number={4},
  pages={870--882},
  year={2008},
  publisher={Elsevier}
}
@article{jin2020complaint,
  title={Complaint identification in social media with transformer networks},
  author={Jin, Mali and Aletras, Nikolaos},
  journal={arXiv preprint arXiv:2010.10910},
  year={2020}
}
@inproceedings{bhat2017identifying,
  title={Identifying leading indicators of product recalls from online reviews using positive unlabeled learning and domain adaptation},
  author={Bhat, Shreesh and Culotta, Aron},
  booktitle={Proceedings of the International AAAI Conference on Web and Social Media},
  volume={11},
  number={1},
  pages={480--483},
  year={2017}
}
@inproceedings{das2023let,
  title={Let the Model Make Financial Senses: A Text2Text Generative Approach for Financial Complaint Identification},
  author={Das, Sarmistha and Singh, Apoorva and Jain, Raghav and Saha, Sriparna and Maurya, Alka},
  booktitle={Pacific-Asia Conference on Knowledge Discovery and Data Mining},
  pages={58--69},
  year={2023},
  organization={Springer}
}
@article{artstein2008inter,
  title={Inter-coder agreement for computational linguistics},
  author={Artstein, Ron and Poesio, Massimo},
  journal={Computational linguistics},
  volume={34},
  number={4},
  pages={555--596},
  year={2008},
  publisher={MIT Press One Rogers Street, Cambridge, MA 02142-1209, USA journals-info~…}
}
@inproceedings{kiritchenko2014nrc,
  title={NRC-Canada-2014: Detecting aspects and sentiment in customer reviews},
  author={Kiritchenko, Svetlana and Zhu, Xiaodan and Cherry, Colin and Mohammad, Saif},
  booktitle={Proceedings of the 8th international workshop on semantic evaluation (SemEval 2014)},
  pages={437--442},
  year={2014}
}
@article{tang2016aspect,
  title={Aspect level sentiment classification with deep memory network},
  author={Tang, Duyu and Qin, Bing and Liu, Ting},
  journal={arXiv preprint arXiv:1605.08900},
  year={2016}
}
@inproceedings{chen2017recurrent,
  title={Recurrent attention network on memory for aspect sentiment analysis},
  author={Chen, Peng and Sun, Zhongqian and Bing, Lidong and Yang, Wei},
  booktitle={Proceedings of the 2017 conference on empirical methods in natural language processing},
  pages={452--461},
  year={2017}
}

@inproceedings{singh2021you,
  title={Are you really complaining? A multi-task framework for complaint identification, emotion, and sentiment classification},
  author={Singh, Apoorva and Saha, Sriparna},
  booktitle={Document Analysis and Recognition--ICDAR 2021: 16th International Conference, Lausanne, Switzerland, September 5--10, 2021, Proceedings, Part II 16},
  pages={715--731},
  year={2021},
  organization={Springer}
}
@article{kiela2019supervised,
  title={Supervised multimodal bitransformers for classifying images and text},
  author={Kiela, Douwe and Bhooshan, Suvrat and Firooz, Hamed and Perez, Ethan and Testuggine, Davide},
  journal={arXiv preprint arXiv:1909.02950},
  year={2019}
}
@article{kingma2014adam,
  title={Adam: A method for stochastic optimization},
  author={Kingma, Diederik P and Ba, Jimmy},
  journal={arXiv preprint arXiv:1412.6980},
  year={2014}
}

@ARTICLE{10379488,
  author={Das, Sarmistha and Singh, Apoorva and Saha, Sriparna and Maurya, Alka},
  journal={IEEE Transactions on Computational Social Systems}, 
  title={Negative Review or Complaint? Exploring Interpretability in Financial Complaints}, 
  year={2024},
  volume={},
  number={},
  pages={1-10},
  doi={10.1109/TCSS.2023.3338357}}
@article{vaswani2017attention,
  title={Attention is all you need},
  author={Vaswani, Ashish and Shazeer, Noam and Parmar, Niki and Uszkoreit, Jakob and Jones, Llion and Gomez, Aidan N and Kaiser, {\L}ukasz and Polosukhin, Illia},
  journal={Advances in neural information processing systems},
  volume={30},
  year={2017}
}
@article{devlin2018bert,
  title={Bert: Pre-training of deep bidirectional transformers for language understanding},
  author={Devlin, Jacob and Chang, Ming-Wei and Lee, Kenton and Toutanova, Kristina},
  journal={arXiv preprint arXiv:1810.04805},
  year={2018}
}
@inproceedings{liu2020hybrid,
  title={A hybrid neural network RBERT-C based on pre-trained RoBERTa and CNN for user intent classification},
  author={Liu, Yuanxia and Liu, Hai and Wong, Leung-Pun and Lee, Lap-Kei and Zhang, Haijun and Hao, Tianyong},
  booktitle={International Conference on Neural Computing for Advanced Applications},
  pages={306--319},
  year={2020},
  organization={Springer}
}
@inproceedings{liu2021robustly,
  title={A Robustly Optimized BERT Pre-training Approach with Post-training},
  author={Liu, Zhuang and Lin, Wayne and Shi, Ya and Zhao, Jun},
  booktitle={China National Conference on Chinese Computational Linguistics},
  pages={471--484},
  year={2021},
  organization={Springer}
}
@article{shen2021much,
  title={How much can clip benefit vision-and-language tasks?},
  author={Shen, Sheng and Li, Liunian Harold and Tan, Hao and Bansal, Mohit and Rohrbach, Anna and Chang, Kai-Wei and Yao, Zhewei and Keutzer, Kurt},
  journal={arXiv preprint arXiv:2107.06383},
  year={2021}
}
@article{DBLP:journals/corr/abs-1810-04805,
  author    = {Jacob Devlin and
               Ming{-}Wei Chang and
               Kenton Lee and
               Kristina Toutanova},
  title     = {{BERT:} Pre-training of Deep Bidirectional Transformers for Language
               Understanding},
  journal   = {CoRR},
  volume    = {abs/1810.04805},
  year      = {2018},
  url       = {http://arxiv.org/abs/1810.04805},
  archivePrefix = {arXiv},
  eprint    = {1810.04805},
  timestamp = {Tue, 30 Oct 2018 20:39:56 +0100},
  biburl    = {https://dblp.org/rec/journals/corr/abs-1810-04805.bib},
  bibsource = {dblp computer science bibliography, https://dblp.org}
}


@inproceedings{DBLP:conf/acl/Preotiuc-Pietro19a,
  author    = {Daniel Preotiuc{-}Pietro and
               Mihaela Gaman and
               Nikolaos Aletras},
  editor    = {Anna Korhonen and
               David R. Traum and
               Llu{\'{\i}}s M{\`{a}}rquez},
  title     = {Automatically Identifying Complaints in Social Media},
  booktitle = {Proceedings of the 57th Conference of the Association for Computational
               Linguistics, {ACL} 2019, Florence, Italy, July 28- August 2, 2019,
               Volume 1: Long Papers},
  pages     = {5008--5019},
  publisher = {Association for Computational Linguistics},
  year      = {2019},
  url       = {https://doi.org/10.18653/v1/p19-1495},
  doi       = {10.18653/v1/p19-1495},
  timestamp = {Tue, 28 Jan 2020 10:27:46 +0100},
  biburl    = {https://dblp.org/rec/conf/acl/Preotiuc-Pietro19a.bib},
  bibsource = {dblp computer science bibliography, https://dblp.org}
}

@article{singh2023complaint,
  title={Complaint and Severity Identification From Online Financial Content},
  author={Singh, Apoorva and Bhatia, Rohan and Saha, Sriparna},
  journal={IEEE Transactions on Computational Social Systems},
  year={2023},
  publisher={IEEE}
}
@article{vasquez2011complaints,
  title={Complaints online: The case of TripAdvisor},
  author={V{\'a}squez, Camilla},
  journal={Journal of pragmatics},
  volume={43},
  number={6},
  pages={1707--1717},
  year={2011},
  publisher={Elsevier}
}
@inproceedings{jangid2018aspect,
  title={Aspect-based financial sentiment analysis using deep learning},
  author={Jangid, Hitkul and Singhal, Shivangi and Shah, Rajiv Ratn and Zimmermann, Roger},
  booktitle={Companion Proceedings of the The Web Conference 2018},
  pages={1961--1966},
  year={2018}
}
@article{consoli2022fine,
  title={Fine-grained, aspect-based sentiment analysis on economic and financial lexicon},
  author={Consoli, Sergio and Barbaglia, Luca and Manzan, Sebastiano},
  journal={Knowledge-Based Systems},
  volume={247},
  pages={108781},
  year={2022},
  publisher={Elsevier}
}
@article{al2018deep,
  title={Deep Recurrent neural network vs. support vector machine for aspect-based sentiment analysis of Arabic hotels’ reviews},
  author={Al-Smadi, Mohammad and Qawasmeh, Omar and Al-Ayyoub, Mahmoud and Jararweh, Yaser and Gupta, Brij},
  journal={Journal of computational science},
  volume={27},
  pages={386--393},
  year={2018},
  publisher={Elsevier}
}
@inproceedings{cai2019multi,
  title={Multi-modal sarcasm detection in twitter with hierarchical fusion model},
  author={Cai, Yitao and Cai, Huiyu and Wan, Xiaojun},
  booktitle={Proceedings of the 57th annual meeting of the association for computational linguistics},
  pages={2506--2515},
  year={2019}
}

@inproceedings{liu2021robustly,
  title={A Robustly Optimized BERT Pre-training Approach with Post-training},
  author={Liu, Zhuang and Lin, Wayne and Shi, Ya and Zhao, Jun},
  booktitle={China National Conference on Chinese Computational Linguistics},
  pages={471--484},
  year={2021},
  organization={Springer}
}
@inproceedings{he2016deep,
  title={Deep residual learning for image recognition},
  author={He, Kaiming and Zhang, Xiangyu and Ren, Shaoqing and Sun, Jian},
  booktitle={Proceedings of the IEEE conference on computer vision and pattern recognition},
  pages={770--778},
  year={2016}
}
@inproceedings{lailiyah2017sentiment,
  title={Sentiment analysis of public complaints using lexical resources between Indonesian sentiment lexicon and Sentiwordnet},
  author={Lailiyah, M and Sumpeno, S and Purnama, IK E},
  booktitle={2017 International Seminar on Intelligent Technology and Its Applications (ISITIA)},
  pages={307--312},
  year={2017},
  organization={IEEE}
}
@InProceedings{pmlr-v119-zhang20ae,
  title = 	 {{PEGASUS}: Pre-training with Extracted Gap-sentences for Abstractive Summarization},
  author =       {Zhang, Jingqing and Zhao, Yao and Saleh, Mohammad and Liu, Peter},
  booktitle = 	 {Proceedings of the 37th International Conference on Machine Learning},
  pages = 	 {11328--11339},
  year = 	 {2020},
  editor = 	 {III, Hal Daumé and Singh, Aarti},
  volume = 	 {119},
  series = 	 {Proceedings of Machine Learning Research},
  month = 	 {13--18 Jul},
  publisher =    {PMLR},
  pdf = 	 {http://proceedings.mlr.press/v119/zhang20ae/zhang20ae.pdf},
  url = 	 {https://proceedings.mlr.press/v119/zhang20ae.html},
  
}
@article{wu2023bloomberggpt,
  title={Bloomberggpt: A large language model for finance},
  author={Wu, Shijie and Irsoy, Ozan and Lu, Steven and Dabravolski, Vadim and Dredze, Mark and Gehrmann, Sebastian and Kambadur, Prabhanjan and Rosenberg, David and Mann, Gideon},
  journal={arXiv preprint arXiv:2303.17564},
  year={2023}
}
@article{yang2023fingpt,
  title={Fingpt: Open-source financial large language models},
  author={Yang, Hongyang and Liu, Xiao-Yang and Wang, Christina Dan},
  journal={arXiv preprint arXiv:2306.06031},
  year={2023}
}
@article{liu2021cma,
  title={Cma-clip: Cross-modality attention clip for image-text classification},
  author={Liu, Huidong and Xu, Shaoyuan and Fu, Jinmiao and Liu, Yang and Xie, Ning and Wang, Chien-Chih and Wang, Bryan and Sun, Yi},
  journal={arXiv preprint arXiv:2112.03562},
  year={2021}
}
@inproceedings{roy2021attribute,
  title={Attribute value generation from product title using language models},
  author={Roy, Kalyani and Goyal, Pawan and Pandey, Manish},
  booktitle={Proceedings of The 4th Workshop on e-Commerce and NLP},
  pages={13--17},
  year={2021}
}

@misc{team2023gemini,
    title={Gemini: A Family of Highly Capable Multimodal Models},
    author={Gemini Team and Rohan Anil and Sebastian Borgeaud and Yonghui Wu and Jean-Baptiste Alayrac and Jiahui Yu and Radu Soricut and Johan Schalkwyk and Andrew M. Dai and s},
    year={2023},
    eprint={2312.11805},
    archivePrefix={arXiv},
    primaryClass={cs.CL}
}
@article{DBLP:journals/corr/abs-1910-13461,
  author    = {Mike Lewis and
               Yinhan Liu and
               Naman Goyal and
               Marjan Ghazvininejad and
               Abdelrahman Mohamed and
               Omer Levy and
               Veselin Stoyanov and
               Luke Zettlemoyer},
  title     = {{BART:} Denoising Sequence-to-Sequence Pre-training for Natural Language
               Generation, Translation, and Comprehension},
  journal   = {CoRR},
  volume    = {abs/1910.13461},
  year      = {2019},
  url       = {http://arxiv.org/abs/1910.13461},
  eprinttype = {arXiv},
  eprint    = {1910.13461},
  timestamp = {Thu, 31 Oct 2019 14:02:26 +0100},
  biburl    = {https://dblp.org/rec/journals/corr/abs-1910-13461.bib},
  bibsource = {dblp computer science bibliography, https://dblp.org}
}
@article{zhang2019bertscore,
  title={Bertscore: Evaluating text generation with bert},
  author={Zhang, Tianyi and Kishore, Varsha and Wu, Felix and Weinberger, Kilian Q and Artzi, Yoav},
  journal={arXiv preprint arXiv:1904.09675},
  year={2019}
}
@inproceedings{lin2004rouge,
  title={Rouge: A package for automatic evaluation of summaries},
  author={Lin, Chin-Yew},
  booktitle={Text summarization branches out},
  pages={74--81},
  year={2004}
}
@inproceedings{papineni2002bleu,
  title={Bleu: a method for automatic evaluation of machine translation},
  author={Papineni, Kishore and Roukos, Salim and Ward, Todd and Zhu, Wei-Jing},
  booktitle={Proceedings of the 40th annual meeting of the Association for Computational Linguistics},
  pages={311--318},
  year={2002}

}
@article{touvron2023llama,
  title={Llama: Open and efficient foundation language models},
  author={Touvron, Hugo and Lavril, Thibaut and Izacard, Gautier and Martinet, Xavier and Lachaux, Marie-Anne and Lacroix, Timoth{\'e}e and Rozi{\`e}re, Baptiste and Goyal, Naman and Hambro, Eric and Azhar, Faisal and others},
  journal={arXiv preprint arXiv:2302.13971},
  year={2023}
}

@misc{Complaints,
    title = {Sebi resolves 2,838 complaints through SCORES platform in March},
    author = {{Indiatimes}},
    howpublished ={\url{https://economictimes.indiatimes.com/markets/stocks/news/sebi-resolves-2838-complaints-through-scores-platform-in-march/articleshow/99411092.cms?from=mdr}},
    note = {Accessed: Apr 11, 2023}
}

@article{lewis2019bart,
  title={Bart: Denoising sequence-to-sequence pre-training for natural language generation, translation, and comprehension},
  author={Lewis, Mike and Liu, Yinhan and Goyal, Naman and Ghazvininejad, Marjan and Mohamed, Abdelrahman and Levy, Omer and Stoyanov, Ves and Zettlemoyer, Luke},
  journal={arXiv preprint arXiv:1910.13461},
  year={2019}
}

@article{coussement2008improving,
  title={Improving customer complaint management by automatic email classification using linguistic style features as predictors},
  author={Coussement, Kristof and Van den Poel, Dirk},
  journal={Decision support systems},
  volume={44},
  number={4},
  pages={870--882},
  year={2008},
  publisher={Elsevier}
}

@article{liu2019identifying,
  title={Identifying individual expectations in service recovery through natural language processing and machine learning},
  author={Liu, Yijiang and Wan, Yinghong and Su, Xiao},
  journal={Expert Systems with Applications},
  volume={131},
  pages={288--298},
  year={2019},
  publisher={Elsevier}
}
@article{barger2016social,
  title={Social media and consumer engagement: a review and research agenda},
  author={Barger, Victor and Peltier, James W and Schultz, Don E},
  journal={Journal of Research in Interactive Marketing},
  volume={10},
  number={4},
  pages={268--287},
  year={2016},
  publisher={Emerald Group Publishing Limited}
}
@misc{githubGitHubUKPLabsentencetransformers,
	author = {},
	title = {{G}it{H}ub - {U}{K}{P}{L}ab/sentence-transformers: {M}ultilingual {S}entence \& {I}mage {E}mbeddings with {B}{E}{R}{T} --- github.com},
	howpublished = {\url{https://github.com/UKPLab/sentence-transformers}},
	year = {},
	note = {[Accessed 29-01-2024]},
}
@inproceedings{reimers-2019-sentence-bert,
    title = "Sentence-BERT: Sentence Embeddings using Siamese BERT-Networks",
    author = "Reimers, Nils and Gurevych, Iryna",
    booktitle = "Proceedings of the 2019 Conference on Empirical Methods in Natural Language Processing",
    month = "11",
    year = "2019",
    publisher = "Association for Computational Linguistics",
    url = "https://arxiv.org/abs/1908.10084",
}
@article{shammout2014impact,
  title={The impact of complaints' handling on customers' satisfaction: empirical study on commercial banks' clients in Jordan},
  author={Shammout, Mohammad Z and Haddad, Shafig I},
  journal={International Business Research},
  volume={7},
  number={11},
  pages={203},
  year={2014},
  publisher={Canadian Center of Science and Education}
}

@article{chung2022scaling,
  title={Scaling instruction-finetuned language models},
  author={Chung, Hyung Won and Hou, Le and Longpre, Shayne and Zoph, Barret and Tay, Yi and Fedus, William and Li, Yunxuan and Wang, Xuezhi and Dehghani, Mostafa and Brahma, Siddhartha and others},
  journal={arXiv preprint arXiv:2210.11416},
  year={2022}
}
@article{shoumy2020multimodal,
  title={Multimodal big data affective analytics: A comprehensive survey using text, audio, visual and physiological signals},
  author={Shoumy, Nusrat J and Ang, Li-Minn and Seng, Kah Phooi and Rahaman, DM Motiur and Zia, Tanveer},
  journal={Journal of Network and Computer Applications},
  volume={149},
  pages={102447},
  year={2020},
  publisher={Elsevier}
}
@article{huddar2020multi,
  title={Multi-level context extraction and attention-based contextual inter-modal fusion for multimodal sentiment analysis and emotion classification},
  author={Huddar, Mahesh G and Sannakki, Sanjeev S and Rajpurohit, Vijay S},
  journal={International Journal of Multimedia Information Retrieval},
  volume={9},
  pages={103--112},
  year={2020},
  publisher={Springer}
}
@inproceedings{hazarika2018icon,
  title={Icon: Interactive conversational memory network for multimodal emotion detection},
  author={Hazarika, Devamanyu and Poria, Soujanya and Mihalcea, Rada and Cambria, Erik and Zimmermann, Roger},
  booktitle={Proceedings of the 2018 conference on empirical methods in natural language processing},
  pages={2594--2604},
  year={2018}
}

@inproceedings{lailiyah2017sentiment,
  title={Sentiment analysis of public complaints using lexical resources between Indonesian sentiment lexicon and Sentiwordnet},
  author={Lailiyah, M and Sumpeno, S and Purnama, IK E},
  booktitle={2017 International Seminar on Intelligent Technology and Its Applications (ISITIA)},
  pages={307--312},
  year={2017},
  organization={IEEE}
}
@article{coussement2008improving,
  title={Improving customer complaint management by automatic email classification using linguistic style features as predictors},
  author={Coussement, Kristof and Van den Poel, Dirk},
  journal={Decision support systems},
  volume={44},
  number={4},
  pages={870--882},
  year={2008},
  publisher={Elsevier}
}
@article{jin2020complaint,
  title={Complaint identification in social media with transformer networks},
  author={Jin, Mali and Aletras, Nikolaos},
  journal={arXiv preprint arXiv:2010.10910},
  year={2020}
}
@inproceedings{bhat2017identifying,
  title={Identifying leading indicators of product recalls from online reviews using positive unlabeled learning and domain adaptation},
  author={Bhat, Shreesh and Culotta, Aron},
  booktitle={Proceedings of the International AAAI Conference on Web and Social Media},
  volume={11},
  number={1},
  pages={480--483},
  year={2017}
}

@article{artstein2008inter,
  title={Inter-coder agreement for computational linguistics},
  author={Artstein, Ron and Poesio, Massimo},
  journal={Computational linguistics},
  volume={34},
  number={4},
  pages={555--596},
  year={2008},
  publisher={MIT Press One Rogers Street, Cambridge, MA 02142-1209, USA journals-info~…}
}
@inproceedings{kiritchenko2014nrc,
  title={NRC-Canada-2014: Detecting aspects and sentiment in customer reviews},
  author={Kiritchenko, Svetlana and Zhu, Xiaodan and Cherry, Colin and Mohammad, Saif},
  booktitle={Proceedings of the 8th international workshop on semantic evaluation (SemEval 2014)},
  pages={437--442},
  year={2014}
}
@article{tang2016aspect,
  title={Aspect level sentiment classification with deep memory network},
  author={Tang, Duyu and Qin, Bing and Liu, Ting},
  journal={arXiv preprint arXiv:1605.08900},
  year={2016}
}
@inproceedings{chen2017recurrent,
  title={Recurrent attention network on memory for aspect sentiment analysis},
  author={Chen, Peng and Sun, Zhongqian and Bing, Lidong and Yang, Wei},
  booktitle={Proceedings of the 2017 conference on empirical methods in natural language processing},
  pages={452--461},
  year={2017}
}
@inproceedings{singh2021you,
  title={Are you really complaining? A multi-task framework for complaint identification, emotion, and sentiment classification},
  author={Singh, Apoorva and Saha, Sriparna},
  booktitle={Document Analysis and Recognition--ICDAR 2021: 16th International Conference, Lausanne, Switzerland, September 5--10, 2021, Proceedings, Part II 16},
  pages={715--731},
  year={2021},
  organization={Springer}
}
@article{kiela2019supervised,
  title={Supervised multimodal bitransformers for classifying images and text},
  author={Kiela, Douwe and Bhooshan, Suvrat and Firooz, Hamed and Perez, Ethan and Testuggine, Davide},
  journal={arXiv preprint arXiv:1909.02950},
  year={2019}
}
@article{kingma2014adam,
  title={Adam: A method for stochastic optimization},
  author={Kingma, Diederik P and Ba, Jimmy},
  journal={arXiv preprint arXiv:1412.6980},
  year={2014}
}

@article{vaswani2017attention,
  title={Attention is all you need},
  author={Vaswani, Ashish and Shazeer, Noam and Parmar, Niki and Uszkoreit, Jakob and Jones, Llion and Gomez, Aidan N and Kaiser, {\L}ukasz and Polosukhin, Illia},
  journal={Advances in neural information processing systems},
  volume={30},
  year={2017}
}
@article{devlin2018bert,
  title={Bert: Pre-training of deep bidirectional transformers for language understanding},
  author={Devlin, Jacob and Chang, Ming-Wei and Lee, Kenton and Toutanova, Kristina},
  journal={arXiv preprint arXiv:1810.04805},
  year={2018}
}
@inproceedings{liu2020hybrid,
  title={A hybrid neural network RBERT-C based on pre-trained RoBERTa and CNN for user intent classification},
  author={Liu, Yuanxia and Liu, Hai and Wong, Leung-Pun and Lee, Lap-Kei and Zhang, Haijun and Hao, Tianyong},
  booktitle={International Conference on Neural Computing for Advanced Applications},
  pages={306--319},
  year={2020},
  organization={Springer}
}
@inproceedings{liu2021robustly,
  title={A Robustly Optimized BERT Pre-training Approach with Post-training},
  author={Liu, Zhuang and Lin, Wayne and Shi, Ya and Zhao, Jun},
  booktitle={China National Conference on Chinese Computational Linguistics},
  pages={471--484},
  year={2021},
  organization={Springer}
}
@article{shen2021much,
  title={How much can clip benefit vision-and-language tasks?},
  author={Shen, Sheng and Li, Liunian Harold and Tan, Hao and Bansal, Mohit and Rohrbach, Anna and Chang, Kai-Wei and Yao, Zhewei and Keutzer, Kurt},
  journal={arXiv preprint arXiv:2107.06383},
  year={2021}
}
@article{DBLP:journals/corr/abs-1810-04805,
  author    = {Jacob Devlin and
               Ming{-}Wei Chang and
               Kenton Lee and
               Kristina Toutanova},
  title     = {{BERT:} Pre-training of Deep Bidirectional Transformers for Language
               Understanding},
  journal   = {CoRR},
  volume    = {abs/1810.04805},
  year      = {2018},
  url       = {http://arxiv.org/abs/1810.04805},
  archivePrefix = {arXiv},
  eprint    = {1810.04805},
  timestamp = {Tue, 30 Oct 2018 20:39:56 +0100},
  biburl    = {https://dblp.org/rec/journals/corr/abs-1810-04805.bib},
  bibsource = {dblp computer science bibliography, https://dblp.org}
}

@article{singh2023complaint,
  title={Complaint and Severity Identification From Online Financial Content},
  author={Singh, Apoorva and Bhatia, Rohan and Saha, Sriparna},
  journal={IEEE Transactions on Computational Social Systems},
  year={2023},
  publisher={IEEE}
}
@article{vasquez2011complaints,
  title={Complaints online: The case of TripAdvisor},
  author={V{\'a}squez, Camilla},
  journal={Journal of pragmatics},
  volume={43},
  number={6},
  pages={1707--1717},
  year={2011},
  publisher={Elsevier}
}
@inproceedings{jangid2018aspect,
  title={Aspect-based financial sentiment analysis using deep learning},
  author={Jangid, Hitkul and Singhal, Shivangi and Shah, Rajiv Ratn and Zimmermann, Roger},
  booktitle={Companion Proceedings of the The Web Conference 2018},
  pages={1961--1966},
  year={2018}
}
@article{consoli2022fine,
  title={Fine-grained, aspect-based sentiment analysis on economic and financial lexicon},
  author={Consoli, Sergio and Barbaglia, Luca and Manzan, Sebastiano},
  journal={Knowledge-Based Systems},
  volume={247},
  pages={108781},
  year={2022},
  publisher={Elsevier}
}
@article{al2018deep,
  title={Deep Recurrent neural network vs. support vector machine for aspect-based sentiment analysis of Arabic hotels’ reviews},
  author={Al-Smadi, Mohammad and Qawasmeh, Omar and Al-Ayyoub, Mahmoud and Jararweh, Yaser and Gupta, Brij},
  journal={Journal of computational science},
  volume={27},
  pages={386--393},
  year={2018},
  publisher={Elsevier}
}
@inproceedings{cai2019multi,
  title={Multi-modal sarcasm detection in twitter with hierarchical fusion model},
  author={Cai, Yitao and Cai, Huiyu and Wan, Xiaojun},
  booktitle={Proceedings of the 57th annual meeting of the association for computational linguistics},
  pages={2506--2515},
  year={2019}
}
@article{joshi2020spanbert,
  title={Spanbert: Improving pre-training by representing and predicting spans},
  author={Joshi, Mandar and Chen, Danqi and Liu, Yinhan and Weld, Daniel S and Zettlemoyer, Luke and Levy, Omer},
  journal={Transactions of the association for computational linguistics},
  volume={8},
  pages={64--77},
  year={2020},
  publisher={MIT Press One Rogers Street, Cambridge, MA 02142-1209, USA journals-info~…}
}
@article{rajpurkar2016squad,
  title={Squad: 100,000+ questions for machine comprehension of text},
  author={Rajpurkar, Pranav and Zhang, Jian and Lopyrev, Konstantin and Liang, Percy},
  journal={arXiv preprint arXiv:1606.05250},
  year={2016}
}
@article{deniz-turkish,
author = {Deniz, Emre and Erbay, Hasan and Coşar, Mustafa},
year = {2022},
month = {08},
pages = {},
title = {Multi-Label Classification of E-Commerce Customer Reviews via Machine Learning},
volume = {11},
journal = {Axioms},
doi = {10.3390/axioms11090436}
}
@article{liu2023improved,
  title={Improved baselines with visual instruction tuning},
  author={Liu, Haotian and Li, Chunyuan and Li, Yuheng and Lee, Yong Jae},
  journal={arXiv preprint arXiv:2310.03744},
  year={2023}
}

@misc{tunstall2023zephyr,
      title={Zephyr: Direct Distillation of LM Alignment}, 
      author={Lewis Tunstall and Edward Beeching and Nathan Lambert and Nazneen Rajani and Kashif Rasul and Younes Belkada and Shengyi Huang and Leandro von Werra and Clémentine Fourrier and Nathan Habib and Nathan Sarrazin and Omar Sanseviero and Alexander M. Rush and Thomas Wolf},
      year={2023},
      eprint={2310.16944},
      archivePrefix={arXiv},
      primaryClass={cs.LG}
}
@inproceedings{mohammad2018semeval,
  title={Semeval-2018 task 1: Affect in tweets},
  author={Mohammad, Saif and Bravo-Marquez, Felipe and Salameh, Mohammad and Kiritchenko, Svetlana},
  booktitle={Proceedings of the 12th international workshop on semantic evaluation},
  pages={1--17},
  year={2018}
}
@misc{Claude,
    title = {Title of the Webpage},
    author = {{Author(s)}},
    howpublished = {\url{https://www.anthropic.com/news/introducing-claude}},
    note = {Accessed: March 21, 2024}
}
@article{liu2019roberta,
  title={Roberta: A robustly optimized bert pretraining approach},
  author={Liu, Yinhan and Ott, Myle and Goyal, Naman and Du, Jingfei and Joshi, Mandar and Chen, Danqi and Levy, Omer and Lewis, Mike and Zettlemoyer, Luke and Stoyanov, Veselin},
  journal={arXiv preprint arXiv:1907.11692},
  year={2019}
}
@article{zhou2023lima,
  title={Lima: Less is more for alignment},
  author={Zhou, Chunting and Liu, Pengfei and Xu, Puxin and Iyer, Srini and Sun, Jiao and Mao, Yuning and Ma, Xuezhe and Efrat, Avia and Yu, Ping and Yu, Lili and others},
  journal={arXiv preprint arXiv:2305.11206},
  year={2023}
}

@inproceedings{liu2021robustly,
  title={A Robustly Optimized BERT Pre-training Approach with Post-training},
  author={Liu, Zhuang and Lin, Wayne and Shi, Ya and Zhao, Jun},
  booktitle={China National Conference on Chinese Computational Linguistics},
  pages={471--484},
  year={2021},
  organization={Springer}
}
@inproceedings{he2016deep,
  title={Deep residual learning for image recognition},
  author={He, Kaiming and Zhang, Xiangyu and Ren, Shaoqing and Sun, Jian},
  booktitle={Proceedings of the IEEE conference on computer vision and pattern recognition},
  pages={770--778},
  year={2016}
}
@inproceedings{lailiyah2017sentiment,
  title={Sentiment analysis of public complaints using lexical resources between Indonesian sentiment lexicon and Sentiwordnet},
  author={Lailiyah, M and Sumpeno, S and Purnama, IK E},
  booktitle={2017 International Seminar on Intelligent Technology and Its Applications (ISITIA)},
  pages={307--312},
  year={2017},
  organization={IEEE}
}

@InProceedings{pmlr-v119-zhang20ae,
  title = 	 {{PEGASUS}: Pre-training with Extracted Gap-sentences for Abstractive Summarization},
  author =       {Zhang, Jingqing and Zhao, Yao and Saleh, Mohammad and Liu, Peter},
  booktitle = 	 {Proceedings of the 37th International Conference on Machine Learning},
  pages = 	 {11328--11339},
  year = 	 {2020},
  editor = 	 {III, Hal Daumé and Singh, Aarti},
  volume = 	 {119},
  series = 	 {Proceedings of Machine Learning Research},
  month = 	 {13--18 Jul},
  publisher =    {PMLR},
  pdf = 	 {http://proceedings.mlr.press/v119/zhang20ae/zhang20ae.pdf},
  url = 	 {https://proceedings.mlr.press/v119/zhang20ae.html},
  
}
@article{wu2023bloomberggpt,
  title={Bloomberggpt: A large language model for finance},
  author={Wu, Shijie and Irsoy, Ozan and Lu, Steven and Dabravolski, Vadim and Dredze, Mark and Gehrmann, Sebastian and Kambadur, Prabhanjan and Rosenberg, David and Mann, Gideon},
  journal={arXiv preprint arXiv:2303.17564},
  year={2023}
}
@article{yang2023fingpt,
  title={Fingpt: Open-source financial large language models},
  author={Yang, Hongyang and Liu, Xiao-Yang and Wang, Christina Dan},
  journal={arXiv preprint arXiv:2306.06031},
  year={2023}
}

@misc{team2023gemini,
    title={Gemini: A Family of Highly Capable Multimodal Models},
    author={Gemini Team and Rohan Anil and Sebastian Borgeaud and Yonghui Wu and Jean-Baptiste Alayrac and Jiahui Yu and Radu Soricut and Johan Schalkwyk and Andrew M. Dai and s},
    year={2023},
    eprint={2312.11805},
    archivePrefix={arXiv},
    primaryClass={cs.CL}
}
@article{DBLP:journals/corr/abs-1910-13461,
  author    = {Mike Lewis and
               Yinhan Liu and
               Naman Goyal and
               Marjan Ghazvininejad and
               Abdelrahman Mohamed and
               Omer Levy and
               Veselin Stoyanov and
               Luke Zettlemoyer},
  title     = {{BART:} Denoising Sequence-to-Sequence Pre-training for Natural Language
               Generation, Translation, and Comprehension},
  journal   = {CoRR},
  volume    = {abs/1910.13461},
  year      = {2019},
  url       = {http://arxiv.org/abs/1910.13461},
  eprinttype = {arXiv},
  eprint    = {1910.13461},
  timestamp = {Thu, 31 Oct 2019 14:02:26 +0100},
  biburl    = {https://dblp.org/rec/journals/corr/abs-1910-13461.bib},
  bibsource = {dblp computer science bibliography, https://dblp.org}
}
@article{zhang2019bertscore,
  title={Bertscore: Evaluating text generation with bert},
  author={Zhang, Tianyi and Kishore, Varsha and Wu, Felix and Weinberger, Kilian Q and Artzi, Yoav},
  journal={arXiv preprint arXiv:1904.09675},
  year={2019}
}

@article{das2024negative,
  title={Negative Review or Complaint? Exploring Interpretability in Financial Complaints},
  author={Das, Sarmistha and Singh, Apoorva and Saha, Sriparna and Maurya, Alka},
  journal={IEEE Transactions on Computational Social Systems},
  year={2024},
  publisher={IEEE}
}
@inproceedings{singh2021you,
  title={Are you really complaining? A multi-task framework for complaint identification, emotion, and sentiment classification},
  author={Singh, Apoorva and Saha, Sriparna},
  booktitle={Document Analysis and Recognition--ICDAR 2021: 16th International Conference, Lausanne, Switzerland, September 5--10, 2021, Proceedings, Part II 16},
  pages={715--731},
  year={2021},
  organization={Springer}
}
@inproceedings{shaukat2022nlp,
  title={NLP based Model for Classification of Complaints: Autonomous and Intelligent System},
  author={Shaukat, Arslan and Saif, Usman and others},
  booktitle={2022 2nd International Conference on Digital Futures and Transformative Technologies (ICoDT2)},
  pages={1--6},
  year={2022},
  organization={IEEE}
}
@article{blumel2022comparative,
  title={Comparative analysis of classical and deep learning-based natural language processing for prioritizing customer complaints},
  author={Bl{\"u}mel, Jan and Zaki, Mohamed},
  year={2022}
}
@inproceedings{lin2004rouge,
  title={Rouge: A package for automatic evaluation of summaries},
  author={Lin, Chin-Yew},
  booktitle={Text summarization branches out},
  pages={74--81},
  year={2004}
}
@article{openai2023gpt,
  title={GPT-4 technical report},
  author={OpenAI, R},
  journal={ArXiv},
  volume={2303},
  year={2023}
}
@misc{openai_gpt4_turbo,
    title = {GPT-4 Turbo and GPT-4},
    author = {OpenAI},
    year = {2024},
    howpublished = {\url{https://platform.openai.com/docs/models/gpt-4-turbo-and-gpt-4}},
    note = {Accessed: 2024-06-15}
}

@inproceedings{papineni2002bleu,
  title={Bleu: a method for automatic evaluation of machine translation},
  author={Papineni, Kishore and Roukos, Salim and Ward, Todd and Zhu, Wei-Jing},
  booktitle={Proceedings of the 40th annual meeting of the Association for Computational Linguistics},
  pages={311--318},
  year={2002}

}


@article{touvron2023llama,
  title={Llama: Open and efficient foundation language models},
  author={Touvron, Hugo and Lavril, Thibaut and Izacard, Gautier and Martinet, Xavier and Lachaux, Marie-Anne and Lacroix, Timoth{\'e}e and Rozi{\`e}re, Baptiste and Goyal, Naman and Hambro, Eric and Azhar, Faisal and others},
  journal={arXiv preprint arXiv:2302.13971},
  year={2023}
}

@article{lewis2019bart,
  title={Bart: Denoising sequence-to-sequence pre-training for natural language generation, translation, and comprehension},
  author={Lewis, Mike and Liu, Yinhan and Goyal, Naman and Ghazvininejad, Marjan and Mohamed, Abdelrahman and Levy, Omer and Stoyanov, Ves and Zettlemoyer, Luke},
  journal={arXiv preprint arXiv:1910.13461},
  year={2019}
}

@article{coussement2008improving,
  title={Improving customer complaint management by automatic email classification using linguistic style features as predictors},
  author={Coussement, Kristof and Van den Poel, Dirk},
  journal={Decision support systems},
  volume={44},
  number={4},
  pages={870--882},
  year={2008},
  publisher={Elsevier}
}

@article{liu2019identifying,
  title={Identifying individual expectations in service recovery through natural language processing and machine learning},
  author={Liu, Yijiang and Wan, Yinghong and Su, Xiao},
  journal={Expert Systems with Applications},
  volume={131},
  pages={288--298},
  year={2019},
  publisher={Elsevier}
}
@article{barger2016social,
  title={Social media and consumer engagement: a review and research agenda},
  author={Barger, Victor and Peltier, James W and Schultz, Don E},
  journal={Journal of Research in Interactive Marketing},
  volume={10},
  number={4},
  pages={268--287},
  year={2016},
  publisher={Emerald Group Publishing Limited}
}
@misc{githubGitHubUKPLabsentencetransformers,
	author = {},
	title = {{G}it{H}ub - {U}{K}{P}{L}ab/sentence-transformers: {M}ultilingual {S}entence \& {I}mage {E}mbeddings with {B}{E}{R}{T} --- github.com},
	howpublished = {\url{https://github.com/UKPLab/sentence-transformers}},
	year = {},
	note = {[Accessed 29-01-2024]},
}
@inproceedings{reimers-2019-sentence-bert,
    title = "Sentence-BERT: Sentence Embeddings using Siamese BERT-Networks",
    author = "Reimers, Nils and Gurevych, Iryna",
    booktitle = "Proceedings of the 2019 Conference on Empirical Methods in Natural Language Processing",
    month = "11",
    year = "2019",
    publisher = "Association for Computational Linguistics",
    url = "https://arxiv.org/abs/1908.10084",
}
@article{team2024gemma,
  title={Gemma: Open models based on gemini research and technology},
  author={Team, Gemma and Mesnard, Thomas and Hardin, Cassidy and Dadashi, Robert and Bhupatiraju, Surya and Pathak, Shreya and Sifre, Laurent and Rivi{\`e}re, Morgane and Kale, Mihir Sanjay and Love, Juliette and others},
  journal={arXiv preprint arXiv:2403.08295},
  year={2024}
}
@article{shammout2014impact,
  title={The impact of complaints' handling on customers' satisfaction: empirical study on commercial banks' clients in Jordan},
  author={Shammout, Mohammad Z and Haddad, Shafig I},
  journal={International Business Research},
  volume={7},
  number={11},
  pages={203},
  year={2014},
  publisher={Canadian Center of Science and Education}
}

@article{chung2022scaling,
  title={Scaling instruction-finetuned language models},
  author={Chung, Hyung Won and Hou, Le and Longpre, Shayne and Zoph, Barret and Tay, Yi and Fedus, William and Li, Yunxuan and Wang, Xuezhi and Dehghani, Mostafa and Brahma, Siddhartha and others},
  journal={arXiv preprint arXiv:2210.11416},
  year={2022}
}
@article{shoumy2020multimodal,
  title={Multimodal big data affective analytics: A comprehensive survey using text, audio, visual and physiological signals},
  author={Shoumy, Nusrat J and Ang, Li-Minn and Seng, Kah Phooi and Rahaman, DM Motiur and Zia, Tanveer},
  journal={Journal of Network and Computer Applications},
  volume={149},
  pages={102447},
  year={2020},
  publisher={Elsevier}
}
@article{huddar2020multi,
  title={Multi-level context extraction and attention-based contextual inter-modal fusion for multimodal sentiment analysis and emotion classification},
  author={Huddar, Mahesh G and Sannakki, Sanjeev S and Rajpurohit, Vijay S},
  journal={International Journal of Multimedia Information Retrieval},
  volume={9},
  pages={103--112},
  year={2020},
  publisher={Springer}
}
@inproceedings{hazarika2018icon,
  title={Icon: Interactive conversational memory network for multimodal emotion detection},
  author={Hazarika, Devamanyu and Poria, Soujanya and Mihalcea, Rada and Cambria, Erik and Zimmermann, Roger},
  booktitle={Proceedings of the 2018 conference on empirical methods in natural language processing},
  pages={2594--2604},
  year={2018}
}

@inproceedings{lailiyah2017sentiment,
  title={Sentiment analysis of public complaints using lexical resources between Indonesian sentiment lexicon and Sentiwordnet},
  author={Lailiyah, M and Sumpeno, S and Purnama, IK E},
  booktitle={2017 International Seminar on Intelligent Technology and Its Applications (ISITIA)},
  pages={307--312},
  year={2017},
  organization={IEEE}
}

@article{coussement2008improving,
  title={Improving customer complaint management by automatic email classification using linguistic style features as predictors},
  author={Coussement, Kristof and Van den Poel, Dirk},
  journal={Decision support systems},
  volume={44},
  number={4},
  pages={870--882},
  year={2008},
  publisher={Elsevier}
}
@article{jin2020complaint,
  title={Complaint identification in social media with transformer networks},
  author={Jin, Mali and Aletras, Nikolaos},
  journal={arXiv preprint arXiv:2010.10910},
  year={2020}
}
@inproceedings{bhat2017identifying,
  title={Identifying leading indicators of product recalls from online reviews using positive unlabeled learning and domain adaptation},
  author={Bhat, Shreesh and Culotta, Aron},
  booktitle={Proceedings of the International AAAI Conference on Web and Social Media},
  volume={11},
  number={1},
  pages={480--483},
  year={2017}
}

@article{artstein2008inter,
  title={Inter-coder agreement for computational linguistics},
  author={Artstein, Ron and Poesio, Massimo},
  journal={Computational linguistics},
  volume={34},
  number={4},
  pages={555--596},
  year={2008},
  publisher={MIT Press One Rogers Street, Cambridge, MA 02142-1209, USA journals-info~…}
}
@inproceedings{kiritchenko2014nrc,
  title={NRC-Canada-2014: Detecting aspects and sentiment in customer reviews},
  author={Kiritchenko, Svetlana and Zhu, Xiaodan and Cherry, Colin and Mohammad, Saif},
  booktitle={Proceedings of the 8th international workshop on semantic evaluation (SemEval 2014)},
  pages={437--442},
  year={2014}
}
@article{tang2016aspect,
  title={Aspect level sentiment classification with deep memory network},
  author={Tang, Duyu and Qin, Bing and Liu, Ting},
  journal={arXiv preprint arXiv:1605.08900},
  year={2016}
}
@inproceedings{chen2017recurrent,
  title={Recurrent attention network on memory for aspect sentiment analysis},
  author={Chen, Peng and Sun, Zhongqian and Bing, Lidong and Yang, Wei},
  booktitle={Proceedings of the 2017 conference on empirical methods in natural language processing},
  pages={452--461},
  year={2017}
}
@inproceedings{singh2021you,
  title={Are you really complaining? A multi-task framework for complaint identification, emotion, and sentiment classification},
  author={Singh, Apoorva and Saha, Sriparna},
  booktitle={Document Analysis and Recognition--ICDAR 2021: 16th International Conference, Lausanne, Switzerland, September 5--10, 2021, Proceedings, Part II 16},
  pages={715--731},
  year={2021},
  organization={Springer}
}
@article{kiela2019supervised,
  title={Supervised multimodal bitransformers for classifying images and text},
  author={Kiela, Douwe and Bhooshan, Suvrat and Firooz, Hamed and Perez, Ethan and Testuggine, Davide},
  journal={arXiv preprint arXiv:1909.02950},
  year={2019}
}
@article{kingma2014adam,
  title={Adam: A method for stochastic optimization},
  author={Kingma, Diederik P and Ba, Jimmy},
  journal={arXiv preprint arXiv:1412.6980},
  year={2014}
}
@article{vaswani2017attention,
  title={Attention is all you need},
  author={Vaswani, Ashish and Shazeer, Noam and Parmar, Niki and Uszkoreit, Jakob and Jones, Llion and Gomez, Aidan N and Kaiser, {\L}ukasz and Polosukhin, Illia},
  journal={Advances in neural information processing systems},
  volume={30},
  year={2017}
}
@article{devlin2018bert,
  title={Bert: Pre-training of deep bidirectional transformers for language understanding},
  author={Devlin, Jacob and Chang, Ming-Wei and Lee, Kenton and Toutanova, Kristina},
  journal={arXiv preprint arXiv:1810.04805},
  year={2018}
}
@inproceedings{liu2020hybrid,
  title={A hybrid neural network RBERT-C based on pre-trained RoBERTa and CNN for user intent classification},
  author={Liu, Yuanxia and Liu, Hai and Wong, Leung-Pun and Lee, Lap-Kei and Zhang, Haijun and Hao, Tianyong},
  booktitle={International Conference on Neural Computing for Advanced Applications},
  pages={306--319},
  year={2020},
  organization={Springer}
}
@inproceedings{liu2021robustly,
  title={A Robustly Optimized BERT Pre-training Approach with Post-training},
  author={Liu, Zhuang and Lin, Wayne and Shi, Ya and Zhao, Jun},
  booktitle={China National Conference on Chinese Computational Linguistics},
  pages={471--484},
  year={2021},
  organization={Springer}
}
@article{shen2021much,
  title={How much can clip benefit vision-and-language tasks?},
  author={Shen, Sheng and Li, Liunian Harold and Tan, Hao and Bansal, Mohit and Rohrbach, Anna and Chang, Kai-Wei and Yao, Zhewei and Keutzer, Kurt},
  journal={arXiv preprint arXiv:2107.06383},
  year={2021}
}
@article{DBLP:journals/corr/abs-1810-04805,
  author    = {Jacob Devlin and
               Ming{-}Wei Chang and
               Kenton Lee and
               Kristina Toutanova},
  title     = {{BERT:} Pre-training of Deep Bidirectional Transformers for Language
               Understanding},
  journal   = {CoRR},
  volume    = {abs/1810.04805},
  year      = {2018},
  url       = {http://arxiv.org/abs/1810.04805},
  archivePrefix = {arXiv},
  eprint    = {1810.04805},
  timestamp = {Tue, 30 Oct 2018 20:39:56 +0100},
  biburl    = {https://dblp.org/rec/journals/corr/abs-1810-04805.bib},
  bibsource = {dblp computer science bibliography, https://dblp.org}
}



@article{singh2023complaint,
  title={Complaint and Severity Identification From Online Financial Content},
  author={Singh, Apoorva and Bhatia, Rohan and Saha, Sriparna},
  journal={IEEE Transactions on Computational Social Systems},
  year={2023},
  publisher={IEEE}
}
@article{vasquez2011complaints,
  title={Complaints online: The case of TripAdvisor},
  author={V{\'a}squez, Camilla},
  journal={Journal of pragmatics},
  volume={43},
  number={6},
  pages={1707--1717},
  year={2011},
  publisher={Elsevier}
}
@inproceedings{jangid2018aspect,
  title={Aspect-based financial sentiment analysis using deep learning},
  author={Jangid, Hitkul and Singhal, Shivangi and Shah, Rajiv Ratn and Zimmermann, Roger},
  booktitle={Companion Proceedings of the The Web Conference 2018},
  pages={1961--1966},
  year={2018}
}
@article{consoli2022fine,
  title={Fine-grained, aspect-based sentiment analysis on economic and financial lexicon},
  author={Consoli, Sergio and Barbaglia, Luca and Manzan, Sebastiano},
  journal={Knowledge-Based Systems},
  volume={247},
  pages={108781},
  year={2022},
  publisher={Elsevier}
}
@article{al2018deep,
  title={Deep Recurrent neural network vs. support vector machine for aspect-based sentiment analysis of Arabic hotels’ reviews},
  author={Al-Smadi, Mohammad and Qawasmeh, Omar and Al-Ayyoub, Mahmoud and Jararweh, Yaser and Gupta, Brij},
  journal={Journal of computational science},
  volume={27},
  pages={386--393},
  year={2018},
  publisher={Elsevier}
}
@inproceedings{cai2019multi,
  title={Multi-modal sarcasm detection in twitter with hierarchical fusion model},
  author={Cai, Yitao and Cai, Huiyu and Wan, Xiaojun},
  booktitle={Proceedings of the 57th annual meeting of the association for computational linguistics},
  pages={2506--2515},
  year={2019}
}
@article{joshi2020spanbert,
  title={Spanbert: Improving pre-training by representing and predicting spans},
  author={Joshi, Mandar and Chen, Danqi and Liu, Yinhan and Weld, Daniel S and Zettlemoyer, Luke and Levy, Omer},
  journal={Transactions of the association for computational linguistics},
  volume={8},
  pages={64--77},
  year={2020},
  publisher={MIT Press One Rogers Street, Cambridge, MA 02142-1209, USA journals-info~…}
}
@article{rajpurkar2016squad,
  title={Squad: 100,000+ questions for machine comprehension of text},
  author={Rajpurkar, Pranav and Zhang, Jian and Lopyrev, Konstantin and Liang, Percy},
  journal={arXiv preprint arXiv:1606.05250},
  year={2016}
}
@article{liu2023improved,
  title={Improved baselines with visual instruction tuning},
  author={Liu, Haotian and Li, Chunyuan and Li, Yuheng and Lee, Yong Jae},
  journal={arXiv preprint arXiv:2310.03744},
  year={2023}
}

@misc{tunstall2023zephyr,
      title={Zephyr: Direct Distillation of LM Alignment}, 
      author={Lewis Tunstall and Edward Beeching and Nathan Lambert and Nazneen Rajani and Kashif Rasul and Younes Belkada and Shengyi Huang and Leandro von Werra and Clémentine Fourrier and Nathan Habib and Nathan Sarrazin and Omar Sanseviero and Alexander M. Rush and Thomas Wolf},
      year={2023},
      eprint={2310.16944},
      archivePrefix={arXiv},
      primaryClass={cs.LG}
}
@article{liu2019roberta,
  title={Roberta: A robustly optimized bert pretraining approach},
  author={Liu, Yinhan and Ott, Myle and Goyal, Naman and Du, Jingfei and Joshi, Mandar and Chen, Danqi and Levy, Omer and Lewis, Mike and Zettlemoyer, Luke and Stoyanov, Veselin},
  journal={arXiv preprint arXiv:1907.11692},
  year={2019}
}
@article{sanh2019distilbert,
  title={DistilBERT, a distilled version of BERT: smaller, faster, cheaper and lighter},
  author={Sanh, Victor and Debut, Lysandre and Chaumond, Julien and Wolf, Thomas},
  journal={arXiv preprint arXiv:1910.01108},
  year={2019}
}
@book{multilabel_classification,
  title={Multilabel classification},
  author={Herrera, Francisco and others},
  year={2016},
  publisher={Springer}
}