
@misc{pytorch,
  title        = { {Pytorch} },
  howpublished = {\url{https://github.com/pytorch/pytorch}},
}

@misc{unsloth,
  title        = { {Unsloth} },
  howpublished = {\url{https://github.com/unslothai/unsloth}},
}

@misc{llama3,
  title        = { {LLaMa3-8b} },
  howpublished = {\url{https://huggingface.co/unsloth/llama-3-8b-bnb-4bit}},
}

@misc{takaya2001nippon,
  title={Nippon telegraph and telephone corporation},
  howpublished = {\url{https://pghintplan.osdn.jp/pg_hint_plan.html}},
}


@article{DBLP:journals/corr/abs-2404-12872,
  author       = {Zhaodonghui Li and
                  Haitao Yuan and
                  Huiming Wang and
                  Gao Cong and
                  Lidong Bing},
  title        = {{LLM-R2:} {A} Large Language Model Enhanced Rule-based Rewrite System
                  for Boosting Query Efficiency},
  journal      = {CoRR},
  volume       = {abs/2404.12872},
  year         = {2024},
  url          = {https://doi.org/10.48550/arXiv.2404.12872},
  doi          = {10.48550/ARXIV.2404.12872},
  eprinttype    = {arXiv},
  eprint       = {2404.12872},
  timestamp    = {Mon, 07 Oct 2024 08:29:25 +0200},
  biburl       = {https://dblp.org/rec/journals/corr/abs-2404-12872.bib},
  bibsource    = {dblp computer science bibliography, https://dblp.org}
}

@inproceedings{DBLP:conf/cidr/UrbanB24,
  author       = {Matthias Urban and
                  Carsten Binnig},
  title        = {{CAESURA:} Language Models as Multi-Modal Query Planners},
  booktitle    = {Proc. {CIDR}},
  publisher    = {www.cidrdb.org},
  year         = {2024},
  url          = {https://www.cidrdb.org/cidr2024/papers/p14-urban.pdf},
  timestamp    = {Fri, 05 Apr 2024 17:17:09 +0200},
  biburl       = {https://dblp.org/rec/conf/cidr/UrbanB24.bib},
  bibsource    = {dblp computer science bibliography, https://dblp.org}
}

@article{DBLP:journals/pacmmod/Wu00SWZ0024,
  author       = {Yang Wu and
                  Yao Wan and
                  Hongyu Zhang and
                  Yulei Sui and
                  Wucai Wei and
                  Wei Zhao and
                  Guandong Xu and
                  Hai Jin},
  title        = {Automated Data Visualization from Natural Language via Large Language
                  Models: An Exploratory Study},
  journal      = {Proc. {ACM} Manag. Data},
  volume       = {2},
  number       = {3},
  pages        = {115},
  year         = {2024},
  url          = {https://doi.org/10.1145/3654992},
  doi          = {10.1145/3654992},
  timestamp    = {Fri, 19 Jul 2024 23:17:57 +0200},
  biburl       = {https://dblp.org/rec/journals/pacmmod/Wu00SWZ0024.bib},
  bibsource    = {dblp computer science bibliography, https://dblp.org}
}

@article{DBLP:journals/pvldb/LaoWLWZCCTW24,
  author       = {Jiale Lao and
                  Yibo Wang and
                  Yufei Li and
                  Jianping Wang and
                  Yunjia Zhang and
                  Zhiyuan Cheng and
                  Wanghu Chen and
                  Mingjie Tang and
                  Jianguo Wang},
  title        = {GPTuner: {A} Manual-Reading Database Tuning System via GPT-Guided
                  Bayesian Optimization},
  journal      = {Proc. {VLDB} Endow.},
  volume       = {17},
  number       = {8},
  pages        = {1939--1952},
  year         = {2024},
  url          = {https://www.vldb.org/pvldb/vol17/p1939-tang.pdf},
  timestamp    = {Thu, 25 Jul 2024 07:27:33 +0200},
  biburl       = {https://dblp.org/rec/journals/pvldb/LaoWLWZCCTW24.bib},
  bibsource    = {dblp computer science bibliography, https://dblp.org}
}

@inproceedings{DBLP:conf/sigmod/GiannakourisT24,
  author       = {Victor Giannakouris and
                  Immanuel Trummer},
  title        = {Demonstrating {\(\lambda\)}-Tune: Exploiting Large Language Models
                  for Workload-Adaptive Database System Tuning},
  booktitle    = {Companion of 
                  {SIGMOD/PODS}},
  pages        = {508--511},
  publisher    = {{ACM}},
  year         = {2024},
  url          = {https://doi.org/10.1145/3626246.3654751},
  doi          = {10.1145/3626246.3654751},
  timestamp    = {Wed, 24 Jul 2024 21:43:30 +0200},
  biburl       = {https://dblp.org/rec/conf/sigmod/GiannakourisT24.bib},
  bibsource    = {dblp computer science bibliography, https://dblp.org}
}

@article{DBLP:journals/pvldb/Trummer23a,
  author       = {Immanuel Trummer},
  title        = {Can Large Language Models Predict Data Correlations from Column Names?},
  journal      = {Proc. {VLDB} Endow.},
  volume       = {16},
  number       = {13},
  pages        = {4310--4323},
  year         = {2023},
  url          = {https://www.vldb.org/pvldb/vol16/p4310-trummer.pdf},
  timestamp    = {Mon, 27 Nov 2023 13:13:34 +0100},
  biburl       = {https://dblp.org/rec/journals/pvldb/Trummer23a.bib},
  bibsource    = {dblp computer science bibliography, https://dblp.org}
}

@article{DBLP:journals/pvldb/Trummer23,
  author       = {Immanuel Trummer},
  title        = {Demonstrating {GPT-DB:} Generating Query-Specific and Customizable
                  Code for {SQL} Processing with {GPT-4}},
  journal      = {Proc. {VLDB} Endow.},
  volume       = {16},
  number       = {12},
  pages        = {4098--4101},
  year         = {2023},
  url          = {https://www.vldb.org/pvldb/vol16/p4098-trummer.pdf},
  doi          = {10.14778/3611540.3611630},
  timestamp    = {Mon, 23 Oct 2023 16:16:16 +0200},
  biburl       = {https://dblp.org/rec/journals/pvldb/Trummer23.bib},
  bibsource    = {dblp computer science bibliography, https://dblp.org}
}

@article{DBLP:journals/pacmmod/LiHYCGZF0C24,
  author       = {Peng Li and
                  Yeye He and
                  Dror Yashar and
                  Weiwei Cui and
                  Song Ge and
                  Haidong Zhang and
                  Danielle Rifinski Fainman and
                  Dongmei Zhang and
                  Surajit Chaudhuri},
  title        = {Table-GPT: Table Fine-tuned {GPT} for Diverse Table Tasks},
  journal      = {Proc. {ACM} Manag. Data},
  volume       = {2},
  number       = {3},
  pages        = {176},
  year         = {2024},
  url          = {https://doi.org/10.1145/3654979},
  doi          = {10.1145/3654979},
  timestamp    = {Fri, 19 Jul 2024 23:17:58 +0200},
  biburl       = {https://dblp.org/rec/journals/pacmmod/LiHYCGZF0C24.bib},
  bibsource    = {dblp computer science bibliography, https://dblp.org}
}

@inproceedings{DBLP:conf/sigmod/MarcusNMTAK21,
  author       = {Ryan Marcus and
                  Parimarjan Negi and
                  Hongzi Mao and
                  Nesime Tatbul and
                  Mohammad Alizadeh and
                  Tim Kraska},
  title        = {Bao: Making Learned Query Optimization Practical},
  booktitle    = {Proc. {SIGMOD}},
  pages        = {1275--1288},
  publisher    = {{ACM}},
  year         = {2021},
  url          = {https://doi.org/10.1145/3448016.3452838},
  doi          = {10.1145/3448016.3452838},
  timestamp    = {Mon, 26 Jun 2023 20:43:17 +0200},
  biburl       = {https://dblp.org/rec/conf/sigmod/MarcusNMTAK21.bib},
  bibsource    = {dblp computer science bibliography, https://dblp.org}
}

@article{DBLP:journals/pvldb/YuC0L22,
  author       = {Xiang Yu and
                  Chengliang Chai and
                  Guoliang Li and
                  Jiabin Liu},
  title        = {Cost-based or Learning-based? {A} Hybrid Query Optimizer for Query
                  Plan Selection},
  journal      = {Proc. {VLDB} Endow.},
  volume       = {15},
  number       = {13},
  pages        = {3924--3936},
  year         = {2022},
  url          = {https://www.vldb.org/pvldb/vol15/p3924-li.pdf},
  doi          = {10.14778/3565838.3565846},
  timestamp    = {Mon, 23 Oct 2023 15:31:40 +0200},
  biburl       = {https://dblp.org/rec/journals/pvldb/YuC0L22.bib},
  bibsource    = {dblp computer science bibliography, https://dblp.org}
}

@inproceedings{DBLP:conf/icde/Yu0C020,
  author       = {Xiang Yu and
                  Guoliang Li and
                  Chengliang Chai and
                  Nan Tang},
  title        = {Reinforcement Learning with Tree-LSTM for Join Order Selection},
  booktitle    = {Proc. {ICDE}},
  pages        = {1297--1308},
  publisher    = {{IEEE}},
  year         = {2020},
  url          = {https://doi.org/10.1109/ICDE48307.2020.00116},
  doi          = {10.1109/ICDE48307.2020.00116},
  timestamp    = {Fri, 05 Jun 2020 17:54:57 +0200},
  biburl       = {https://dblp.org/rec/conf/icde/Yu0C020.bib},
  bibsource    = {dblp computer science bibliography, https://dblp.org}
}

@article{DBLP:journals/corr/abs-1808-03196,
  author       = {Sanjay Krishnan and
                  Zongheng Yang and
                  Ken Goldberg and
                  Joseph M. Hellerstein and
                  Ion Stoica},
  title        = {Learning to Optimize Join Queries With Deep Reinforcement Learning},
  journal      = {CoRR},
  volume       = {abs/1808.03196},
  year         = {2018},
  url          = {http://arxiv.org/abs/1808.03196},
  eprinttype    = {arXiv},
  eprint       = {1808.03196},
  timestamp    = {Sun, 02 Sep 2018 15:01:54 +0200},
  biburl       = {https://dblp.org/rec/journals/corr/abs-1808-03196.bib},
  bibsource    = {dblp computer science bibliography, https://dblp.org}
}

@inproceedings{DBLP:conf/sigmod/MarcusP18,
  author       = {Ryan Marcus and
                  Olga Papaemmanouil},
  editor       = {Rajesh Bordawekar and
                  Oded Shmueli},
  title        = {Deep Reinforcement Learning for Join Order Enumeration},
  booktitle    = {Proc. {aiDM@SIGMOD}},
  pages        = {3:1--3:4},
  publisher    = {{ACM}},
  year         = {2018},
  url          = {https://doi.org/10.1145/3211954.3211957},
  doi          = {10.1145/3211954.3211957},
  timestamp    = {Sun, 06 Oct 2024 21:14:19 +0200},
  biburl       = {https://dblp.org/rec/conf/sigmod/MarcusP18.bib},
  bibsource    = {dblp computer science bibliography, https://dblp.org}
}

@inproceedings{DBLP:conf/nips/LiHQYLLWQGHZ0LC23,
  author       = {Jinyang Li and
                  Binyuan Hui and
                  Ge Qu and
                  Jiaxi Yang and
                  Binhua Li and
                  Bowen Li and
                  Bailin Wang and
                  Bowen Qin and
                  Ruiying Geng and
                  Nan Huo and
                  Xuanhe Zhou and
                  Chenhao Ma and
                  Guoliang Li and
                  Kevin Chen{-}Chuan Chang and
                  Fei Huang and
                  Reynold Cheng and
                  Yongbin Li},
  title        = {Can {LLM} Already Serve as {A} Database Interface? {A} BIg Bench for
                  Large-Scale Database Grounded Text-to-SQLs},
  booktitle    = {Proc. NeurIPS},
  year         = {2023},
  url          = {http://papers.nips.cc/paper\_files/paper/2023/hash/83fc8fab1710363050bbd1d4b8cc0021-Abstract-Datasets\_and\_Benchmarks.html},
  timestamp    = {Tue, 23 Jul 2024 08:21:59 +0200},
  biburl       = {https://dblp.org/rec/conf/nips/LiHQYLLWQGHZ0LC23.bib},
  bibsource    = {dblp computer science bibliography, https://dblp.org}
}

@article{DBLP:journals/pvldb/MarcusNMZAKPT19,
  author       = {Ryan Marcus and
                  Parimarjan Negi and
                  Hongzi Mao and
                  Chi Zhang and
                  Mohammad Alizadeh and
                  Tim Kraska and
                  Olga Papaemmanouil and
                  Nesime Tatbul},
  title        = {Neo: {A} Learned Query Optimizer},
  journal      = {Proc. {VLDB} Endow.},
  volume       = {12},
  number       = {11},
  pages        = {1705--1718},
  year         = {2019},
  url          = {http://www.vldb.org/pvldb/vol12/p1705-marcus.pdf},
  doi          = {10.14778/3342263.3342644},
  timestamp    = {Sun, 06 Oct 2024 21:37:13 +0200},
  biburl       = {https://dblp.org/rec/journals/pvldb/MarcusNMZAKPT19.bib},
  bibsource    = {dblp computer science bibliography, https://dblp.org}
}

@inproceedings{DBLP:conf/sigmod/YangC0MLS22,
  author       = {Zongheng Yang and
                  Wei{-}Lin Chiang and
                  Sifei Luan and
                  Gautam Mittal and
                  Michael Luo and
                  Ion Stoica},
  title        = {Balsa: Learning a Query Optimizer Without Expert Demonstrations},
  booktitle    = {Proc. {SIGMOD}},
  pages        = {931--944},
  publisher    = {{ACM}},
  year         = {2022},
  url          = {https://doi.org/10.1145/3514221.3517885},
  doi          = {10.1145/3514221.3517885},
  timestamp    = {Thu, 16 Mar 2023 09:51:25 +0100},
  biburl       = {https://dblp.org/rec/conf/sigmod/YangC0MLS22.bib},
  bibsource    = {dblp computer science bibliography, https://dblp.org}
}


@inproceedings{DBLP:conf/nips/RafailovSMMEF23,
  author       = {Rafael Rafailov and
                  Archit Sharma and
                  Eric Mitchell and
                  Christopher D. Manning and
                  Stefano Ermon and
                  Chelsea Finn},
  title        = {Direct Preference Optimization: Your Language Model is Secretly a
                  Reward Model},
  booktitle    = {Proc. NeurIPS},
  year         = {2023},
  url          = {http://papers.nips.cc/paper\_files/paper/2023/hash/a85b405ed65c6477a4fe8302b5e06ce7-Abstract-Conference.html},
  timestamp    = {Fri, 01 Mar 2024 16:26:20 +0100},
  biburl       = {https://dblp.org/rec/conf/nips/RafailovSMMEF23.bib},
  bibsource    = {dblp computer science bibliography, https://dblp.org}
}

@inproceedings{DBLP:conf/iclr/HuSWALWWC22,
  author       = {Edward J. Hu and
                  Yelong Shen and
                  Phillip Wallis and
                  Zeyuan Allen{-}Zhu and
                  Yuanzhi Li and
                  Shean Wang and
                  Lu Wang and
                  Weizhu Chen},
  title        = {LoRA: Low-Rank Adaptation of Large Language Models},
  booktitle    = {Proc. {ICLR}},
  publisher    = {OpenReview.net},
  year         = {2022},
  url          = {https://openreview.net/forum?id=nZeVKeeFYf9},
  timestamp    = {Sat, 20 Aug 2022 01:15:42 +0200},
  biburl       = {https://dblp.org/rec/conf/iclr/HuSWALWWC22.bib},
  bibsource    = {dblp computer science bibliography, https://dblp.org}
}

@article{DBLP:journals/pvldb/ZhuCDCPWZ23,
  author       = {Rong Zhu and
                  Wei Chen and
                  Bolin Ding and
                  Xingguang Chen and
                  Andreas Pfadler and
                  Ziniu Wu and
                  Jingren Zhou},
  title        = {Lero: {A} Learning-to-Rank Query Optimizer},
  journal      = {Proc. {VLDB} Endow.},
  volume       = {16},
  number       = {6},
  pages        = {1466--1479},
  year         = {2023},
  url          = {https://www.vldb.org/pvldb/vol16/p1466-zhu.pdf},
  doi          = {10.14778/3583140.3583160},
  timestamp    = {Mon, 23 Oct 2023 16:16:16 +0200},
  biburl       = {https://dblp.org/rec/journals/pvldb/ZhuCDCPWZ23.bib},
  bibsource    = {dblp computer science bibliography, https://dblp.org}
}

@inproceedings{DBLP:conf/sigmod/SunJ0C22,
  author       = {Luming Sun and
                  Tao Ji and
                  Cuiping Li and
                  Hong Chen},
  title        = {DeepO: {A} Learned Query Optimizer},
  booktitle    = {Proc. {SIGMOD}},
  pages        = {2421--2424},
  publisher    = {{ACM}},
  year         = {2022},
  url          = {https://doi.org/10.1145/3514221.3520167},
  doi          = {10.1145/3514221.3520167},
  timestamp    = {Thu, 16 Mar 2023 09:51:25 +0100},
  biburl       = {https://dblp.org/rec/conf/sigmod/SunJ0C22.bib},
  bibsource    = {dblp computer science bibliography, https://dblp.org}
}

@article{DBLP:journals/dase/ZhouSL24,
  author       = {Xuanhe Zhou and
                  Zhaoyan Sun and
                  Guoliang Li},
  title        = {{DB-GPT:} Large Language Model Meets Database},
  journal      = {Data Sci. Eng.},
  volume       = {9},
  number       = {1},
  pages        = {102--111},
  year         = {2024},
  url          = {https://doi.org/10.1007/s41019-023-00235-6},
  doi          = {10.1007/S41019-023-00235-6},
  timestamp    = {Mon, 15 Apr 2024 08:26:24 +0200},
  biburl       = {https://dblp.org/rec/journals/dase/ZhouSL24.bib},
  bibsource    = {dblp computer science bibliography, https://dblp.org}
}

@inproceedings{DBLP:conf/nips/Ouyang0JAWMZASR22,
  author       = {Long Ouyang and
                  Jeffrey Wu and
                  Xu Jiang and
                  Diogo Almeida and
                  Carroll L. Wainwright and
                  Pamela Mishkin and
                  Chong Zhang and
                  Sandhini Agarwal and
                  Katarina Slama and
                  Alex Ray and
                  John Schulman and
                  Jacob Hilton and
                  Fraser Kelton and
                  Luke Miller and
                  Maddie Simens and
                  Amanda Askell and
                  Peter Welinder and
                  Paul F. Christiano and
                  Jan Leike and
                  Ryan Lowe},
  title        = {Training language models to follow instructions with human feedback},
  booktitle    = {Proc. NeurIPS},
  year         = {2022},
  url          = {http://papers.nips.cc/paper\_files/paper/2022/hash/b1efde53be364a73914f58805a001731-Abstract-Conference.html},
  timestamp    = {Mon, 08 Jan 2024 16:31:36 +0100},
  biburl       = {https://dblp.org/rec/conf/nips/Ouyang0JAWMZASR22.bib},
  bibsource    = {dblp computer science bibliography, https://dblp.org}
}


@inproceedings{DBLP:conf/wsdm/SuiZZH024,
  author       = {Yuan Sui and
                  Mengyu Zhou and
                  Mingjie Zhou and
                  Shi Han and
                  Dongmei Zhang},
  title        = {Table Meets {LLM:} Can Large Language Models Understand Structured
                  Table Data? {A} Benchmark and Empirical Study},
  booktitle    = {Proc. {WSDM}},
  pages        = {645--654},
  publisher    = {{ACM}},
  year         = {2024},
  url          = {https://doi.org/10.1145/3616855.3635752},
  doi          = {10.1145/3616855.3635752},
  timestamp    = {Mon, 01 Apr 2024 11:14:02 +0200},
  biburl       = {https://dblp.org/rec/conf/wsdm/SuiZZH024.bib},
  bibsource    = {dblp computer science bibliography, https://dblp.org}
}


@inproceedings{wang2024chainoftable,
title={Chain-of-Table: Evolving Tables in the Reasoning Chain for Table Understanding},
author={Zilong Wang and Hao Zhang and Chun-Liang Li and Julian Martin Eisenschlos and Vincent Perot and Zifeng Wang and Lesly Miculicich and Yasuhisa Fujii and Jingbo Shang and Chen-Yu Lee and Tomas Pfister},
booktitle={The Twelfth International Conference on Learning Representations},
year={2024},
url={https://openreview.net/forum?id=4L0xnS4GQM}
}


@inproceedings{DBLP:conf/emnlp/MinLHALHZ22,
  author       = {Sewon Min and
                  Xinxi Lyu and
                  Ari Holtzman and
                  Mikel Artetxe and
                  Mike Lewis and
                  Hannaneh Hajishirzi and
                  Luke Zettlemoyer},
  title        = {Rethinking the Role of Demonstrations: What Makes In-Context Learning
                  Work?},
  booktitle    = {Proc. {EMNLP}},
  pages        = {11048--11064},
  publisher    = {Association for Computational Linguistics},
  year         = {2022},
  url          = {https://doi.org/10.18653/v1/2022.emnlp-main.759},
  doi          = {10.18653/V1/2022.EMNLP-MAIN.759},
  timestamp    = {Thu, 10 Aug 2023 12:35:36 +0200},
  biburl       = {https://dblp.org/rec/conf/emnlp/MinLHALHZ22.bib},
  bibsource    = {dblp computer science bibliography, https://dblp.org}
}

@inproceedings{DBLP:conf/icml/XuSCTSDM024,
  author       = {Haoran Xu and
                  Amr Sharaf and
                  Yunmo Chen and
                  Weiting Tan and
                  Lingfeng Shen and
                  Benjamin Van Durme and
                  Kenton Murray and
                  Young Jin Kim},
  title        = {Contrastive Preference Optimization: Pushing the Boundaries of {LLM}
                  Performance in Machine Translation},
  booktitle    = {Proc. {ICML}},
  publisher    = {OpenReview.net},
  year         = {2024},
  url          = {https://openreview.net/forum?id=51iwkioZpn},
  timestamp    = {Mon, 02 Sep 2024 16:55:26 +0200},
  biburl       = {https://dblp.org/rec/conf/icml/XuSCTSDM024.bib},
  bibsource    = {dblp computer science bibliography, https://dblp.org}
}

@inproceedings{DBLP:conf/nips/PenedoMHCACPAL23,
  author       = {Guilherme Penedo and
                  Quentin Malartic and
                  Daniel Hesslow and
                  Ruxandra Cojocaru and
                  Hamza Alobeidli and
                  Alessandro Cappelli and
                  Baptiste Pannier and
                  Ebtesam Almazrouei and
                  Julien Launay},
  title        = {The RefinedWeb Dataset for Falcon {LLM:} Outperforming Curated Corpora
                  with Web Data Only},
  booktitle    = {Proc. NeurIPS},
  year         = {2023},
  url          = {http://papers.nips.cc/paper\_files/paper/2023/hash/fa3ed726cc5073b9c31e3e49a807789c-Abstract-Datasets\_and\_Benchmarks.html},
  timestamp    = {Fri, 01 Mar 2024 16:26:21 +0100},
  biburl       = {https://dblp.org/rec/conf/nips/PenedoMHCACPAL23.bib},
  bibsource    = {dblp computer science bibliography, https://dblp.org}
}

@article{DBLP:journals/corr/abs-2309-05463,
  author       = {Yuanzhi Li and
                  S{\'{e}}bastien Bubeck and
                  Ronen Eldan and
                  Allie Del Giorno and
                  Suriya Gunasekar and
                  Yin Tat Lee},
  title        = {Textbooks Are All You Need {II:} phi-1.5 technical report},
  journal      = {CoRR},
  volume       = {abs/2309.05463},
  year         = {2023},
  url          = {https://doi.org/10.48550/arXiv.2309.05463},
  doi          = {10.48550/ARXIV.2309.05463},
  eprinttype    = {arXiv},
  eprint       = {2309.05463},
  timestamp    = {Fri, 15 Sep 2023 12:26:52 +0200},
  biburl       = {https://dblp.org/rec/journals/corr/abs-2309-05463.bib},
  bibsource    = {dblp computer science bibliography, https://dblp.org}
}

@article{DBLP:journals/corr/abs-2310-06825,
  author       = {Albert Q. Jiang and
                  Alexandre Sablayrolles and
                  Arthur Mensch and
                  Chris Bamford and
                  Devendra Singh Chaplot and
                  Diego de Las Casas and
                  Florian Bressand and
                  Gianna Lengyel and
                  Guillaume Lample and
                  Lucile Saulnier and
                  L{\'{e}}lio Renard Lavaud and
                  Marie{-}Anne Lachaux and
                  Pierre Stock and
                  Teven Le Scao and
                  Thibaut Lavril and
                  Thomas Wang and
                  Timoth{\'{e}}e Lacroix and
                  William El Sayed},
  title        = {Mistral 7B},
  journal      = {CoRR},
  volume       = {abs/2310.06825},
  year         = {2023},
  url          = {https://doi.org/10.48550/arXiv.2310.06825},
  doi          = {10.48550/ARXIV.2310.06825},
  eprinttype    = {arXiv},
  eprint       = {2310.06825},
  timestamp    = {Thu, 26 Oct 2023 16:46:26 +0200},
  biburl       = {https://dblp.org/rec/journals/corr/abs-2310-06825.bib},
  bibsource    = {dblp computer science bibliography, https://dblp.org}
}

@article{DBLP:journals/corr/abs-2302-13971,
  author       = {Hugo Touvron and
                  Thibaut Lavril and
                  Gautier Izacard and
                  Xavier Martinet and
                  Marie{-}Anne Lachaux and
                  Timoth{\'{e}}e Lacroix and
                  Baptiste Rozi{\`{e}}re and
                  Naman Goyal and
                  Eric Hambro and
                  Faisal Azhar and
                  Aur{\'{e}}lien Rodriguez and
                  Armand Joulin and
                  Edouard Grave and
                  Guillaume Lample},
  title        = {LLaMA: Open and Efficient Foundation Language Models},
  journal      = {CoRR},
  volume       = {abs/2302.13971},
  year         = {2023},
  url          = {https://doi.org/10.48550/arXiv.2302.13971},
  doi          = {10.48550/ARXIV.2302.13971},
  eprinttype    = {arXiv},
  eprint       = {2302.13971},
  timestamp    = {Mon, 28 Aug 2023 21:26:20 +0200},
  biburl       = {https://dblp.org/rec/journals/corr/abs-2302-13971.bib},
  bibsource    = {dblp computer science bibliography, https://dblp.org}
}

@article{DBLP:journals/pvldb/LehmannSS24,
  author       = {Claude Lehmann and
                  Pavel Sulimov and
                  Kurt Stockinger},
  title        = {Is Your Learned Query Optimizer Behaving As You Expect? {A} Machine
                  Learning Perspective},
  journal      = {Proc. {VLDB} Endow.},
  volume       = {17},
  number       = {7},
  pages        = {1565--1577},
  year         = {2024},
  url          = {https://www.vldb.org/pvldb/vol17/p1565-lehmann.pdf},
  timestamp    = {Wed, 08 May 2024 17:47:24 +0200},
  biburl       = {https://dblp.org/rec/journals/pvldb/LehmannSS24.bib},
  bibsource    = {dblp computer science bibliography, https://dblp.org}
}


@inproceedings{DBLP:conf/kdd/0008Y000CZ022,
  author       = {Jin Chen and
                  Guanyu Ye and
                  Yan Zhao and
                  Shuncheng Liu and
                  Liwei Deng and
                  Xu Chen and
                  Rui Zhou and
                  Kai Zheng},
  title        = {Efficient Join Order Selection Learning with Graph-based Representation},
  booktitle    = {Proc. {KDD}},
  pages        = {97--107},
  publisher    = {{ACM}},
  year         = {2022},
  url          = {https://doi.org/10.1145/3534678.3539303},
  doi          = {10.1145/3534678.3539303},
  timestamp    = {Mon, 29 Jul 2024 07:57:03 +0200},
  biburl       = {https://dblp.org/rec/conf/kdd/0008Y000CZ022.bib},
  bibsource    = {dblp computer science bibliography, https://dblp.org}
}


@inproceedings{DBLP:conf/iclr/LoshchilovH19,
  author       = {Ilya Loshchilov and
                  Frank Hutter},
  title        = {Decoupled Weight Decay Regularization},
  booktitle    = {Proc. {ICLR}},
  publisher    = {OpenReview.net},
  year         = {2019},
  url          = {https://openreview.net/forum?id=Bkg6RiCqY7},
  timestamp    = {Thu, 25 Jul 2019 14:26:04 +0200},
  biburl       = {https://dblp.org/rec/conf/iclr/LoshchilovH19.bib},
  bibsource    = {dblp computer science bibliography, https://dblp.org}
}

@article{DBLP:journals/corr/abs-2205-01068,
  author       = {Susan Zhang and
                  Stephen Roller and
                  Naman Goyal and
                  Mikel Artetxe and
                  Moya Chen and
                  Shuohui Chen and
                  Christopher Dewan and
                  Mona T. Diab and
                  Xian Li and
                  Xi Victoria Lin and
                  Todor Mihaylov and
                  Myle Ott and
                  Sam Shleifer and
                  Kurt Shuster and
                  Daniel Simig and
                  Punit Singh Koura and
                  Anjali Sridhar and
                  Tianlu Wang and
                  Luke Zettlemoyer},
  title        = {{OPT:} Open Pre-trained Transformer Language Models},
  journal      = {CoRR},
  volume       = {abs/2205.01068},
  year         = {2022},
  url          = {https://doi.org/10.48550/arXiv.2205.01068},
  doi          = {10.48550/ARXIV.2205.01068},
  eprinttype    = {arXiv},
  eprint       = {2205.01068},
  timestamp    = {Thu, 22 Sep 2022 19:27:06 +0200},
  biburl       = {https://dblp.org/rec/journals/corr/abs-2205-01068.bib},
  bibsource    = {dblp computer science bibliography, https://dblp.org}
}

@article{DBLP:journals/corr/abs-2311-16867,
  author       = {Ebtesam Almazrouei and
                  Hamza Alobeidli and
                  Abdulaziz Alshamsi and
                  Alessandro Cappelli and
                  Ruxandra Cojocaru and
                  M{\'{e}}rouane Debbah and
                  {\'{E}}tienne Goffinet and
                  Daniel Hesslow and
                  Julien Launay and
                  Quentin Malartic and
                  Daniele Mazzotta and
                  Badreddine Noune and
                  Baptiste Pannier and
                  Guilherme Penedo},
  title        = {The Falcon Series of Open Language Models},
  journal      = {CoRR},
  volume       = {abs/2311.16867},
  year         = {2023},
  url          = {https://doi.org/10.48550/arXiv.2311.16867},
  doi          = {10.48550/ARXIV.2311.16867},
  eprinttype    = {arXiv},
  eprint       = {2311.16867},
  timestamp    = {Sun, 06 Oct 2024 21:24:26 +0200},
  biburl       = {https://dblp.org/rec/journals/corr/abs-2311-16867.bib},
  bibsource    = {dblp computer science bibliography, https://dblp.org}
}

@inproceedings{DBLP:conf/nips/DuboisLTZGBGLH23,
  author       = {Yann Dubois and
                  Chen Xuechen Li and
                  Rohan Taori and
                  Tianyi Zhang and
                  Ishaan Gulrajani and
                  Jimmy Ba and
                  Carlos Guestrin and
                  Percy Liang and
                  Tatsunori B. Hashimoto},
  title        = {AlpacaFarm: {A} Simulation Framework for Methods that Learn from Human
                  Feedback},
  booktitle    = {Proc. NeurIPS},
  year         = {2023},
  url          = {http://papers.nips.cc/paper\_files/paper/2023/hash/5fc47800ee5b30b8777fdd30abcaaf3b-Abstract-Conference.html},
  timestamp    = {Fri, 01 Mar 2024 16:26:20 +0100},
  biburl       = {https://dblp.org/rec/conf/nips/DuboisLTZGBGLH23.bib},
  bibsource    = {dblp computer science bibliography, https://dblp.org}
}

@inproceedings{DBLP:conf/nips/WangIDHKCWMSBH23,
  author       = {Yizhong Wang and
                  Hamish Ivison and
                  Pradeep Dasigi and
                  Jack Hessel and
                  Tushar Khot and
                  Khyathi Raghavi Chandu and
                  David Wadden and
                  Kelsey MacMillan and
                  Noah A. Smith and
                  Iz Beltagy and
                  Hannaneh Hajishirzi},
  title        = {How Far Can Camels Go? Exploring the State of Instruction Tuning on
                  Open Resources},
  booktitle    = {Proc. NeurIPS},
  year         = {2023},
  url          = {http://papers.nips.cc/paper\_files/paper/2023/hash/ec6413875e4ab08d7bc4d8e225263398-Abstract-Datasets\_and\_Benchmarks.html},
  timestamp    = {Sat, 13 Jul 2024 21:30:29 +0200},
  biburl       = {https://dblp.org/rec/conf/nips/WangIDHKCWMSBH23.bib},
  bibsource    = {dblp computer science bibliography, https://dblp.org}
}

@inproceedings{DBLP:conf/iclr/WeiBZGYLDDL22,
  author       = {Jason Wei and
                  Maarten Bosma and
                  Vincent Y. Zhao and
                  Kelvin Guu and
                  Adams Wei Yu and
                  Brian Lester and
                  Nan Du and
                  Andrew M. Dai and
                  Quoc V. Le},
  title        = {Finetuned Language Models are Zero-Shot Learners},
  booktitle    = {Proc. {ICLR}},
  publisher    = {OpenReview.net},
  year         = {2022},
  url          = {https://openreview.net/forum?id=gEZrGCozdqR},
  timestamp    = {Wed, 16 Aug 2023 16:10:28 +0200},
  biburl       = {https://dblp.org/rec/conf/iclr/WeiBZGYLDDL22.bib},
  bibsource    = {dblp computer science bibliography, https://dblp.org}
}

@inproceedings{DBLP:conf/emnlp/PryzantI0L0023,
  author       = {Reid Pryzant and
                  Dan Iter and
                  Jerry Li and
                  Yin Tat Lee and
                  Chenguang Zhu and
                  Michael Zeng},
  title        = {Automatic Prompt Optimization with "Gradient Descent" and Beam Search},
  booktitle    = {Proc. {EMNLP}},
  pages        = {7957--7968},
  publisher    = {Association for Computational Linguistics},
  year         = {2023},
  url          = {https://doi.org/10.18653/v1/2023.emnlp-main.494},
  doi          = {10.18653/V1/2023.EMNLP-MAIN.494},
  timestamp    = {Fri, 12 Apr 2024 13:11:41 +0200},
  biburl       = {https://dblp.org/rec/conf/emnlp/PryzantI0L0023.bib},
  bibsource    = {dblp computer science bibliography, https://dblp.org}
}

@article{DBLP:journals/corr/abs-1909-08593,
  author       = {Daniel M. Ziegler and
                  Nisan Stiennon and
                  Jeffrey Wu and
                  Tom B. Brown and
                  Alec Radford and
                  Dario Amodei and
                  Paul F. Christiano and
                  Geoffrey Irving},
  title        = {Fine-Tuning Language Models from Human Preferences},
  journal      = {CoRR},
  volume       = {abs/1909.08593},
  year         = {2019},
  url          = {http://arxiv.org/abs/1909.08593},
  eprinttype    = {arXiv},
  eprint       = {1909.08593},
  timestamp    = {Thu, 01 Apr 2021 19:06:51 +0200},
  biburl       = {https://dblp.org/rec/journals/corr/abs-1909-08593.bib},
  bibsource    = {dblp computer science bibliography, https://dblp.org}
}


@inproceedings{DBLP:conf/nips/StiennonO0ZLVRA20,
  author       = {Nisan Stiennon and
                  Long Ouyang and
                  Jeffrey Wu and
                  Daniel M. Ziegler and
                  Ryan Lowe and
                  Chelsea Voss and
                  Alec Radford and
                  Dario Amodei and
                  Paul F. Christiano},
  title        = {Learning to summarize with human feedback},
  booktitle    = {Proc. NeurIPS},
  year         = {2020},
  url          = {https://proceedings.neurips.cc/paper/2020/hash/1f89885d556929e98d3ef9b86448f951-Abstract.html},
  timestamp    = {Tue, 19 Jan 2021 15:57:45 +0100},
  biburl       = {https://dblp.org/rec/conf/nips/StiennonO0ZLVRA20.bib},
  bibsource    = {dblp computer science bibliography, https://dblp.org}
}

@inproceedings{DBLP:conf/nips/DettmersPHZ23,
  author       = {Tim Dettmers and
                  Artidoro Pagnoni and
                  Ari Holtzman and
                  Luke Zettlemoyer},
  title        = {QLoRA: Efficient Finetuning of Quantized LLMs},
  booktitle    = {Proc. NeurIPS},
  year         = {2023},
  url          = {http://papers.nips.cc/paper\_files/paper/2023/hash/1feb87871436031bdc0f2beaa62a049b-Abstract-Conference.html},
  timestamp    = {Fri, 01 Mar 2024 16:26:19 +0100},
  biburl       = {https://dblp.org/rec/conf/nips/DettmersPHZ23.bib},
  bibsource    = {dblp computer science bibliography, https://dblp.org}
}

@inproceedings{DBLP:conf/nips/KojimaGRMI22,
  author       = {Takeshi Kojima and
                  Shixiang Shane Gu and
                  Machel Reid and
                  Yutaka Matsuo and
                  Yusuke Iwasawa},
  editor       = {Sanmi Koyejo and
                  S. Mohamed and
                  A. Agarwal and
                  Danielle Belgrave and
                  K. Cho and
                  A. Oh},
  title        = {Large Language Models are Zero-Shot Reasoners},
  booktitle    = {Proc. NeurIPS},
  year         = {2022},
  url          = {http://papers.nips.cc/paper\_files/paper/2022/hash/8bb0d291acd4acf06ef112099c16f326-Abstract-Conference.html},
  timestamp    = {Mon, 08 Jan 2024 16:31:34 +0100},
  biburl       = {https://dblp.org/rec/conf/nips/KojimaGRMI22.bib},
  bibsource    = {dblp computer science bibliography, https://dblp.org}
}

@inproceedings{DBLP:conf/acl/HsiehLYNFRKLP23,
  author       = {Cheng{-}Yu Hsieh and
                  Chun{-}Liang Li and
                  Chih{-}Kuan Yeh and
                  Hootan Nakhost and
                  Yasuhisa Fujii and
                  Alex Ratner and
                  Ranjay Krishna and
                  Chen{-}Yu Lee and
                  Tomas Pfister},
  title        = {Distilling Step-by-Step! Outperforming Larger Language Models with
                  Less Training Data and Smaller Model Sizes},
  booktitle    = {Proc. Findings {ACL}},
  pages        = {8003--8017},
  publisher    = {Association for Computational Linguistics},
  year         = {2023},
  url          = {https://doi.org/10.18653/v1/2023.findings-acl.507},
  doi          = {10.18653/V1/2023.FINDINGS-ACL.507},
  timestamp    = {Thu, 10 Aug 2023 12:36:02 +0200},
  biburl       = {https://dblp.org/rec/conf/acl/HsiehLYNFRKLP23.bib},
  bibsource    = {dblp computer science bibliography, https://dblp.org}
}

@article{ding2021dsb,
  title={DSB: A decision support benchmark for workload-driven and traditional database systems},
  author={Ding, Bailu and Chaudhuri, Surajit and Gehrke, Johannes and Narasayya, Vivek},
  journal={Proceedings of the VLDB Endowment},
  volume={14},
  number={13},
  pages={3376--3388},
  year={2021},
  publisher={VLDB Endowment}
}

@article{DBLP:journals/corr/abs-2305-09246,
  author       = {Hao Chen and
                  Yiming Zhang and
                  Qi Zhang and
                  Hantao Yang and
                  Xiaomeng Hu and
                  Xuetao Ma and
                  Yifan Yanggong and
                  Junbo Zhao},
  title        = {Maybe Only 0.5{\%} Data is Needed: {A} Preliminary Exploration of
                  Low Training Data Instruction Tuning},
  journal      = {CoRR},
  volume       = {abs/2305.09246},
  year         = {2023},
  url          = {https://doi.org/10.48550/arXiv.2305.09246},
  doi          = {10.48550/ARXIV.2305.09246},
  eprinttype    = {arXiv},
  eprint       = {2305.09246},
  timestamp    = {Wed, 31 Jul 2024 21:35:08 +0200},
  biburl       = {https://dblp.org/rec/journals/corr/abs-2305-09246.bib},
  bibsource    = {dblp computer science bibliography, https://dblp.org}
}




@inproceedings{DBLP:conf/aaai/MouLZWJ16,
  author       = {Lili Mou and
                  Ge Li and
                  Lu Zhang and
                  Tao Wang and
                  Zhi Jin},
  title        = {Convolutional Neural Networks over Tree Structures for Programming
                  Language Processing},
  booktitle    = {Proc. {AAAI}},
  pages        = {1287--1293},
  publisher    = {{AAAI} Press},
  year         = {2016},
  url          = {https://doi.org/10.1609/aaai.v30i1.10139},
  doi          = {10.1609/AAAI.V30I1.10139},
  timestamp    = {Mon, 04 Sep 2023 16:50:26 +0200},
  biburl       = {https://dblp.org/rec/conf/aaai/MouLZWJ16.bib},
  bibsource    = {dblp computer science bibliography, https://dblp.org}
}

@inproceedings{DBLP:conf/acl/TaiSM15,
  author       = {Kai Sheng Tai and
                  Richard Socher and
                  Christopher D. Manning},
  title        = {Improved Semantic Representations From Tree-Structured Long Short-Term
                  Memory Networks},
  booktitle    = {Proceedings of the 53rd Annual Meeting of the Association for Computational
                  Linguistics and the 7th International Joint Conference on Natural
                  Language Processing of the Asian Federation of Natural Language Processing,
                  {ACL} 2015, July 26-31, 2015, Beijing, China, Volume 1: Long Papers},
  pages        = {1556--1566},
  publisher    = {The Association for Computer Linguistics},
  year         = {2015},
  url          = {https://doi.org/10.3115/v1/p15-1150},
  doi          = {10.3115/V1/P15-1150},
  timestamp    = {Fri, 06 Aug 2021 00:41:00 +0200},
  biburl       = {https://dblp.org/rec/conf/acl/TaiSM15.bib},
  bibsource    = {dblp computer science bibliography, https://dblp.org}
}

@article{DBLP:conf/job/Leis18,
  title={Query optimization through the looking glass, and what we found running the join order benchmark},
  author={Leis, Viktor and Radke, Bernhard and Gubichev, Andrey and Mirchev, Atanas and Boncz, Peter and Kemper, Alfons and Neumann, Thomas},
  journal={The VLDB Journal},
  volume={27},
  pages={643--668},
  year={2018},
  publisher={Springer}
}


@inproceedings{DBLP:conf/tpcds/Poess02,
  title={Tpc-ds, taking decision support benchmarking to the next level},
  author={Poess, Meikel and Smith, Bryan and Kollar, Lubor and Larson, Paul},
  booktitle={Proceedings of the 2002 ACM SIGMOD international conference on Management of data},
  pages={582--587},
  year={2002}
}


@article{DBLP:journals/pvldb/LeisGMBK015,
  author    = {Viktor Leis and
               Andrey Gubichev and
               Atanas Mirchev and
               Peter A. Boncz and
               Alfons Kemper and
               Thomas Neumann},
  title     = {How Good Are Query Optimizers, Really?},
  journal   = {Proc. {VLDB}},
  volume    = {9},
  number    = {3},
  pages     = {204--215},
  year      = {2015},
  url       = {http://www.vldb.org/pvldb/vol9/p204-leis.pdf},
  doi       = {10.14778/2850583.2850594},
  timestamp = {Sat, 25 Apr 2020 13:59:04 +0200},
  biburl    = {https://dblp.org/rec/journals/pvldb/LeisGMBK015.bib},
  bibsource = {dblp computer science bibliography, https://dblp.org}
}

@article{DBLP:journals/pvldb/AroraYENHTR23,
  author       = {Simran Arora and
                  Brandon Yang and
                  Sabri Eyuboglu and
                  Avanika Narayan and
                  Andrew Hojel and
                  Immanuel Trummer and
                  Christopher R{\'{e}}},
  title        = {Language Models Enable Simple Systems for Generating Structured Views
                  of Heterogeneous Data Lakes},
  journal      = {Proc. {VLDB} Endow.},
  volume       = {17},
  number       = {2},
  pages        = {92--105},
  year         = {2023},
  url          = {https://www.vldb.org/pvldb/vol17/p92-arora.pdf},
  timestamp    = {Mon, 27 Nov 2023 13:13:35 +0100},
  biburl       = {https://dblp.org/rec/journals/pvldb/AroraYENHTR23.bib},
  bibsource    = {dblp computer science bibliography, https://dblp.org}
}



@inproceedings{DBLP:conf/sigmod/Chen0MCPGGXLGLD24,
  author       = {Daoyuan Chen and
                  Yilun Huang and
                  Zhijian Ma and
                  Hesen Chen and
                  Xuchen Pan and
                  Ce Ge and
                  Dawei Gao and
                  Yuexiang Xie and
                  Zhaoyang Liu and
                  Jinyang Gao and
                  Yaliang Li and
                  Bolin Ding and
                  Jingren Zhou},
  title        = {Data-Juicer: {A} One-Stop Data Processing System for Large Language
                  Models},
  booktitle    = {Companion of the 2024 International Conference on Management of Data,
                  {SIGMOD/PODS} 2024, Santiago AA, Chile, June 9-15, 2024},
  pages        = {120--134},
  publisher    = {{ACM}},
  year         = {2024},
  url          = {https://doi.org/10.1145/3626246.3653385},
  doi          = {10.1145/3626246.3653385},
  timestamp    = {Wed, 13 Nov 2024 14:20:38 +0100},
  biburl       = {https://dblp.org/rec/conf/sigmod/Chen0MCPGGXLGLD24.bib},
  bibsource    = {dblp computer science bibliography, https://dblp.org}
}

@article{DBLP:journals/corr/abs-2306-00739,
  author       = {Ruoxi Sun and
                  Sercan {\"{O}}. Arik and
                  Hootan Nakhost and
                  Hanjun Dai and
                  Rajarishi Sinha and
                  Pengcheng Yin and
                  Tomas Pfister},
  title        = {SQL-PaLM: Improved Large Language Model Adaptation for Text-to-SQL},
  journal      = {CoRR},
  volume       = {abs/2306.00739},
  year         = {2023},
  url          = {https://doi.org/10.48550/arXiv.2306.00739},
  doi          = {10.48550/ARXIV.2306.00739},
  eprinttype    = {arXiv},
  eprint       = {2306.00739},
  timestamp    = {Tue, 26 Mar 2024 08:09:27 +0100},
  biburl       = {https://dblp.org/rec/journals/corr/abs-2306-00739.bib},
  bibsource    = {dblp computer science bibliography, https://dblp.org}
}


@article{DBLP:journals/corr/abs-2406-08426,
  author       = {Zijin Hong and
                  Zheng Yuan and
                  Qinggang Zhang and
                  Hao Chen and
                  Junnan Dong and
                  Feiran Huang and
                  Xiao Huang},
  title        = {Next-Generation Database Interfaces: {A} Survey of LLM-based Text-to-SQL},
  journal      = {CoRR},
  volume       = {abs/2406.08426},
  year         = {2024},
  url          = {https://doi.org/10.48550/arXiv.2406.08426},
  doi          = {10.48550/ARXIV.2406.08426},
  eprinttype    = {arXiv},
  eprint       = {2406.08426},
  timestamp    = {Sun, 06 Oct 2024 21:25:16 +0200},
  biburl       = {https://dblp.org/rec/journals/corr/abs-2406-08426.bib},
  bibsource    = {dblp computer science bibliography, https://dblp.org}
}

@article{touvron2023llama,
  title={Llama 2: Open foundation and fine-tuned chat models, 2023},
  author={Touvron, Hugo and Martin, Louis and Stone, Kevin and Albert, Peter and Almahairi, Amjad and Babaei, Yasmine and Bashlykov, Nikolay and Batra, Soumya and Bhargava, Prajjwal and Bhosale, Shruti and others},
  journal={URL https://arxiv. org/abs/2307.09288},
  year={2023}
}

@article{roziere2023code,
  title={Code llama: Open foundation models for code},
  author={Roziere, Baptiste and Gehring, Jonas and Gloeckle, Fabian and Sootla, Sten and Gat, Itai and Tan, Xiaoqing Ellen and Adi, Yossi and Liu, Jingyu and Remez, Tal and Rapin, J{\'e}r{\'e}my and others},
  journal={arXiv preprint arXiv:2308.12950},
  year={2023}
}

@article{jiang2023mistral,
  title={Mistral 7B},
  author={Jiang, Albert Q and Sablayrolles, Alexandre and Mensch, Arthur and Bamford, Chris and Chaplot, Devendra Singh and Casas, Diego de las and Bressand, Florian and Lengyel, Gianna and Lample, Guillaume and Saulnier, Lucile and others},
  journal={arXiv preprint arXiv:2310.06825},
  year={2023}
}


@inproceedings{DBLP:conf/nips/VaswaniSPUJGKP17,
  author       = {Ashish Vaswani and
                  Noam Shazeer and
                  Niki Parmar and
                  Jakob Uszkoreit and
                  Llion Jones and
                  Aidan N. Gomez and
                  Lukasz Kaiser and
                  Illia Polosukhin},
  title        = {Attention is All you Need},
  booktitle    = {Proc. {NIPS}},
  pages        = {5998--6008},
  year         = {2017},
  url          = {https://proceedings.neurips.cc/paper/2017/hash/3f5ee243547dee91fbd053c1c4a845aa-Abstract.html},
  timestamp    = {Thu, 21 Jan 2021 15:15:21 +0100},
  biburl       = {https://dblp.org/rec/conf/nips/VaswaniSPUJGKP17.bib},
  bibsource    = {dblp computer science bibliography, https://dblp.org}
}

@article{DBLP:journals/corr/abs-2303-08774,
  author       = {OpenAI},
  title        = {{GPT-4} Technical Report},
  journal      = {CoRR},
  volume       = {abs/2303.08774},
  year         = {2023},
  url          = {https://doi.org/10.48550/arXiv.2303.08774},
  doi          = {10.48550/ARXIV.2303.08774},
  eprinttype    = {arXiv},
  eprint       = {2303.08774},
  timestamp    = {Mon, 28 Aug 2023 21:26:19 +0200},
  biburl       = {https://dblp.org/rec/journals/corr/abs-2303-08774.bib},
  bibsource    = {dblp computer science bibliography, https://dblp.org}
}

@inproceedings{kwon2023efficient,
  title={Efficient memory management for large language model serving with pagedattention},
  author={Kwon, Woosuk and Li, Zhuohan and Zhuang, Siyuan and Sheng, Ying and Zheng, Lianmin and Yu, Cody Hao and Gonzalez, Joseph and Zhang, Hao and Stoica, Ion},
  booktitle={Proceedings of the 29th Symposium on Operating Systems Principles},
  pages={611--626},
  year={2023}
}

@article{silver2016mastering,
  title={Mastering the game of Go with deep neural networks and tree search},
  author={Silver, David and Huang, Aja and Maddison, Chris J and Guez, Arthur and Sifre, Laurent and Van Den Driessche, George and Schrittwieser, Julian and Antonoglou, Ioannis and Panneershelvam, Veda and Lanctot, Marc and others},
  journal={nature},
  volume={529},
  number={7587},
  pages={484--489},
  year={2016},
  publisher={Nature Publishing Group}
}

@article{DBLP:journals/csur/HusseinGEJ17,
  author       = {Ahmed Hussein and
                  Mohamed Medhat Gaber and
                  Eyad Elyan and
                  Chrisina Jayne},
  title        = {Imitation Learning: {A} Survey of Learning Methods},
  journal      = {{ACM} Comput. Surv.},
  volume       = {50},
  number       = {2},
  pages        = {21:1--21:35},
  year         = {2017},
  url          = {https://doi.org/10.1145/3054912},
  doi          = {10.1145/3054912},
  timestamp    = {Sat, 06 Jul 2024 18:20:38 +0200},
  biburl       = {https://dblp.org/rec/journals/csur/HusseinGEJ17.bib},
  bibsource    = {dblp computer science bibliography, https://dblp.org}
}

@inproceedings{DBLP:conf/icml/LeviathanKM23,
  author       = {Yaniv Leviathan and
                  Matan Kalman and
                  Yossi Matias},
  title        = {Fast Inference from Transformers via Speculative Decoding},
  booktitle    = {Proc. {ICML}},
  series       = {Proceedings of Machine Learning Research},
  volume       = {202},
  pages        = {19274--19286},
  publisher    = {{PMLR}},
  year         = {2023},
  url          = {https://proceedings.mlr.press/v202/leviathan23a.html},
  timestamp    = {Mon, 28 Aug 2023 17:23:08 +0200},
  biburl       = {https://dblp.org/rec/conf/icml/LeviathanKM23.bib},
  bibsource    = {dblp computer science bibliography, https://dblp.org}
}

@inproceedings{DBLP:conf/iclr/HoltzmanBDFC20,
  author       = {Ari Holtzman and
                  Jan Buys and
                  Li Du and
                  Maxwell Forbes and
                  Yejin Choi},
  title        = {The Curious Case of Neural Text Degeneration},
  booktitle    = {8th International Conference on Learning Representations, {ICLR} 2020,
                  Addis Ababa, Ethiopia, April 26-30, 2020},
  publisher    = {OpenReview.net},
  year         = {2020},
  url          = {https://openreview.net/forum?id=rygGQyrFvH},
  timestamp    = {Sat, 29 Apr 2023 10:09:26 +0200},
  biburl       = {https://dblp.org/rec/conf/iclr/HoltzmanBDFC20.bib},
  bibsource    = {dblp computer science bibliography, https://dblp.org}
}

@inproceedings{DBLP:conf/sigmod/SelingerACLP79,
  author       = {Patricia G. Selinger and
                  Morton M. Astrahan and
                  Donald D. Chamberlin and
                  Raymond A. Lorie and
                  Thomas G. Price},
  editor       = {Philip A. Bernstein},
  title        = {Access Path Selection in a Relational Database Management System},
  booktitle    = {Proc. {SIGMOD}},
  pages        = {23--34},
  publisher    = {{ACM}},
  year         = {1979},
  url          = {https://doi.org/10.1145/582095.582099},
  doi          = {10.1145/582095.582099},
  timestamp    = {Thu, 11 Mar 2021 15:20:15 +0100},
  biburl       = {https://dblp.org/rec/conf/sigmod/SelingerACLP79.bib},
  bibsource    = {dblp computer science bibliography, https://dblp.org}
}

@article{
wei2022emergent,
title={Emergent Abilities of Large Language Models},
author={Jason Wei and Yi Tay and Rishi Bommasani and Colin Raffel and Barret Zoph and Sebastian Borgeaud and Dani Yogatama and Maarten Bosma and Denny Zhou and Donald Metzler and Ed H. Chi and Tatsunori Hashimoto and Oriol Vinyals and Percy Liang and Jeff Dean and William Fedus},
journal={Transactions on Machine Learning Research},
issn={2835-8856},
year={2022},
url={https://openreview.net/forum?id=yzkSU5zdwD},
note={Survey Certification}
}

@misc{openai2024openaio1card,
      title={OpenAI o1 System Card}, 
      author={OpenAI and : and Aaron Jaech and Adam Kalai and Adam Lerer and Adam Richardson and Ahmed El-Kishky and Aiden Low and Alec Helyar and Aleksander Madry and Alex Beutel and Alex Carney and Alex Iftimie and Alex Karpenko and Alex Tachard Passos and Alexander Neitz and Alexander Prokofiev and Alexander Wei and Allison Tam and Ally Bennett and Ananya Kumar and Andre Saraiva and Andrea Vallone and Andrew Duberstein and Andrew Kondrich and Andrey Mishchenko and Andy Applebaum and Angela Jiang and Ashvin Nair and Barret Zoph and Behrooz Ghorbani and Ben Rossen and Benjamin Sokolowsky and Boaz Barak and Bob McGrew and Borys Minaiev and Botao Hao and Bowen Baker and Brandon Houghton and Brandon McKinzie and Brydon Eastman and Camillo Lugaresi and Cary Bassin and Cary Hudson and Chak Ming Li and Charles de Bourcy and Chelsea Voss and Chen Shen and Chong Zhang and Chris Koch and Chris Orsinger and Christopher Hesse and Claudia Fischer and Clive Chan and Dan Roberts and Daniel Kappler and Daniel Levy and Daniel Selsam and David Dohan and David Farhi and David Mely and David Robinson and Dimitris Tsipras and Doug Li and Dragos Oprica and Eben Freeman and Eddie Zhang and Edmund Wong and Elizabeth Proehl and Enoch Cheung and Eric Mitchell and Eric Wallace and Erik Ritter and Evan Mays and Fan Wang and Felipe Petroski Such and Filippo Raso and Florencia Leoni and Foivos Tsimpourlas and Francis Song and Fred von Lohmann and Freddie Sulit and Geoff Salmon and Giambattista Parascandolo and Gildas Chabot and Grace Zhao and Greg Brockman and Guillaume Leclerc and Hadi Salman and Haiming Bao and Hao Sheng and Hart Andrin and Hessam Bagherinezhad and Hongyu Ren and Hunter Lightman and Hyung Won Chung and Ian Kivlichan and Ian O'Connell and Ian Osband and Ignasi Clavera Gilaberte and Ilge Akkaya and Ilya Kostrikov and Ilya Sutskever and Irina Kofman and Jakub Pachocki and James Lennon and Jason Wei and Jean Harb and Jerry Twore and Jiacheng Feng and Jiahui Yu and Jiayi Weng and Jie Tang and Jieqi Yu and Joaquin Quiñonero Candela and Joe Palermo and Joel Parish and Johannes Heidecke and John Hallman and John Rizzo and Jonathan Gordon and Jonathan Uesato and Jonathan Uesato and Jonathan Ward and Joost Huizinga and Julie Wang and Kai Chen and Kai Xiao and Karan Singhal and Karina Nguyen and Karl Cobbe and Katy Shi and Kayla Wood and Kendra Rimbach and Keren Gu-Lemberg and Keren GuLemberg and Kevin Liu and Kevin Lu and Kevin Stone and Kevin Yu and Lama Ahmad and Lauren Yang and Leo Liu and Leon Maksin and Leyton Ho and Liam Fedus and Lilian Weng and Linden Li and Lindsay McCallum and Lindsey Held and Lorenz Kuhn and Lukas Kondraciuk and Lukasz Kaiser and Luke Metz and Madelaine Boyd and Maja Trebacz and Manas Joglekar and Mark Chen and Marko Tintor and Mason Meyer and Matt Jones and Matt Kaufer and Max Schwarzer and Meghan Shah and Mehmet Yatbaz and Melody Guan and Mengyuan Xu and Mengyuan Yan and Mia Glaese and Mianna Chen and Mianna Chen and Michael Lampe and Michael Malek and Michele Wang and Michelle Fradin and Mike McClay and Mikhail Pavlov and Miles Wang and Mingxuan Wang and Mira Murati and Mo Bavarian and Mostafa Rohaninejad and Nat McAleese and Neil Chowdhury and Neil Chowdhury and Nick Ryder and Nikolas Tezak and Noam Brown and Ofir Nachum and Oleg Boiko and Oleg Murk and Olivia Watkins and Patrick Chao and Paul Ashbourne and Pavel Izmailov and Peter Zhokhov and Rachel Dias and Rahul Arora and Randall Lin and Rapha Gontijo Lopes and Raz Gaon and Reah Miyara and Reimar Leike and Renny Hwang and Rhythm Garg and Robin Brown and Roshan James and Rui Shu and Ryan Cheu and Ryan Greene and Saachi Jain and Sam Altman and Sam Toizer and Sam Toyer and Samuel Miserendino and Sandhini Agarwal and Santiago Hernandez and Sasha Baker and Scott McKinney and Scottie Yan and Shengjia Zhao and Shengli Hu and Shibani Santurkar and Shraman Ray Chaudhuri and Shuyuan Zhang and Siyuan Fu and Spencer Papay and Steph Lin and Suchir Balaji and Suvansh Sanjeev and Szymon Sidor and Tal Broda and Aidan Clark and Tao Wang and Taylor Gordon and Ted Sanders and Tejal Patwardhan and Thibault Sottiaux and Thomas Degry and Thomas Dimson and Tianhao Zheng and Timur Garipov and Tom Stasi and Trapit Bansal and Trevor Creech and Troy Peterson and Tyna Eloundou and Valerie Qi and Vineet Kosaraju and Vinnie Monaco and Vitchyr Pong and Vlad Fomenko and Weiyi Zheng and Wenda Zhou and Wes McCabe and Wojciech Zaremba and Yann Dubois and Yinghai Lu and Yining Chen and Young Cha and Yu Bai and Yuchen He and Yuchen Zhang and Yunyun Wang and Zheng Shao and Zhuohan Li},
      year={2024},
      eprint={2412.16720},
      archivePrefix={arXiv},
      primaryClass={cs.AI},
      url={https://arxiv.org/abs/2412.16720}, 
}


@misc{jiang2024surveylargelanguagemodels,
      title={A Survey on Large Language Models for Code Generation}, 
      author={Juyong Jiang and Fan Wang and Jiasi Shen and Sungju Kim and Sunghun Kim},
      year={2024},
      eprint={2406.00515},
      archivePrefix={arXiv},
      primaryClass={cs.CL},
      url={https://arxiv.org/abs/2406.00515}, 
}
@misc{zhao2024surveylargelanguagemodels,
      title={A Survey of Large Language Models}, 
      author={Wayne Xin Zhao and Kun Zhou and Junyi Li and Tianyi Tang and Xiaolei Wang and Yupeng Hou and Yingqian Min and Beichen Zhang and Junjie Zhang and Zican Dong and Yifan Du and Chen Yang and Yushuo Chen and Zhipeng Chen and Jinhao Jiang and Ruiyang Ren and Yifan Li and Xinyu Tang and Zikang Liu and Peiyu Liu and Jian-Yun Nie and Ji-Rong Wen},
      year={2024},
      eprint={2303.18223},
      archivePrefix={arXiv},
      primaryClass={cs.CL},
      url={https://arxiv.org/abs/2303.18223}, 
}

@article{DBLP:journals/corr/abs-2312-17449,
  author       = {Siqiao Xue and
                  Caigao Jiang and
                  Wenhui Shi and
                  Fangyin Cheng and
                  Keting Chen and
                  Hongjun Yang and
                  Zhiping Zhang and
                  Jianshan He and
                  Hongyang Zhang and
                  Ganglin Wei and
                  Wang Zhao and
                  Fan Zhou and
                  Danrui Qi and
                  Hong Yi and
                  Shaodong Liu and
                  Faqiang Chen},
  title        = {{DB-GPT:} Empowering Database Interactions with Private Large Language
                  Models},
  journal      = {CoRR},
  volume       = {abs/2312.17449},
  year         = {2023},
  url          = {https://doi.org/10.48550/arXiv.2312.17449},
  doi          = {10.48550/ARXIV.2312.17449},
  eprinttype    = {arXiv},
  eprint       = {2312.17449},
  timestamp    = {Tue, 12 Nov 2024 18:39:03 +0100},
  biburl       = {https://dblp.org/rec/journals/corr/abs-2312-17449.bib},
  bibsource    = {dblp computer science bibliography, https://dblp.org}
}


@book{DBLP:books/sp/KimRB85,
  editor       = {Won Kim and
                  David S. Reiner and
                  Don S. Batory},
  title        = {Query Processing in Database Systems},
  publisher    = {Springer},
  year         = {1985},
  isbn         = {3-540-13831-5},
  timestamp    = {Sat, 03 Aug 2019 22:43:26 +0200},
  biburl       = {https://dblp.org/rec/books/sp/KimRB85.bib},
  bibsource    = {dblp computer science bibliography, https://dblp.org}
}


@book{DBLP:books/mk/FreytagMV91,
  editor       = {Johann Christoph Freytag and
                  David Maier and
                  Gottfried Vossen},
  title        = {Query Processing for Advanced Database Systems},
  publisher    = {Morgan Kaufmann},
  year         = {1994},
  isbn         = {1-55860-271-2},
  timestamp    = {Tue, 07 Nov 2017 13:40:04 +0100},
  biburl       = {https://dblp.org/rec/books/mk/FreytagMV91.bib},
  bibsource    = {dblp computer science bibliography, https://dblp.org}
}

@article{DBLP:journals/csur/JarkeK84,
  author       = {Matthias Jarke and
                  J{\"{u}}rgen Koch},
  title        = {Query Optimization in Database Systems},
  journal      = {{ACM} Comput. Surv.},
  volume       = {16},
  number       = {2},
  pages        = {111--152},
  year         = {1984},
  url          = {https://doi.org/10.1145/356924.356928},
  doi          = {10.1145/356924.356928},
  timestamp    = {Tue, 06 Nov 2018 12:50:47 +0100},
  biburl       = {https://dblp.org/rec/journals/csur/JarkeK84.bib},
  bibsource    = {dblp computer science bibliography, https://dblp.org}
}

@article{DBLP:journals/csur/Graefe93,
  author       = {Goetz Graefe},
  title        = {Query Evaluation Techniques for Large Databases},
  journal      = {{ACM} Comput. Surv.},
  volume       = {25},
  number       = {2},
  pages        = {73--170},
  year         = {1993},
  url          = {https://doi.org/10.1145/152610.152611},
  doi          = {10.1145/152610.152611},
  timestamp    = {Tue, 06 Nov 2018 12:50:47 +0100},
  biburl       = {https://dblp.org/rec/journals/csur/Graefe93.bib},
  bibsource    = {dblp computer science bibliography, https://dblp.org}
}

@inproceedings{DBLP:conf/pods/Chaudhuri98,
  author       = {Surajit Chaudhuri},
  editor       = {Alberto O. Mendelzon and
                  Jan Paredaens},
  title        = {An Overview of Query Optimization in Relational Systems},
  booktitle    = {Proc. PODS},
  pages        = {34--43},
  publisher    = {{ACM} Press},
  year         = {1998},
  url          = {https://doi.org/10.1145/275487.275492},
  doi          = {10.1145/275487.275492},
  timestamp    = {Thu, 15 Nov 2018 10:37:42 +0100},
  biburl       = {https://dblp.org/rec/conf/pods/Chaudhuri98.bib},
  bibsource    = {dblp computer science bibliography, https://dblp.org}
}




@article{DBLP:journals/corr/abs-2407-21783,
  author       = {Abhimanyu Dubey and
                  Abhinav Jauhri and
                  Abhinav Pandey and
                  Abhishek Kadian and
                  Ahmad Al{-}Dahle and
                  Aiesha Letman and
                  Akhil Mathur and
                  Alan Schelten and
                  Amy Yang and
                  Angela Fan and
                  Anirudh Goyal and
                  Anthony Hartshorn and
                  Aobo Yang and
                  Archi Mitra and
                  Archie Sravankumar and
                  Artem Korenev and
                  Arthur Hinsvark and
                  Arun Rao and
                  Aston Zhang and
                  Aur{\'{e}}lien Rodriguez and
                  Austen Gregerson and
                  Ava Spataru and
                  Baptiste Rozi{\`{e}}re and
                  Bethany Biron and
                  Binh Tang and
                  Bobbie Chern and
                  Charlotte Caucheteux and
                  Chaya Nayak and
                  Chloe Bi and
                  Chris Marra and
                  Chris McConnell and
                  Christian Keller and
                  Christophe Touret and
                  Chunyang Wu and
                  Corinne Wong and
                  Cristian Canton Ferrer and
                  Cyrus Nikolaidis and
                  Damien Allonsius and
                  Daniel Song and
                  Danielle Pintz and
                  Danny Livshits and
                  David Esiobu and
                  Dhruv Choudhary and
                  Dhruv Mahajan and
                  Diego Garcia{-}Olano and
                  Diego Perino and
                  Dieuwke Hupkes and
                  Egor Lakomkin and
                  Ehab AlBadawy and
                  Elina Lobanova and
                  Emily Dinan and
                  Eric Michael Smith and
                  Filip Radenovic and
                  Frank Zhang and
                  Gabriel Synnaeve and
                  Gabrielle Lee and
                  Georgia Lewis Anderson and
                  Graeme Nail and
                  Gr{\'{e}}goire Mialon and
                  Guan Pang and
                  Guillem Cucurell and
                  Hailey Nguyen and
                  Hannah Korevaar and
                  Hu Xu and
                  Hugo Touvron and
                  Iliyan Zarov and
                  Imanol Arrieta Ibarra and
                  Isabel M. Kloumann and
                  Ishan Misra and
                  Ivan Evtimov and
                  Jade Copet and
                  Jaewon Lee and
                  Jan Geffert and
                  Jana Vranes and
                  Jason Park and
                  Jay Mahadeokar and
                  Jeet Shah and
                  Jelmer van der Linde and
                  Jennifer Billock and
                  Jenny Hong and
                  Jenya Lee and
                  Jeremy Fu and
                  Jianfeng Chi and
                  Jianyu Huang and
                  Jiawen Liu and
                  Jie Wang and
                  Jiecao Yu and
                  Joanna Bitton and
                  Joe Spisak and
                  Jongsoo Park and
                  Joseph Rocca and
                  Joshua Johnstun and
                  Joshua Saxe and
                  Junteng Jia and
                  Kalyan Vasuden Alwala and
                  Kartikeya Upasani and
                  Kate Plawiak and
                  Ke Li and
                  Kenneth Heafield and
                  Kevin Stone and
                  et al.},
  title        = {The Llama 3 Herd of Models},
  journal      = {CoRR},
  volume       = {abs/2407.21783},
  year         = {2024},
  url          = {https://doi.org/10.48550/arXiv.2407.21783},
  doi          = {10.48550/ARXIV.2407.21783},
  eprinttype    = {arXiv},
  eprint       = {2407.21783},
  timestamp    = {Wed, 11 Dec 2024 17:20:48 +0100},
  biburl       = {https://dblp.org/rec/journals/corr/abs-2407-21783.bib},
  bibsource    = {dblp computer science bibliography, https://dblp.org}
}

@article{graefe1994sort,
  title={Sort vs. hash revisited},
  author={Graefe, Goetz and Linville, Ann and Shapiro, Leonard D.},
  journal={IEEE Transactions on Knowledge and Data Engineering},
  volume={6},
  number={6},
  pages={934--944},
  year={1994},
  publisher={IEEE}
}

