@article{Hristova2003,
    author = {Hristova, Maria and Misra, Ananya and Rutter, Megan and Mercuri, Rebecca},
    title = {Identifying and correcting Java programming errors for introductory computer science students},
    year = {2003},
    issue_date = {January 2003},
    publisher = {Association for Computing Machinery},
    address = {New York, NY, USA},
    volume = {35},
    number = {1},
    issn = {0097-8418},
    url = {https://doi.org/10.1145/792548.611956},
    doi = {10.1145/792548.611956},
    journal = {SIGCSE Bull.},
    month = {jan},
    pages = {153–156},
    numpages = {4},
    keywords = {syntax, semantics, programming, logic, Java, CS1}
}

@inproceedings{Brown2014,
    author = {Brown, Neil C.C. and Altadmri, Amjad},
    title = {Investigating novice programming mistakes: educator beliefs vs. student data},
    year = {2014},
    isbn = {9781450327558},
    publisher = {Association for Computing Machinery},
    address = {New York, NY, USA},
    url = {https://doi.org/10.1145/2632320.2632343},
    doi = {10.1145/2632320.2632343},
    booktitle = {Proceedings of the Tenth Annual Conference on International Computing Education Research},
    pages = {43–50},
    numpages = {8},
    keywords = {educators, programming mistakes},
    location = {Glasgow, Scotland, United Kingdom},
    series = {ICER '14}
}

@inproceedings{brown2014blackbox,
author = {Brown, Neil Christopher Charles and K\"{o}lling, Michael and McCall, Davin and Utting, Ian},
title = {Blackbox: a large scale repository of novice programmers' activity},
year = {2014},
isbn = {9781450326056},
publisher = {Association for Computing Machinery},
address = {New York, NY, USA},
url = {https://doi.org/10.1145/2538862.2538924},
doi = {10.1145/2538862.2538924},
booktitle = {Proceedings of the 45th ACM Technical Symposium on Computer Science Education},
pages = {223–228},
numpages = {6},
keywords = {programming education, data collection, blackbox, BlueJ},
location = {Atlanta, Georgia, USA},
series = {SIGCSE '14}
}

@inproceedings{Brown2015,
    author = {Altadmri, Amjad and Brown, Neil C.C.},
    title = {37 Million Compilations: Investigating Novice Programming Mistakes in Large-Scale Student Data},
    year = {2015},
    isbn = {9781450329668},
    publisher = {Association for Computing Machinery},
    address = {New York, NY, USA},
    url = {https://doi.org/10.1145/2676723.2677258},
    doi = {10.1145/2676723.2677258},
    booktitle = {Proceedings of the 46th ACM Technical Symposium on Computer Science Education},
    pages = {522–527},
    numpages = {6},
    keywords = {blackbox, programming mistakes},
    location = {Kansas City, Missouri, USA},
    series = {SIGCSE '15}
}


@article{Brown2017,
    author = {Brown, Neil C. C. and Altadmri, Amjad},
    title = {Novice Java Programming Mistakes: Large-Scale Data vs. Educator Beliefs},
    year = {2017},
    issue_date = {June 2017},
    publisher = {Association for Computing Machinery},
    address = {New York, NY, USA},
    volume = {17},
    number = {2},
    url = {https://doi.org/10.1145/2994154},
    doi = {10.1145/2994154},
    journal = {ACM Trans. Comput. Educ.},
    month = {may},
    articleno = {7},
    numpages = {21},
    keywords = {Programming mistakes, blackbox, educators, java}
}

@inproceedings{Ettles2018,
    author = {Ettles, Andrew and Luxton-Reilly, Andrew and Denny, Paul},
    title = {Common logic errors made by novice programmers},
    year = {2018},
    isbn = {9781450363402},
    publisher = {Association for Computing Machinery},
    address = {New York, NY, USA},
    url = {https://doi.org/10.1145/3160489.3160493},
    doi = {10.1145/3160489.3160493},
    booktitle = {Proceedings of the 20th Australasian Computing Education Conference},
    pages = {83–89},
    numpages = {7},
    keywords = {novice programmers, logic errors, CS1},
    location = {Brisbane, Queensland, Australia},
    series = {ACE '18}
}

@inbook{Mase2022,
    author = {Mase, Ben and Nel, Liezel},
    publisher = {Springer Nature Switzerland AG},
    year = {2022},
    month = {01},
    pages = {102-117},
    title = {Common Code Writing Errors Made by Novice Programmers: Implications for the Teaching of Introductory Programming},
    isbn = {978-3-030-95002-6},
    doi = {10.1007/978-3-030-95003-3_7}
}

@book{Robins2019,
    author = {Anthony V. Robins} ,
    title ={Novice Programmers and Introductory Programming} ,
    publisher = {Cambridge University Press},
    year = {2019}
}


@inproceedings{Lahtinen2005,
    author = {Lahtinen, Essi and Ala-Mutka, Kirsti and J\"{a}rvinen, Hannu-Matti},
    title = {A study of the difficulties of novice programmers},
    year = {2005},
    isbn = {1595930248},
    publisher = {Association for Computing Machinery},
    address = {New York, NY, USA},
    url = {https://doi.org/10.1145/1067445.1067453},
    doi = {10.1145/1067445.1067453},
    booktitle = {Proceedings of the 10th Annual SIGCSE Conference on Innovation and Technology in Computer Science Education},
    pages = {14–18},
    numpages = {5},
    keywords = {teaching, programming, novices, learning, difficulties},
    location = {Caparica, Portugal},
    series = {ITiCSE '05}
}



@article{Rodrigo2013,
    author ={Ma. Mercedes T. Rodrigo and Thor Collin S. Andallaza and Francisco Enrique Vicente G. Castro and Marc Lester V. Armenta, Thomas T. Dy and Matthew C. Jadud} ,
    title = {An Analysis of Java Programming Behaviors, Affect, Perceptions, and Syntax Errors among Low-Achieving, Average, and High-Achieving Novice Programmers},
    journal = {Journal of Educational Computing Research},
    year = {2013}
}

@inproceedings{Tabano2011Compiler,
    author = {Tabanao, Emily S. and Rodrigo, Ma. Mercedes T. and Jadud, Matthew C.},
    title = {Predicting at-risk novice Java programmers through the analysis of online protocols},
    year = {2011},
    isbn = {9781450308298},
    publisher = {Association for Computing Machinery},
    address = {New York, NY, USA},
    url = {https://doi.org/10.1145/2016911.2016930},
    doi = {10.1145/2016911.2016930},
    booktitle = {Proceedings of the Seventh International Workshop on Computing Education Research},
    pages = {85–92},
    numpages = {8},
    keywords = {achievement, compilation behavior, cs1, java programming, novice programmers},
    location = {Providence, Rhode Island, USA},
    series = {ICER '11}
}

@inproceedings{Jadud2006Compiler,
    author = {Jadud, Matthew C.},
    title = {Methods and tools for exploring novice compilation behaviour},
    year = {2006},
    isbn = {1595934944},
    publisher = {Association for Computing Machinery},
    address = {New York, NY, USA},
    url = {https://doi.org/10.1145/1151588.1151600},
    doi = {10.1145/1151588.1151600},
    booktitle = {Proceedings of the Second International Workshop on Computing Education Research},
    pages = {73–84},
    numpages = {12},
    keywords = {BlueJ, Java, behavior, compilation, compiler, novice},
    location = {Canterbury, United Kingdom},
    series = {ICER '06}
}


@inproceedings{JacksonMilitär,
  author={Jackson, J. and Cobb, M. and Carver, C.},
  booktitle={Proceedings Frontiers in Education 35th Annual Conference}, 
  title={Identifying Top Java Errors for Novice Programmers}, 
  year={2005},
  volume={},
  number={},
  pages={T4C-T4C},
  keywords={Java;Programming profession;Computer errors;Real time systems;Lab-on-a-chip;Program processors;Education;Information technology;Databases;Educational institutions;Syntax Errors;Programming;Information Technology},
  doi={10.1109/FIE.2005.1611967}
}


@inproceedings{DennyCompiler,
    author = {Denny, Paul and Luxton-Reilly, Andrew and Tempero, Ewan},
    title = {All syntax errors are not equal},
    year = {2012},
    isbn = {9781450312462},
    publisher = {Association for Computing Machinery},
    address = {New York, NY, USA},
    url = {https://doi.org/10.1145/2325296.2325318},
    doi = {10.1145/2325296.2325318},
    booktitle = {Proceedings of the 17th ACM Annual Conference on Innovation and Technology in Computer Science Education},
    pages = {75–80},
    numpages = {6},
    keywords = {assessment, codewrite, drill and practice, java, syntax errors},
    location = {Haifa, Israel},
    series = {ITiCSE '12}
}


@inproceedings{DyCompiler,
    author = {Dy, Thomas and Rodrigo, Ma. Mercedes},
    title = {A detector for non-literal Java errors},
    year = {2010},
    isbn = {9781450305204},
    publisher = {Association for Computing Machinery},
    address = {New York, NY, USA},
    url = {https://doi.org/10.1145/1930464.1930485},
    doi = {10.1145/1930464.1930485},
    booktitle = {Proceedings of the 10th Koli Calling International Conference on Computing Education Research},
    pages = {118–122},
    numpages = {5},
    keywords = {BlueJ, Java, non-literal errors, novice programmers},
    location = {Koli, Finland},
    series = {Koli Calling '10}
}

@article{AlzahraniHomeworkStruggle,
    title = "An analysis of common errors leading to excessive student struggle on homework problems in an introductory programming course",
    author = "Nabeel Alzahrani and Frank Vahid and Edgcomb, {Alex Daniel} and Roman Lysecky and Susan Lysecky",
    note = "Publisher Copyright: {\textcopyright} American Society for Engineering Education, 2018.; 125th ASEE Annual Conference and Exposition ; Conference date: 23-06-2018 Through 27-12-2018",
    year = "2018",
    month = jun,
    day = "23",
    language = "English (US)",
    volume = "2018-June",
    journal = "ASEE Annual Conference and Exposition, Conference Proceedings",
    issn = "2153-5965"
}

@article{QianHighSchool,
    author = {Qian, Yizhou and Lehman, James},
    year = {2019},
    month = {11},
    pages = {073563311988750},
    title = {An Investigation of High School Students’ Errors in Introductory Programming: A Data-Driven Approach},
    volume = {58},
    journal = {Journal of Educational Computing Research},
    doi = {10.1177/0735633119887508}
}


@inproceedings{Kölling2014,
    author = {Mccall, Davin and Kölling, Michael},
    booktitle = {Conference: Frontiers In Education Conference (FIE)},
    year = {2014},
    month = {10},
    pages = {},
    title = {{Meaningful Categorisation of Novice Programmer Errors}},
    volume = {2015},
    journal = {Proceedings - Frontiers in Education Conference, FIE},
    doi = {10.1109/FIE.2014.7044420}
}

@article{Kölling2019,
    author = {McCall, Davin and K\"{o}lling, Michael},
    title = {{A New Look at Novice Programmer Errors}},
    year = {2019},
    issue_date = {December 2019},
    publisher = {Association for Computing Machinery},
    address = {New York, NY, USA},
    volume = {19},
    number = {4},
    url = {https://doi.org/10.1145/3335814},
    doi = {10.1145/3335814},
    journal = {ACM Trans. Comput. Educ.},
    month = {jul},
    articleno = {38},
    numpages = {30},
    keywords = {novice programmers, Programming errors, Java}
}

@inproceedings{EllaSlopiness,
    author = {Albrecht, Ella and Grabowski, Jens},
    title = {Sometimes It's Just Sloppiness - Studying Students' Programming Errors and Misconceptions},
    year = {2020},
    isbn = {9781450367936},
    publisher = {Association for Computing Machinery},
    address = {New York, NY, USA},
    url = {https://doi.org/10.1145/3328778.3366862},
    doi = {10.1145/3328778.3366862},
    booktitle = {Proceedings of the 51st ACM Technical Symposium on Computer Science Education},
    pages = {340–345},
    numpages = {6},
    keywords = {errors, misconceptions, novices, programming},
    location = {Portland, OR, USA},
    series = {SIGCSE '20}
}

@inproceedings{Shirafuji2023,
   title={Rule-Based Error Classification for Analyzing Differences in Frequent Errors},
   url={http://dx.doi.org/10.1109/TALE56641.2023.10398341},
   DOI={10.1109/tale56641.2023.10398341},
   booktitle={2023 IEEE International Conference on Teaching, Assessment and Learning for Engineering (TALE)},
   publisher={IEEE},
   author={Shirafuji, Atsushi and Matsumoto, Taku and Ibne Amin, Md Faizul and Watanobe, Yutaka},
   year={2023},
   month=nov 
}

@article{Hall2012,
    author = {Hall, Morgan and Laughter, Keri and Brown, Jessica and Day, Chelynn and Thatcher, Christopher and Bryce, Renee},
    title = {An empirical study of programming bugs in CS1, CS2, and CS3 homework submissions},
    year = {2012},
    issue_date = {December 2012},
    publisher = {Consortium for Computing Sciences in Colleges},
    address = {Evansville, IN, USA},
    volume = {28},
    number = {2},
    issn = {1937-4771},
    journal = {J. Comput. Sci. Coll.},
    month = {dec},
    pages = {87–94},
    numpages = {8}
}

@inproceedings{Edwards2017,
    author = {Edwards, Stephen H. and Kandru, Nischel and Rajagopal, Mukund B.M.},
    title = {Investigating Static Analysis Errors in Student Java Programs},
    year = {2017},
    isbn = {9781450349680},
    publisher = {Association for Computing Machinery},
    address = {New York, NY, USA},
    url = {https://doi.org/10.1145/3105726.3106182},
    doi = {10.1145/3105726.3106182},
    booktitle = {Proceedings of the 2017 ACM Conference on International Computing Education Research},
    pages = {65–73},
    numpages = {9},
    keywords = {web-cat, static analysis, pmd, java, formatting, documentation, coding style, coding standard, checkstyle},
    location = {Tacoma, Washington, USA},
    series = {ICER '17}
}

@article{Chuang2024,
    title = {Analyzing novice and competent programmers' problem-solving behaviors using an automated evaluation system},
    journal = {Science of Computer Programming},
    volume = {237},
    pages = {103138},
    year = {2024},
    issn = {0167-6423},
    doi = {https://doi.org/10.1016/j.scico.2024.103138},
    url = {https://www.sciencedirect.com/science/article/pii/S0167642324000613},
    author = {Yung-Ting Chuang and Hsin-Yu Chang},
    keywords = {Instructional technology, Programming education, Data visualization, Problem-solving behaviors, Automated evaluation system},
}

@article{Wing06,
    	author = {Wing, Jeannette},
    	title = {{Computational Thinking}},
    	journal = {CACM},
    	volume = {49},
    	number = {3},
    	year = {2006},
    	pages = {33--35},
    	publisher = {ACM}
}

@inproceedings{Liao2021,
    author = {Liao, Soohyun and Shah, Kartik and Griswold, William and Porter, Leo},
    year = {2021},
    month = {06},
    pages = {366-372},
    title = {A Quantitative Analysis of Study Habits Among Lower- and Higher-Performing Students in CS1},
    booktitle = {ITiCSE '21: Proceedings of the 26th ACM Conference on Innovation and Technology in Computer Science Education V. 1},
    doi = {10.1145/3430665.3456350}
}

@article{Chinn2010,
    author = {Chinn, Donald and Sheard, Judy and Carbone, Angela and Laakso, Mikko-Jussi},
    year = {2010},
    month = {01},
    pages = {},
    title = {Study habits of CS1 students: what do they do outside the classroom?},
    volume = {103},
    journal = {Conferences in Research and Practice in Information Technology Series}
}

@Article{Pisan2024,
  author    = {Pisan, Yusuf},
  journal   = {Creative Education},
  title     = {Evolution of the Software Toolchain for Computer Science Students},
  year      = {2024},
  issn      = {2151-4771},
  number    = {06},
  pages     = {1223--1236},
  volume    = {15},
  doi       = {10.4236/ce.2024.156074},
  publisher = {Scientific Research Publishing, Inc.}
}


%%%% Additional Related Work (added later on)
@INPROCEEDINGS{bryce2010cs1cs2,
  author={Bryce, Renée C. and Cooley, Alison and Hansen, Amy and Hayrapetyan, Nare},
  booktitle={2010 IEEE Frontiers in Education Conference (FIE)}, 
  title={A one year empirical study of student programming bugs}, 
  year={2010},
  volume={},
  number={},
  pages={F1G-1-F1G-7},
  keywords={Computer bugs;Programming;Problem-solving;Syntactics;Switches;Book reviews;CS1;CS2;programming bugs},
  doi={10.1109/FIE.2010.5673143}
}

@inproceedings{fwa2024chatGPT,
    author = {Fwa, Hua Leong},
    title = {Experience Report: Identifying common misconceptions and errors of novice programmers with ChatGPT},
    year = {2024},
    isbn = {9798400704987},
    publisher = {Association for Computing Machinery},
    address = {New York, NY, USA},
    url = {https://doi.org/10.1145/3639474.3640059},
    doi = {10.1145/3639474.3640059},
    booktitle = {Proceedings of the 46th International Conference on Software Engineering: Software Engineering Education and Training},
    pages = {233–241},
    numpages = {9},
    keywords = {LLM, ChatGPT, misconception, programming, errors, cluster, prompts},
    location = {Lisbon, Portugal},
    series = {ICSE-SEET '24}
}

@inproceedings{geng2023struggling,
    author = {Geng, Chuqin and Xu, Wenwen and Xu, Yingjie and Pientka, Brigitte and Si, Xujie},
    title = {Identifying Different Student Clusters in Functional Programming Assignments: From Quick Learners to Struggling Students},
    year = {2023},
    isbn = {9781450394314},
    publisher = {Association for Computing Machinery},
    address = {New York, NY, USA},
    url = {https://doi.org/10.1145/3545945.3569882},
    doi = {10.1145/3545945.3569882},
    booktitle = {Proceedings of the 54th ACM Technical Symposium on Computer Science Education V. 1},
    pages = {750–756},
    numpages = {7},
    keywords = {cluster analysis, computer science education, online programming platform},
    location = {Toronto ON, Canada},
    series = {SIGCSE 2023}
}

@inproceedings{hoq2024automatic,
    author = {Hoq, Muntasir and Vandenberg, Jessica and Mott, Bradford and Lester, James and Norouzi, Narges and Akram, Bita},
    title = {Towards Attention-Based Automatic Misconception Identification in Introductory Programming Courses},
    year = {2024},
    isbn = {9798400704246},
    publisher = {Association for Computing Machinery},
    address = {New York, NY, USA},
    url = {https://doi.org/10.1145/3626253.3635575},
    doi = {10.1145/3626253.3635575},
    booktitle = {Proceedings of the 55th ACM Technical Symposium on Computer Science Education V. 2},
    pages = {1680–1681},
    numpages = {2},
    keywords = {automatic misconception identification, introductory programming course, program analysis, programming logical error},
    location = {Portland, OR, USA},
    series = {SIGCSE 2024}
}

@inproceedings{staub2022logo,
    author = {Staub, Jacqueline and Chothia, Zaheer},
    title = {Large-Scale Analysis of Error Frequencies in Logo Programming},
    year = {2022},
    isbn = {9781450390705},
    publisher = {Association for Computing Machinery},
    address = {New York, NY, USA},
    url = {https://doi.org/10.1145/3478431.3499393},
    doi = {10.1145/3478431.3499393},
    booktitle = {Proceedings of the 53rd ACM Technical Symposium on Computer Science Education - Volume 1},
    pages = {571–577},
    numpages = {7},
    keywords = {syntax errors, runtime error, programming education, frequency analysis},
    location = {Providence, RI, USA},
    series = {SIGCSE 2022}
}
%Notes: on compilation, finds mostly syntax errors

@inproceedings{macneil2024gpt,
    author = {Macneil, Stephen and Denny, Paul and Tran, Andrew and Leinonen, Juho and Bernstein, Seth and Hellas, Arto and Sarsa, Sami and Kim, Joanne},
    title = {Decoding Logic Errors: A Comparative Study on Bug Detection by Students and Large Language Models},
    year = {2024},
    isbn = {9798400716195},
    publisher = {Association for Computing Machinery},
    address = {New York, NY, USA},
    url = {https://doi.org/10.1145/3636243.3636245},
    doi = {10.1145/3636243.3636245},
    booktitle = {Proceedings of the 26th Australasian Computing Education Conference},
    pages = {11–18},
    numpages = {8},
    keywords = {bug detection, computing education, generative AI, large language models, programming errors},
    location = {Sydney, NSW, Australia},
    series = {ACE '24}
}


@article{rahman2021automated,
	title = {Categorization of {Frequent} {Errors} in {Solution} {Codes} {Created} by {Novice} {Programmers}},
	volume = {102},
	copyright = {© The Authors, published by EDP Sciences, 2021},
	issn = {2261-2424},
	url = {https://www.shs-conferences.org/articles/shsconf/abs/2021/13/shsconf_etltc2021_04014/shsconf_etltc2021_04014.html},
	doi = {10.1051/shsconf/202110204014},
	language = {en},
	urldate = {2024-07-24},
	journal = {SHS Web of Conferences},
	author = {Rahman, Md Mostafizer and Kawabayashi, Shunsuke and Watanobe, Yutaka},
	year = {2021},
	note = {Publisher: EDP Sciences},
	pages = {04014},
}

@inproceedings{svabensky2024grades,
    author = {\v{S}v\'{a}bensk\'{y}, Valdemar and Pankiewicz, Maciej and Zhang, Jiayi and Cloude, Elizabeth B. and Baker, Ryan S. and Fouh, Eric},
    title = {Comparison of Three Programming Error Measures for Explaining Variability in CS1 Grades},
    year = {2024},
    isbn = {9798400706004},
    publisher = {Association for Computing Machinery},
    address = {New York, NY, USA},
    url = {https://doi.org/10.1145/3649217.3653563},
    doi = {10.1145/3649217.3653563},
    booktitle = {Proceedings of the 2024 on Innovation and Technology in Computer Science Education V. 1},
    pages = {87–93},
    numpages = {7},
    keywords = {computer science education, introduction to programming, introductory programming, novice programming, programming education},
    location = {Milan, Italy},
    series = {ITiCSE 2024}
}

@InProceedings{Mostroem2008,
  author     = {Moström, Jan Erik and Boustedt, Jonas and Eckerdal, Anna and McCartney, Robert and Sanders, Kate and Thomas, Lynda and Zander, Carol},
  booktitle  = {Proceedings of the Fourth international Workshop on Computing Education Research},
  title      = {Concrete examples of abstraction as manifested in students’ transformative experiences},
  year       = {2008},
  month      = sep,
  pages      = {125--136},
  publisher  = {ACM},
  series     = {ICER ’08},
  volume     = {57},
  collection = {ICER ’08},
  doi        = {10.1145/1404520.1404533}
}

@Article{Sien2012,
  author    = {Sien, Ven and Chong, David},
  title     = {Threshold Concepts in Object-Oriented Modelling},
  year      = {2012},
  doi       = {10.14279/TUJ.ECEASST.52.763},
  language  = {en},
  publisher = {Electronic Communications of the EASST}
}

@Article{Yeomans2019,
  author    = {Yeomans, Lucy and Zschaler, Steffen and Coate, Kelly},
  journal   = {ACM Transactions on Computing Education},
  title     = {Transformative and Troublesome? Students’ and Professional Programmers’ Perspectives on Difficult Concepts in Programming},
  year      = {2019},
  issn      = {1946-6226},
  month     = jan,
  number    = {3},
  pages     = {1--27},
  volume    = {19},
  doi       = {10.1145/3283071},
  publisher = {Association for Computing Machinery (ACM)}
}

@Article{Boustedt2007,
  author    = {Boustedt, Jonas and Eckerdal, Anna and McCartney, Robert and Moström, Jan Erik and Ratcliffe, Mark and Sanders, Kate and Zander, Carol},
  journal   = {ACM SIGCSE Bulletin},
  title     = {Threshold concepts in computer science: do they exist and are they useful?},
  year      = {2007},
  issn      = {0097-8418},
  month     = mar,
  number    = {1},
  pages     = {504--508},
  volume    = {39},
  doi       = {10.1145/1227504.1227482},
  publisher = {Association for Computing Machinery (ACM)}
}

@InProceedings{Sanders2016,
    author     = {Sanders, Kate and McCartney, Robert},
    booktitle  = {Proceedings of the 16th Koli Calling International Conference on Computing Education Research},
    title      = {Threshold concepts in computing: past, present, and future},
    year       = {2016},
    month      = nov,
    pages      = {91--100},
    publisher  = {ACM},
    series     = {Koli Calling 2016},
    volume     = {57},
    collection = {Koli Calling 2016},
    doi        = {10.1145/2999541.2999546}
}

@online{bluej_opensource,
  author    = {Seth Kenlon},
  title     = {Painless Java with BlueJ},
  year      = {2021},
  url       = {https://opensource.com/article/21/4/painless-java-bluej},
  note      = {Accessed: 2024-09-27},
}

@manual{bluej_manual,
  title     = {BlueJ Reference Manual},
  author    = {Michael Kölling and John Rosenberg},
  year      = {2024},
  url       = {https://bluej.org/download/files/bluej-ref-manual.pdf},
  note      = {Accessed: 2024-09-27},
}

@Article{Zhou2021,
  author    = {Zhou, Zihe and Wang, Shijuan and Qian, Yizhou},
  journal   = {Frontiers in Psychology},
  title     = {Learning From Errors: Exploring the Effectiveness of Enhanced Error Messages in Learning to Program},
  year      = {2021},
  issn      = {1664-1078},
  month     = nov,
  volume    = {12},
  doi       = {10.3389/fpsyg.2021.768962},
  file      = {:Google Drive/Paper/Qian2021.pdf:PDF},
  groups    = {Gelesen - einbezogen},
  publisher = {Frontiers Media SA},
}

@InProceedings{Becker2019,
  author     = {Becker, Brett A. and Denny, Paul and Pettit, Raymond and Bouchard, Durell and Bouvier, Dennis J. and Harrington, Brian and Kamil, Amir and Karkare, Amey and McDonald, Chris and Osera, Peter-Michael and Pearce, Janice L. and Prather, James},
  booktitle  = {Proceedings of the Working Group Reports on Innovation and Technology in Computer Science Education},
  title      = {{Compiler Error Messages Considered Unhelpful: The Landscape of Text-Based Programming Error Message Research}},
  year       = {2019},
  month      = dec,
  publisher  = {ACM},
  series     = {ITiCSE ’19},
  collection = {ITiCSE ’19},
  comment    = {**Betrachtung von Compiler Error Messages**},
  doi        = {10.1145/3344429.3372508},
  groups     = {Ungelesen - Uniteressant, Paper Master Thesis},
}

@inproceedings{tshukudu2020understanding,
  title={{Understanding conceptual transfer for students learning new programming languages}},
  author={Tshukudu, Ethel and Cutts, Quintin},
  booktitle={Proceedings of the 2020 ACM conference on international computing education research},
  pages={227--237},
  year={2020}
}

@inproceedings{tshukudu2021pedagogy,
    author = {Tshukudu, Ethel and Cutts, Quintin and Foster, Mary Ellen},
    title = {{Evaluating a Pedagogy for Improving Conceptual Transfer and Understanding in a Second Programming Language Learning Context}},
    year = {2021},
    isbn = {9781450384889},
    publisher = {Association for Computing Machinery},
    address = {New York, NY, USA},
    url = {https://doi.org/10.1145/3488042.3488050},
    doi = {10.1145/3488042.3488050},
    booktitle = {Proceedings of the 21st Koli Calling International Conference on Computing Education Research},
    articleno = {26},
    numpages = {10},
    keywords = {Java, Python, bridging, code comprehension, concepts, explicit, implicit, pedagogy, programming language, semantics, syntax, transfer},
    location = {Joensuu, Finland},
    series = {Koli Calling '21}
}

@book{Linz2011,
    author = {Linz, Peter},
    title = {An Introduction to Formal Languages and Automata, Fifth Edition},
    year = {2011},
    isbn = {9781449615529},
    publisher = {Jones and Bartlett Publishers, Inc.},
    address = {USA},
    edition = {5th}
}

@inproceedings{ahadi_falling_2014,
	author = {Ahadi, Alireza and Lister, Raymond and Teague, Donna},
	year = {2014},
	title = {Falling {Behind} {Early} and {Staying} {Behind} {When} {Learning} to {Program}},
	volume = {14},
	booktitle = {PPIG},
	pages = {77 -- 88}
}

@incollection{lishinski2019motivation,
	address = {Cambridge},
	series = {Cambridge {Handbooks} in {Psychology}},
	title = {Motivation, Attitudes, and Dispositions},
	booktitle = {The {Cambridge} {Handbook} of {Computing} {Education} {Research}},
	publisher = {Cambridge University Press},
	author = {Lishinski, Alex and Yadav, Aman},
	editor = {Robins, Anthony V. and Fincher, Sally A.},
	year = {2019},
	doi = {10.1017/9781108654555.029},
	pages = {801--826},
}

@misc{schantong2024,
      title={Toward Finding and Supporting Struggling Students in a Programming Course with an Early Warning System}, 
      author={Belinda Schantong and Dominik Gorgosch and Janet Siegmund},
      year={2024},
      eprint={2402.01709},
      archivePrefix={arXiv},
      primaryClass={cs.CY},
      url={https://arxiv.org/abs/2402.01709}, 
}