@inproceedings{Brown2014,
    author = {Brown, Neil C.C. and Altadmri, Amjad},
    title = {Investigating novice programming mistakes: educator beliefs vs. student data},
    year = {2014},
    isbn = {9781450327558},
    publisher = {Association for Computing Machinery},
    address = {New York, NY, USA},
    url = {https://doi.org/10.1145/2632320.2632343},
    doi = {10.1145/2632320.2632343},
    booktitle = {Proceedings of the Tenth Annual Conference on International Computing Education Research},
    pages = {43–50},
    numpages = {8},
    keywords = {educators, programming mistakes},
    location = {Glasgow, Scotland, United Kingdom},
    series = {ICER '14}
}

@article{Brown2017,
    author = {Brown, Neil C. C. and Altadmri, Amjad},
    title = {Novice Java Programming Mistakes: Large-Scale Data vs. Educator Beliefs},
    year = {2017},
    issue_date = {June 2017},
    publisher = {Association for Computing Machinery},
    address = {New York, NY, USA},
    volume = {17},
    number = {2},
    url = {https://doi.org/10.1145/2994154},
    doi = {10.1145/2994154},
    journal = {ACM Trans. Comput. Educ.},
    month = {may},
    articleno = {7},
    numpages = {21},
    keywords = {Programming mistakes, blackbox, educators, java}
}

@inproceedings{DennyCompiler,
    author = {Denny, Paul and Luxton-Reilly, Andrew and Tempero, Ewan},
    title = {All syntax errors are not equal},
    year = {2012},
    isbn = {9781450312462},
    publisher = {Association for Computing Machinery},
    address = {New York, NY, USA},
    url = {https://doi.org/10.1145/2325296.2325318},
    doi = {10.1145/2325296.2325318},
    booktitle = {Proceedings of the 17th ACM Annual Conference on Innovation and Technology in Computer Science Education},
    pages = {75–80},
    numpages = {6},
    keywords = {assessment, codewrite, drill and practice, java, syntax errors},
    location = {Haifa, Israel},
    series = {ITiCSE '12}
}

@inproceedings{Edwards2017,
    author = {Edwards, Stephen H. and Kandru, Nischel and Rajagopal, Mukund B.M.},
    title = {Investigating Static Analysis Errors in Student Java Programs},
    year = {2017},
    isbn = {9781450349680},
    publisher = {Association for Computing Machinery},
    address = {New York, NY, USA},
    url = {https://doi.org/10.1145/3105726.3106182},
    doi = {10.1145/3105726.3106182},
    booktitle = {Proceedings of the 2017 ACM Conference on International Computing Education Research},
    pages = {65–73},
    numpages = {9},
    keywords = {web-cat, static analysis, pmd, java, formatting, documentation, coding style, coding standard, checkstyle},
    location = {Tacoma, Washington, USA},
    series = {ICER '17}
}

@inproceedings{Ettles2018,
    author = {Ettles, Andrew and Luxton-Reilly, Andrew and Denny, Paul},
    title = {Common logic errors made by novice programmers},
    year = {2018},
    isbn = {9781450363402},
    publisher = {Association for Computing Machinery},
    address = {New York, NY, USA},
    url = {https://doi.org/10.1145/3160489.3160493},
    doi = {10.1145/3160489.3160493},
    booktitle = {Proceedings of the 20th Australasian Computing Education Conference},
    pages = {83–89},
    numpages = {7},
    keywords = {novice programmers, logic errors, CS1},
    location = {Brisbane, Queensland, Australia},
    series = {ACE '18}
}

@article{Hristova2003,
    author = {Hristova, Maria and Misra, Ananya and Rutter, Megan and Mercuri, Rebecca},
    title = {Identifying and correcting Java programming errors for introductory computer science students},
    year = {2003},
    issue_date = {January 2003},
    publisher = {Association for Computing Machinery},
    address = {New York, NY, USA},
    volume = {35},
    number = {1},
    issn = {0097-8418},
    url = {https://doi.org/10.1145/792548.611956},
    doi = {10.1145/792548.611956},
    journal = {SIGCSE Bull.},
    month = {jan},
    pages = {153–156},
    numpages = {4},
    keywords = {syntax, semantics, programming, logic, Java, CS1}
}

@inproceedings{Kölling2014,
    author = {Mccall, Davin and Kölling, Michael},
    booktitle = {Conference: Frontiers In Education Conference (FIE)},
    year = {2014},
    month = {10},
    pages = {},
    title = {{Meaningful Categorisation of Novice Programmer Errors}},
    volume = {2015},
    journal = {Proceedings - Frontiers in Education Conference, FIE},
    doi = {10.1109/FIE.2014.7044420}
}

@article{Kölling2019,
    author = {McCall, Davin and K\"{o}lling, Michael},
    title = {{A New Look at Novice Programmer Errors}},
    year = {2019},
    issue_date = {December 2019},
    publisher = {Association for Computing Machinery},
    address = {New York, NY, USA},
    volume = {19},
    number = {4},
    url = {https://doi.org/10.1145/3335814},
    doi = {10.1145/3335814},
    journal = {ACM Trans. Comput. Educ.},
    month = {jul},
    articleno = {38},
    numpages = {30},
    keywords = {novice programmers, Programming errors, Java}
}

@inbook{Mase2022,
    author = {Mase, Ben and Nel, Liezel},
    publisher = {Springer Nature Switzerland AG},
    year = {2022},
    month = {01},
    pages = {102-117},
    title = {Common Code Writing Errors Made by Novice Programmers: Implications for the Teaching of Introductory Programming},
    isbn = {978-3-030-95002-6},
    doi = {10.1007/978-3-030-95003-3_7}
}

@inproceedings{Tabano2011Compiler,
    author = {Tabanao, Emily S. and Rodrigo, Ma. Mercedes T. and Jadud, Matthew C.},
    title = {Predicting at-risk novice Java programmers through the analysis of online protocols},
    year = {2011},
    isbn = {9781450308298},
    publisher = {Association for Computing Machinery},
    address = {New York, NY, USA},
    url = {https://doi.org/10.1145/2016911.2016930},
    doi = {10.1145/2016911.2016930},
    booktitle = {Proceedings of the Seventh International Workshop on Computing Education Research},
    pages = {85–92},
    numpages = {8},
    keywords = {achievement, compilation behavior, cs1, java programming, novice programmers},
    location = {Providence, Rhode Island, USA},
    series = {ICER '11}
}

