@article{adas,
  title={Automated design of agentic systems},
  author={Hu, Shengran and Lu, Cong and Clune, Jeff},
  journal={arXiv preprint arXiv:2408.08435},
  year={2024}
}

@misc{comfybench,
      title={ComfyBench: Benchmarking LLM-based Agents in ComfyUI for Autonomously Designing Collaborative AI Systems}, 
      author={Xiangyuan Xue and Zeyu Lu and Di Huang and Zidong Wang and Wanli Ouyang and Lei Bai},
      year={2024},
      eprint={2409.01392},
      archivePrefix={arXiv},
      primaryClass={cs.CL},
      url={https://arxiv.org/abs/2409.01392}, 
}

@article{evomac,
  title={Self-Evolving Multi-Agent Collaboration Networks for Software Development},
  author={Hu, Yue and Cai, Yuzhu and Du, Yaxin and Zhu, Xinyu and Liu, Xiangrui and Yu, Zijie and Hou, Yuchen and Tang, Shuo and Chen, Siheng},
  journal={arXiv preprint arXiv:2410.16946},
  year={2024}
}

@article{funsearch,
  title={Mathematical discoveries from program search with large language models},
  author={Romera-Paredes, Bernardino and Barekatain, Mohammadamin and Novikov, Alexander and Balog, Matej and Kumar, M Pawan and Dupont, Emilien and Ruiz, Francisco JR and Ellenberg, Jordan S and Wang, Pengming and Fawzi, Omar and others},
  journal={Nature},
  volume={625},
  number={7995},
  pages={468--475},
  year={2024},
  publisher={Nature Publishing Group UK London}
}

@article{godel,
  title={G$\backslash$" odel Agent: A Self-Referential Agent Framework for Recursive Self-Improvement},
  author={Yin, Xunjian and Wang, Xinyi and Pan, Liangming and Wan, Xiaojun and Wang, William Yang},
  journal={arXiv preprint arXiv:2410.04444},
  year={2024}
}

@article{maliciouserrormultiagentsystems,
  title={On the Resilience of Multi-Agent Systems with Malicious Agents},
  author={Huang, Jen-tse and Zhou, Jiaxu and Jin, Tailin and Zhou, Xuhui and Chen, Zixi and Wang, Wenxuan and Yuan, Youliang and Sap, Maarten and Lyu, Michael R},
  journal={arXiv preprint arXiv:2408.00989},
  year={2024}
}

@article{polaris,
  title={Polaris: A Safety-focused LLM Constellation Architecture for Healthcare},
  author={Mukherjee, Subhabrata and Gamble, Paul and Ausin, Markel Sanz and Kant, Neel and Aggarwal, Kriti and Manjunath, Neha and Datta, Debajyoti and Liu, Zhengliang and Ding, Jiayuan and Busacca, Sophia and others},
  journal={arXiv preprint arXiv:2403.13313},
  year={2024}
}

@article{promptbreeder,
  title={{Promptbreeder: Self-referential self-improvement via prompt evolution}},
  author={Fernando, Chrisantha and Banarse, Dylan and Michalewski, Henryk and Osindero, Simon and Rockt{\"a}schel, Tim},
  journal={arXiv preprint arXiv:2309.16797},
  year={2023}
}

@article{psysafe,
  title={Psysafe: A comprehensive framework for psychological-based attack, defense, and evaluation of multi-agent system safety},
  author={Zhang, Zaibin and Zhang, Yongting and Li, Lijun and Gao, Hongzhi and Wang, Lijun and Lu, Huchuan and Zhao, Feng and Qiao, Yu and Shao, Jing},
  journal={arXiv preprint arXiv:2401.11880},
  year={2024}
}

@article{scaffoldedllms,
  title = {Scaffolded LLMs: Less Obvious Concerns},
  author = {Stephen Fowler},
  year = {2023},
  journal = {LessWrong},
  url = {https://www.lesswrong.com/posts/mAwxebLw3nYbDivmt/scaffolded-llms-less-obvious-concerns}
}

@article{yuan2024evoagent,
  title={EvoAgent: Towards Automatic Multi-Agent Generation via Evolutionary Algorithms},
  author={Yuan, Siyu and Song, Kaitao and Chen, Jiangjie and Tan, Xu and Li, Dongsheng and Yang, Deqing},
  journal={arXiv preprint arXiv:2406.14228},
  year={2024}
}

