@article{ARC-AGI,
  title={On the measure of intelligence},
  author={Chollet, Fran{\c{c}}ois},
  journal={arXiv preprint arXiv:1911.01547},
  year={2019}
}

@misc{greenblatt2024arcagi,
  title={Getting 50\%(SoTA) on ARC-AGI with GPT-4o},
  author={Greenblatt, Ryan},
  year={2024},
  publisher={Redwood Research blog on Substack}
}

@article{adas,
  title={Automated design of agentic systems},
  author={Hu, Shengran and Lu, Cong and Clune, Jeff},
  journal={arXiv preprint arXiv:2408.08435},
  year={2024}
}

@article{lehman2022,
  title={Evolution through large models},
  author={Lehman, Joel and Gordon, Jonathan and Jain, Shawn and Ndousse, Kamal and Yeh, Cathy and Stanley, Kenneth O},
  booktitle={Handbook of Evolutionary Machine Learning},
  pages={331--366},
  year={2023},
  publisher={Springer}
}

@article{meyerson2023,
  title={Language model crossover: Variation through few-shot prompting},
  author={Meyerson, Elliot and Nelson, Mark J and Bradley, Herbie and Gaier, Adam and Moradi, Arash and Hoover, Amy K and Lehman, Joel},
  journal={ACM Transactions on Evolutionary Learning},
  volume={4},
  number={4},
  pages={1--40},
  year={2024},
  publisher={ACM New York, NY}
}

@article{chen2023,
  title={EvoPrompting: language models for code-level neural architecture search},
  author={Chen, Angelica and Dohan, David and So, David},
  journal={Advances in Neural Information Processing Systems},
  volume={36},
  year={2024}
}


@article{omni,
  title={Omni: Open-endedness via models of human notions of interestingness},
  author={Zhang, Jenny and Lehman, Joel and Stanley, Kenneth and Clune, Jeff},
  journal={arXiv preprint arXiv:2306.01711},
  year={2023}
}

@article{omniepic,
  title={OMNI-EPIC: Open-endedness via Models of human Notions of Interestingness with Environments Programmed in Code},
  author={Faldor, Maxence and Zhang, Jenny and Cully, Antoine and Clune, Jeff},
  journal={arXiv preprint arXiv:2405.15568},
  year={2024}
}



@article{cot,
  title={Chain-of-thought prompting elicits reasoning in large language models},
  author={Wei, Jason and Wang, Xuezhi and Schuurmans, Dale and Bosma, Maarten and Xia, Fei and Chi, Ed and Le, Quoc V and Zhou, Denny and others},
  journal={Advances in neural information processing systems},
  volume={35},
  pages={24824--24837},
  year={2022}
}
@article{rag,
  title={Retrieval-augmented generation for knowledge-intensive nlp tasks},
  author={Lewis, Patrick and Perez, Ethan and Piktus, Aleksandra and Petroni, Fabio and Karpukhin, Vladimir and Goyal, Naman and K{\"u}ttler, Heinrich and Lewis, Mike and Yih, Wen-tau and Rockt{\"a}schel, Tim and others},
  journal={Advances in Neural Information Processing Systems},
  volume={33},
  pages={9459--9474},
  year={2020}
}

@misc{qin2024toollearningfoundationmodels,
      title={Tool Learning with Foundation Models}, 
      author={Yujia Qin and Shengding Hu and Yankai Lin and Weize Chen and Ning Ding and Ganqu Cui and Zheni Zeng and Yufei Huang and Chaojun Xiao and Chi Han and Yi Ren Fung and Yusheng Su and Huadong Wang and Cheng Qian and Runchu Tian and Kunlun Zhu and Shihao Liang and Xingyu Shen and Bokai Xu and Zhen Zhang and Yining Ye and Bowen Li and Ziwei Tang and Jing Yi and Yuzhang Zhu and Zhenning Dai and Lan Yan and Xin Cong and Yaxi Lu and Weilin Zhao and Yuxiang Huang and Junxi Yan and Xu Han and Xian Sun and Dahai Li and Jason Phang and Cheng Yang and Tongshuang Wu and Heng Ji and Zhiyuan Liu and Maosong Sun},
      year={2024},
      eprint={2304.08354},
      archivePrefix={arXiv},
      primaryClass={cs.CL},
      url={https://arxiv.org/abs/2304.08354}, 
}

@techreport{Boyer1983TuringLISP,
  title        = {A Mechanical Proof of the Turing Completeness of Pure LISP},
  author       = {Boyer, Robert S. and Moore, J. Strother},
  institution  = {Texas Univ at Austin Inst for Computing Science and Computer Applications},
  year         = {1983},
  month        = {May},
  type         = {Technical Report},
  number       = {ADA130625},
  note         = {Approved for public release},
  
  keywords     = {Computer program verification, Interpreters, Computer programming, Computations, Input, Output, Semantics, Theorems},
  pagination   = {39 pages},
  url          = {https://apps.dtic.mil/sti/citations/ADA130625}
}


@article{mapelites,
  title={Illuminating search spaces by mapping elites},
  author={Mouret, Jean-Baptiste and Clune, Jeff},
  journal={arXiv preprint arXiv:1504.04909},
  year={2015}
}

@article{multiobjectivepareto,
  title={Optimization on Pareto sets: On a theory of multi-objective optimization},
  author={Roy, Abhishek and So, Geelon and Ma, Yi-An},
  journal={arXiv preprint arXiv:2308.02145},
  year={2023}
}

@article{mgsm,
  title={Language models are multilingual chain-of-thought reasoners},
  author={Shi, Freda and Suzgun, Mirac and Freitag, Markus and Wang, Xuezhi and Srivats, Suraj and Vosoughi, Soroush and Chung, Hyung Won and Tay, Yi and Ruder, Sebastian and Zhou, Denny and others},
  journal={URL https://arxiv. org/abs/2210.03057},
year = {2022}
}


@article{mmlu,
  title={Measuring massive multitask language understanding},
  author={Hendrycks, Dan and Burns, Collin and Basart, Steven and Zou, Andy and Mazeika, Mantas and Song, Dawn and Steinhardt, Jacob},
  journal={arXiv preprint arXiv:2009.03300},
  year={2020}
}

@article{drop,
  title={DROP: A reading comprehension benchmark requiring discrete reasoning over paragraphs},
  author={Dua, Dheeru and Wang, Yizhong and Dasigi, Pradeep and Stanovsky, Gabriel and Singh, Sameer and Gardner, Matt},
  journal={arXiv preprint arXiv:1903.00161},
  year={2019}
}

@article{gpqa,
  title={Gpqa: A graduate-level google-proof q\&a benchmark},
  author={Rein, David and Hou, Betty Li and Stickland, Asa Cooper and Petty, Jackson and Pang, Richard Yuanzhe and Dirani, Julien and Michael, Julian and Bowman, Samuel R},
  journal={arXiv preprint arXiv:2311.12022},
  year={2023}
}

@misc{text-embedding-3-small,
  author       = {OpenAI},
  title        = {New embedding models and API updates},
  year         = {2024},
  month        = {January},
  url          = {https://openai.com/research/new-embedding-models-and-api-updates},
  note         = {Accessed: 2025-01-14}
}

@article{yuan2024evoagent,
  title={EvoAgent: Towards Automatic Multi-Agent Generation via Evolutionary Algorithms},
  author={Yuan, Siyu and Song, Kaitao and Chen, Jiangjie and Tan, Xu and Li, Dongsheng and Yang, Deqing},
  journal={arXiv preprint arXiv:2406.14228},
  year={2024}
}

@article{evomac,
  title={Self-Evolving Multi-Agent Collaboration Networks for Software Development},
  author={Hu, Yue and Cai, Yuzhu and Du, Yaxin and Zhu, Xinyu and Liu, Xiangrui and Yu, Zijie and Hou, Yuchen and Tang, Shuo and Chen, Siheng},
  journal={arXiv preprint arXiv:2410.16946},
  year={2024}
}

@misc{comfybench,
      title={ComfyBench: Benchmarking LLM-based Agents in ComfyUI for Autonomously Designing Collaborative AI Systems}, 
      author={Xiangyuan Xue and Zeyu Lu and Di Huang and Zidong Wang and Wanli Ouyang and Lei Bai},
      year={2024},
      eprint={2409.01392},
      archivePrefix={arXiv},
      primaryClass={cs.CL},
      url={https://arxiv.org/abs/2409.01392}, 
}

@article{godel,
  title={G$\backslash$" odel Agent: A Self-Referential Agent Framework for Recursive Self-Improvement},
  author={Yin, Xunjian and Wang, Xinyi and Pan, Liangming and Wan, Xiaojun and Wang, William Yang},
  journal={arXiv preprint arXiv:2410.04444},
  year={2024}
}

@article{selfconsistencycot,
  title={Self-consistency improves chain of thought reasoning in language models},
  author={Wang, Xuezhi and Wei, Jason and Schuurmans, Dale and Le, Quoc and Chi, Ed and Narang, Sharan and Chowdhery, Aakanksha and Zhou, Denny},
  journal={arXiv preprint arXiv:2203.11171},
  year={2022}
}

@article{selfrefine,
  title={Self-refine: Iterative refinement with self-feedback},
  author={Madaan, Aman and Tandon, Niket and Gupta, Prakhar and Hallinan, Skyler and Gao, Luyu and Wiegreffe, Sarah and Alon, Uri and Dziri, Nouha and Prabhumoye, Shrimai and Yang, Yiming and others},
  journal={Advances in Neural Information Processing Systems},
  volume={36},
  year={2024}
}

@article{debate,
  title={Improving factuality and reasoning in language models through multiagent debate},
  author={Du, Yilun and Li, Shuang and Torralba, Antonio and Tenenbaum, Joshua B and Mordatch, Igor},
  journal={arXiv preprint arXiv:2305.14325},
  year={2023}
}

@article{stepback,
  title={Take a step back: Evoking reasoning via abstraction in large language models},
  author={Zheng, Huaixiu Steven and Mishra, Swaroop and Chen, Xinyun and Cheng, Heng-Tze and Chi, Ed H and Le, Quoc V and Zhou, Denny},
  journal={arXiv preprint arXiv:2310.06117},
  year={2023}
}

@article{aiscientist,
  title={The ai scientist: Towards fully automated open-ended scientific discovery},
  author={Lu, Chris and Lu, Cong and Lange, Robert Tjarko and Foerster, Jakob and Clune, Jeff and Ha, David},
  journal={arXiv preprint arXiv:2408.06292},
  year={2024}
}

@article{roleassignment,
  title={Expertprompting: Instructing large language models to be distinguished experts},
  author={Xu, Benfeng and Yang, An and Lin, Junyang and Wang, Quan and Zhou, Chang and Zhang, Yongdong and Mao, Zhendong},
  journal={arXiv preprint arXiv:2305.14688},
  year={2023}
}

@article{massurvey,
  title={Multi-Agent Collaboration Mechanisms: A Survey of LLMs},
  author={Tran, Khanh-Tung and Dao, Dung and Nguyen, Minh-Duong and Pham, Quoc-Viet and O'Sullivan, Barry and Nguyen, Hoang D},
  journal={arXiv preprint arXiv:2501.06322},
  year={2025}
}

@article{zhao2023survey,
  title={A survey of large language models},
  author={Zhao, Wayne Xin and Zhou, Kun and Li, Junyi and Tang, Tianyi and Wang, Xiaolei and Hou, Yupeng and Min, Yingqian and Zhang, Beichen and Zhang, Junjie and Dong, Zican and others},
  journal={arXiv preprint arXiv:2303.18223},
  year={2023}
}

@article{towardslargereasoningmodels,
  title={Towards Large Reasoning Models: A Survey of Reinforced Reasoning with Large Language Models},
  author={Xu, Fengli and Hao, Qianyue and Zong, Zefang and Wang, Jingwei and Zhang, Yunke and Wang, Jingyi and Lan, Xiaochong and Gong, Jiahui and Ouyang, Tianjian and Meng, Fanjin and others},
  journal={arXiv preprint arXiv:2501.09686},
  year={2025}
}

@article{jones2024adversaries,
  title={Adversaries can misuse combinations of safe models},
  author={Jones, Erik and Dragan, Anca and Steinhardt, Jacob},
  journal={arXiv preprint arXiv:2406.14595},
  year={2024}
}

@article{psysafe,
  title={Psysafe: A comprehensive framework for psychological-based attack, defense, and evaluation of multi-agent system safety},
  author={Zhang, Zaibin and Zhang, Yongting and Li, Lijun and Gao, Hongzhi and Wang, Lijun and Lu, Huchuan and Zhao, Feng and Qiao, Yu and Shao, Jing},
  journal={arXiv preprint arXiv:2401.11880},
  year={2024}
}

@article{yang2024multi,
  title={Multi-LLM-Agent Systems: Techniques and Business Perspectives},
  author={Yang, Yingxuan and Peng, Qiuying and Wang, Jun and Zhang, Weinan},
  journal={arXiv preprint arXiv:2411.14033},
  year={2024}
}

@article{saladdata,
  title={Salad-bench: A hierarchical and comprehensive safety benchmark for large language models},
  author={Li, Lijun and Dong, Bowen and Wang, Ruohui and Hu, Xuhao and Zuo, Wangmeng and Lin, Dahua and Qiao, Yu and Shao, Jing},
  journal={arXiv preprint arXiv:2402.05044},
  year={2024}
}

@article{gptfuzzer,
  title={Gptfuzzer: Red teaming large language models with auto-generated jailbreak prompts},
  author={Yu, Jiahao and Lin, Xingwei and Yu, Zheng and Xing, Xinyu},
  journal={arXiv preprint arXiv:2309.10253},
  year={2023}
}


@misc{simpleevals,
  author       = {OpenAI},
  title        = {simple-evals},
  year         = {2023},
  publisher    = {GitHub},
  howpublished = {\url{https://github.com/openai/simple-evals}},
  note         = {Accessed: 2025-01-29}
}

@article{truthfulqa,
  title={{TruthfulQA: Measuring how models mimic human falsehoods}},
  author={Lin, Stephanie and Hilton, Jacob and Evans, Owain},
  journal={arXiv preprint arXiv:2109.07958},
  year={2021}
}

@article{llmvulnerabilitiessurvey,
  title={A survey on large language model (llm) security and privacy: The good, the bad, and the ugly},
  author={Yao, Yifan and Duan, Jinhao and Xu, Kaidi and Cai, Yuanfang and Sun, Zhibo and Zhang, Yue},
  journal={High-Confidence Computing},
  pages={100211},
  year={2024},
  publisher={Elsevier}
}

@article{perez2022red,
  title={Red teaming language models with language models},
  author={Perez, Ethan and Huang, Saffron and Song, Francis and Cai, Trevor and Ring, Roman and Aslanides, John and Glaese, Amelia and McAleese, Nat and Irving, Geoffrey},
  journal={arXiv preprint arXiv:2202.03286},
  year={2022}
}

@article{rainbowteaming,
  title={Rainbow teaming: Open-ended generation of diverse adversarial prompts},
  author={Samvelyan, Mikayel and Raparthy, Sharath Chandra and Lupu, Andrei and Hambro, Eric and Markosyan, Aram H and Bhatt, Manish and Mao, Yuning and Jiang, Minqi and Parker-Holder, Jack and Foerster, Jakob and others},
  journal={arXiv preprint arXiv:2402.16822},
  year={2024}
}

@article{funsearch,
  title={Mathematical discoveries from program search with large language models},
  author={Romera-Paredes, Bernardino and Barekatain, Mohammadamin and Novikov, Alexander and Balog, Matej and Kumar, M Pawan and Dupont, Emilien and Ruiz, Francisco JR and Ellenberg, Jordan S and Wang, Pengming and Fawzi, Omar and others},
  journal={Nature},
  volume={625},
  number={7995},
  pages={468--475},
  year={2024},
  publisher={Nature Publishing Group UK London}
}

@article{moea,
  title={Elite Multi-Criteria Decision Making—Pareto Front Optimization in Multi-Objective Optimization},
  author={Kesireddy, Adarsh and Medrano, F Antonio},
  journal={Algorithms},
  volume={17},
  number={5},
  pages={206},
  year={2024},
  publisher={MDPI}
}

@misc{weigand2021can,
  title={How can small data sets be clustered?},
  author={Weigand, Anna Christina and Lange, Daniel and Rauschenberger, Maria},
  year={2021},
  publisher={Gesellschaft f{\"u}r Informatik eV}
}

@misc{AISIInspect,
  author = {AI Security Institute, UK},
  title = {Inspect {AI:} {Framework} for {Large} {Language} {Model}
    {Evaluations}},
  date = {2024-05},
  year = {2024},
  url = {https://github.com/UKGovernmentBEIS/inspect_ai},
  langid = {en}
}

@article{claudeconstitution,
  title={Constitutional ai: Harmlessness from ai feedback},
  author={Bai, Yuntao and Kadavath, Saurav and Kundu, Sandipan and Askell, Amanda and Kernion, Jackson and Jones, Andy and Chen, Anna and Goldie, Anna and Mirhoseini, Azalia and McKinnon, Cameron and others},
  journal={arXiv preprint arXiv:2212.08073},
  year={2022}
}

@article{maliciouserrormultiagentsystems,
  title={On the Resilience of Multi-Agent Systems with Malicious Agents},
  author={Huang, Jen-tse and Zhou, Jiaxu and Jin, Tailin and Zhou, Xuhui and Chen, Zixi and Wang, Wenxuan and Yuan, Youliang and Sap, Maarten and Lyu, Michael R},
  journal={arXiv preprint arXiv:2408.00989},
  year={2024}
}

@misc{operator,
  title={Computer-Using Agent: Introducing a universal interface for AI to interact with the digital world},
  author={OpenAI},
  year={2025},
  url={https://openai.com/index/computer-using-agent},
}

@misc{proxy,
  title        = {Introducing Web-World Models},
  author       = {{Convergence}},
  year         = {2024},
  month        = {December},
  url          = {https://convergence.ai/training-web-agents-with-web-world-models-dec-2024/},
  note         = {Accessed: 2025-01-30}
}


@article{deadinternettheory,
  title={Artificial influencers and the dead internet theory},
  author={Walter, Yoshija},
  journal={AI \& SOCIETY},
  pages={1--2},
  year={2024},
  publisher={Springer}
}

@article{weaktostrong,
  title={Weak-to-strong generalization: Eliciting strong capabilities with weak supervision},
  author={Burns, Collin and Izmailov, Pavel and Kirchner, Jan Hendrik and Baker, Bowen and Gao, Leo and Aschenbrenner, Leopold and Chen, Yining and Ecoffet, Adrien and Joglekar, Manas and Leike, Jan and others},
  journal={arXiv preprint arXiv:2312.09390},
  year={2023}
}

@inproceedings{amirizaniani2024can,
  title={Can LLMs Reason Like Humans? Assessing Theory of Mind Reasoning in LLMs for Open-Ended Questions},
  author={Amirizaniani, Maryam and Martin, Elias and Sivachenko, Maryna and Mashhadi, Afra and Shah, Chirag},
  booktitle={Proceedings of the 33rd ACM International Conference on Information and Knowledge Management},
  pages={34--44},
  year={2024}
}

@inproceedings{sun2024determlr,
  title={Determlr: Augmenting llm-based logical reasoning from indeterminacy to determinacy},
  author={Sun, Hongda and Xu, Weikai and Liu, Wei and Luan, Jian and Wang, Bin and Shang, Shuo and Wen, Ji-Rong and Yan, Rui},
  booktitle={Proceedings of the 62nd Annual Meeting of the Association for Computational Linguistics (Volume 1: Long Papers)},
  pages={9828--9862},
  year={2024}
}

@inproceedings{wang2023review,
  title={A Review on Code Generation with LLMs: Application and Evaluation},
  author={Wang, Jianxun and Chen, Yixiang},
  booktitle={2023 IEEE International Conference on Medical Artificial Intelligence (MedAI)},
  pages={284--289},
  year={2023},
  organization={IEEE}
}

@article{yeticstiren2023evaluating,
  title={Evaluating the code quality of ai-assisted code generation tools: An empirical study on github copilot, amazon codewhisperer, and chatgpt},
  author={Yeti{\c{s}}tiren, Burak and {\"O}zsoy, I{\c{s}}{\i}k and Ayerdem, Miray and T{\"u}z{\"u}n, Eray},
  journal={arXiv preprint arXiv:2304.10778},
  year={2023}
}

@article{kong2024superalignment,
  title={A Superalignment Framework in Autonomous Driving with Large Language Models},
  author={Kong, Xiangrui and Braunl, Thomas and Fahmi, Marco and Wang, Yue},
  journal={arXiv preprint arXiv:2406.05651},
  year={2024}
}

@article{sartor2024neural,
  title={Neural Scaling Laws for Embodied AI},
  author={Sartor, Sebastian and Thompson, Neil},
  journal={arXiv preprint arXiv:2405.14005},
  year={2024}
}

@article{hu2023toward,
  title={Toward general-purpose robots via foundation models: A survey and meta-analysis},
  author={Hu, Yafei and Xie, Quanting and Jain, Vidhi and Francis, Jonathan and Patrikar, Jay and Keetha, Nikhil and Kim, Seungchan and Xie, Yaqi and Zhang, Tianyi and Fang, Hao-Shu and others},
  journal={arXiv preprint arXiv:2312.08782},
  year={2023}
}

@article{polaris,
  title={Polaris: A Safety-focused LLM Constellation Architecture for Healthcare},
  author={Mukherjee, Subhabrata and Gamble, Paul and Ausin, Markel Sanz and Kant, Neel and Aggarwal, Kriti and Manjunath, Neha and Datta, Debajyoti and Liu, Zhengliang and Ding, Jiayuan and Busacca, Sophia and others},
  journal={arXiv preprint arXiv:2403.13313},
  year={2024}
}

@misc{multipolar,
  author       = {Akbir Khan},
  title        = {Why Multi-Agent Safety Is Important},
  howpublished = {\url{https://www.lesswrong.com/posts/pkfKRG9dQr6unrhQT/why-multi-agent-safety-is-important}},
  year         = {2022},
  note         = {Accessed: 2025-01-30}
}



@article{li2024agent,
  title={Agent-Oriented Planning in Multi-Agent Systems},
  author={Li, Ao and Xie, Yuexiang and Li, Songze and Tsung, Fugee and Ding, Bolin and Li, Yaliang},
  journal={arXiv preprint arXiv:2410.02189},
  year={2024}
}
@article{cao2024llm,
  title={LLM-Collab: a framework for enhancing task planning via chain-of-thought and multi-agent collaboration},
  author={Cao, Hong and Ma, Rong and Zhai, Yanlong and Shen, Jun},
  journal={Applied Computing and Intelligence},
  volume={4},
  number={2},
  pages={328--348},
  year={2024}
}

@article{chen2023agentverse,
  title={Agentverse: Facilitating multi-agent collaboration and exploring emergent behaviors in agents},
  author={Chen, Weize and Su, Yusheng and Zuo, Jingwei and Yang, Cheng and Yuan, Chenfei and Qian, Chen and Chan, Chi-Min and Qin, Yujia and Lu, Yaxi and Xie, Ruobing and others},
  journal={arXiv preprint arXiv:2308.10848},
  volume={2},
  number={4},
  pages={6},
  year={2023}
}
@article{fourney2024magentic,
  title={Magentic-one: A generalist multi-agent system for solving complex tasks},
  author={Fourney, Adam and Bansal, Gagan and Mozannar, Hussein and Tan, Cheng and Salinas, Eduardo and Niedtner, Friederike and Proebsting, Grace and Bassman, Griffin and Gerrits, Jack and Alber, Jacob and others},
  journal={arXiv preprint arXiv:2411.04468},
  year={2024}
}

@article{ghafarollahi2024sciagents,
  title={Sciagents: Automating scientific discovery through multi-agent intelligent graph reasoning},
  author={Ghafarollahi, Alireza and Buehler, Markus J},
  journal={arXiv preprint arXiv:2409.05556},
  year={2024}
}



@article{chan2023chateval,
  title={Chateval: Towards better llm-based evaluators through multi-agent debate},
  author={Chan, Chi-Min and Chen, Weize and Su, Yusheng and Yu, Jianxuan and Xue, Wei and Zhang, Shanghang and Fu, Jie and Liu, Zhiyuan},
  journal={arXiv preprint arXiv:2308.07201},
  year={2023}
}


@article{qian2023communicative,
  title={Communicative agents for software development},
  author={Qian, Chen and Cong, Xin and Yang, Cheng and Chen, Weize and Su, Yusheng and Xu, Juyuan and Liu, Zhiyuan and Sun, Maosong},
  journal={arXiv preprint arXiv:2307.07924},
  volume={6},
  number={3},
  year={2023}
}


@article{phuong2024evaluating,
  title={Evaluating frontier models for dangerous capabilities},
  author={Phuong, Mary and Aitchison, Matthew and Catt, Elliot and Cogan, Sarah and Kaskasoli, Alexandre and Krakovna, Victoria and Lindner, David and Rahtz, Matthew and Assael, Yannis and Hodkinson, Sarah and others},
  journal={arXiv preprint arXiv:2403.13793},
  year={2024}
}

@article{scaffoldedllms,
  title = {Scaffolded LLMs: Less Obvious Concerns},
  author = {Stephen Fowler},
  year = {2023},
  journal = {LessWrong},
  url = {https://www.lesswrong.com/posts/mAwxebLw3nYbDivmt/scaffolded-llms-less-obvious-concerns}
}


@misc{gpt4omini,
  title = {GPT-4o mini: Advancing Cost-Efficient Intelligence},
  author = {{OpenAI}},
  year = {2024},
  url = {https://openai.com/index/gpt-4o-mini-advancing-cost-efficient-intelligence/}
}

@article{scicode,
  title={Scicode: A research coding benchmark curated by scientists},
  author={Tian, Minyang and Gao, Luyu and Zhang, Shizhuo Dylan and Chen, Xinan and Fan, Cunwei and Guo, Xuefei and Haas, Roland and Ji, Pan and Krongchon, Kittithat and Li, Yao and others},
  journal={arXiv preprint arXiv:2407.13168},
  year={2024}
}

@article{claude,
  title={Claude 3.5 sonnet model card addendum},
  author={Anthropic, AI},
  journal={Claude-3.5 Model Card},
  volume={3},
  pages={6},
  year={2024}
}

@misc{trading,
  title={Trading inference-time compute for adversarial robustness.},
  author={Zaremba, Wojciech and Nitishinskaya, Evgenia and Barak, Boaz and Lin, Stephanie and Toyer, Sam and Yu, Yaodong and Dias, Rachel and Wallace, Eric and Xiao, Kai and Glaese, Johannes Heidecke Amelia},
year ={2025}
}


@article{fan2024towards,
  title={Towards resilient and efficient llms: A comparative study of efficiency, performance, and adversarial robustness},
  author={Fan, Xiaojing and Tao, Chunliang},
  journal={arXiv preprint arXiv:2408.04585},
  year={2024}
}


@article{chao2023jailbreaking,
  title={Jailbreaking black box large language models in twenty queries},
  author={Chao, Patrick and Robey, Alexander and Dobriban, Edgar and Hassani, Hamed and Pappas, George J and Wong, Eric},
  journal={arXiv preprint arXiv:2310.08419},
  year={2023}
}

@article{injection,
  title={Prompt Injection attack against LLM-integrated Applications},
  author={Liu, Yi and Deng, Gelei and Li, Yuekang and Wang, Kailong and Wang, Zihao and Wang, Xiaofeng and Zhang, Tianwei and Liu, Yepang and Wang, Haoyu and Zheng, Yan and others},
  journal={arXiv preprint arXiv:2306.05499},
  year={2023}
}

@article{contaminationfreemmlu,
  title={MMLU-CF: A Contamination-free Multi-task Language Understanding Benchmark},
  author={Zhao, Qihao and Huang, Yangyu and Lv, Tengchao and Cui, Lei and Sun, Qinzheng and Mao, Shaoguang and Zhang, Xin and Xin, Ying and Yin, Qiufeng and Li, Scarlett and others},
  journal={arXiv preprint arXiv:2412.15194},
  year={2024}
}

@misc{AILuminate2025,
  title = {AILuminate v1.0 Benchmark},
  author = {{MLCommons Association}},
  year = {2025},
  url = {https://ailuminate.mlcommons.org/benchmarks/},
  note = {Accessed: 2025-01-31}
}

@misc{gpt35turbo,
  author       = {OpenAI},
  title        = {GPT-3.5 Turbo},
  year         = {2023},
  note         = {Accessed: 2025-01-31},
  url          = {https://platform.openai.com/docs/models/gpt-3-5-turbo}
}

@misc{gpt4,
  author       = {OpenAI},
  title        = {GPT-4},
  year         = {2024},
  note         = {Accessed: 2025-01-31},
  url          = {https://platform.openai.com/docs/models/gpt-4}
}


@misc{openai_learning_to_reason_2024,
  author       = {OpenAI},
  title        = {Learning to Reason with LLMs},
  year         = {2024},
  note         = {Accessed: 2025-01-31},
  url          = {https://openai.com/index/learning-to-reason-with-llms/}
}


@article{promptbreeder,
  title={{Promptbreeder: Self-referential self-improvement via prompt evolution}},
  author={Fernando, Chrisantha and Banarse, Dylan and Michalewski, Henryk and Osindero, Simon and Rockt{\"a}schel, Tim},
  journal={arXiv preprint arXiv:2309.16797},
  year={2023}
}