@article{beaini2023towards,
  title={Towards foundational models for molecular learning on large-scale multi-task datasets},
  author={Beaini, Dominique and Huang, Shenyang and Cunha, Joao Alex and Li, Zhiyi and Moisescu-Pareja, Gabriela and Dymov, Oleksandr and Maddrell-Mander, Samuel and McLean, Callum and Wenkel, Frederik and M{\"u}ller, Luis and others},
  journal={arXiv preprint arXiv:2310.04292},
  year={2023}
}

@article{choudhary2021atomistic,
  title={Atomistic line graph neural network for improved materials property predictions},
  author={Choudhary, Kamal and DeCost, Brian},
  journal={npj Computational Materials},
  volume={7},
  number={1},
  pages={185},
  year={2021},
  publisher={Nature Publishing Group UK London}
}

@inproceedings{christofidellis2023unifying,
  title={Unifying molecular and textual representations via multi-task language modelling},
  author={Christofidellis, Dimitrios and Giannone, Giorgio and Born, Jannis and Winther, Ole and Laino, Teodoro and Manica, Matteo},
  booktitle={International Conference on Machine Learning},
  pages={6140--6157},
  year={2023},
  organization={PMLR}
}

@article{elton2018applying,
  title={Applying machine learning techniques to predict the properties of energetic materials},
  author={Elton, Daniel C and Boukouvalas, Zois and Butrico, Mark S and Fuge, Mark D and Chung, Peter W},
  journal={Scientific reports},
  volume={8},
  number={1},
  pages={9059},
  year={2018},
  publisher={Nature Publishing Group UK London}
}

@article{gasteiger2020directional,
  title={Directional message passing for molecular graphs},
  author={Gasteiger, Johannes and Gro{\ss}, Janek and G{\"u}nnemann, Stephan},
  journal={arXiv preprint arXiv:2003.03123},
  year={2020}
}

@article{goodall2020predicting,
  title={Predicting materials properties without crystal structure: deep representation learning from stoichiometry},
  author={Goodall, Rhys EA and Lee, Alpha A},
  journal={Nature communications},
  volume={11},
  number={1},
  pages={6280},
  year={2020},
  publisher={Nature Publishing Group UK London}
}

@article{jha2018elemnet,
  title={Elemnet: Deep learning the chemistry of materials from only elemental composition},
  author={Jha, Dipendra and Ward, Logan and Paul, Arindam and Liao, Wei-keng and Choudhary, Alok and Wolverton, Chris and Agrawal, Ankit},
  journal={Scientific reports},
  volume={8},
  number={1},
  pages={17593},
  year={2018},
  publisher={Nature Publishing Group UK London}
}

@inproceedings{kosmala2023ewald,
  title={Ewald-based long-range message passing for molecular graphs},
  author={Kosmala, Arthur and Gasteiger, Johannes and Gao, Nicholas and G{\"u}nnemann, Stephan},
  booktitle={International Conference on Machine Learning},
  pages={17544--17563},
  year={2023},
  organization={PMLR}
}

@inproceedings{lin2023efficient,
  title={Efficient approximations of complete interatomic potentials for crystal property prediction},
  author={Lin, Yuchao and Yan, Keqiang and Luo, Youzhi and Liu, Yi and Qian, Xiaoning and Ji, Shuiwang},
  booktitle={International Conference on Machine Learning},
  pages={21260--21287},
  year={2023},
  organization={PMLR}
}

@inproceedings{liu2022structured,
  title={Structured multi-task learning for molecular property prediction},
  author={Liu, Shengchao and Qu, Meng and Zhang, Zuobai and Cai, Huiyu and Tang, Jian},
  booktitle={International conference on artificial intelligence and statistics},
  pages={8906--8920},
  year={2022},
  organization={PMLR}
}

@article{ren2024physical,
  title={Physical Consistency Bridges Heterogeneous Data in Molecular Multi-Task Learning},
  author={Ren, Yuxuan and Zheng, Dihan and Liu, Chang and Jin, Peiran and Shi, Yu and Huang, Lin and He, Jiyan and Luo, Shengjie and Qin, Tao and Liu, Tie-Yan},
  journal={arXiv preprint arXiv:2410.10118},
  year={2024}
}

@article{rupp2012fast,
  title={Fast and accurate modeling of molecular atomization energies with machine learning},
  author={Rupp, Matthias and Tkatchenko, Alexandre and M{\"u}ller, Klaus-Robert and Von Lilienfeld, O Anatole},
  journal={Physical review letters},
  volume={108},
  number={5},
  pages={058301},
  year={2012},
  publisher={APS}
}

@article{schutt2017schnet,
  title={Schnet: A continuous-filter convolutional neural network for modeling quantum interactions},
  author={Sch{\"u}tt, Kristof and Kindermans, Pieter-Jan and Sauceda Felix, Huziel Enoc and Chmiela, Stefan and Tkatchenko, Alexandre and M{\"u}ller, Klaus-Robert},
  journal={Advances in neural information processing systems},
  volume={30},
  year={2017}
}

@article{staacke2021role,
  title={On the role of long-range electrostatics in machine-learned interatomic potentials for complex battery materials},
  author={Staacke, Carsten G and Heenen, Hendrik H and Scheurer, Christoph and Cs{\'a}nyi, G{\'a}bor and Reuter, Karsten and Margraf, Johannes T},
  journal={ACS Applied Energy Materials},
  volume={4},
  number={11},
  pages={12562--12569},
  year={2021},
  publisher={ACS Publications}
}

@article{taniai2024crystalformer,
  title={Crystalformer: infinitely connected attention for periodic structure encoding},
  author={Taniai, Tatsunori and Igarashi, Ryo and Suzuki, Yuta and Chiba, Naoya and Saito, Kotaro and Ushiku, Yoshitaka and Ono, Kanta},
  journal={arXiv preprint arXiv:2403.11686},
  year={2024}
}

@article{unke2021spookynet,
  title={SpookyNet: Learning force fields with electronic degrees of freedom and nonlocal effects},
  author={Unke, Oliver T and Chmiela, Stefan and Gastegger, Michael and Sch{\"u}tt, Kristof T and Sauceda, Huziel E and M{\"u}ller, Klaus-Robert},
  journal={Nature communications},
  volume={12},
  number={1},
  pages={7273},
  year={2021},
  publisher={Nature Publishing Group UK London}
}

@article{wang2021compositionally,
  title={Compositionally restricted attention-based network for materials property predictions},
  author={Wang, Anthony Yu-Tung and Kauwe, Steven K and Murdock, Ryan J and Sparks, Taylor D},
  journal={Npj Computational Materials},
  volume={7},
  number={1},
  pages={77},
  year={2021},
  publisher={Nature Publishing Group UK London}
}

@article{xie2018crystal,
  title={Crystal graph convolutional neural networks for an accurate and interpretable prediction of material properties},
  author={Xie, Tian and Grossman, Jeffrey C},
  journal={Physical review letters},
  volume={120},
  number={14},
  pages={145301},
  year={2018},
  publisher={APS}
}

@article{yan2022periodic,
  title={Periodic graph transformers for crystal material property prediction},
  author={Yan, Keqiang and Liu, Yi and Lin, Yuchao and Ji, Shuiwang},
  journal={Advances in Neural Information Processing Systems},
  volume={35},
  pages={15066--15080},
  year={2022}
}

@article{yan2024complete,
  title={Complete and efficient graph transformers for crystal material property prediction},
  author={Yan, Keqiang and Fu, Cong and Qian, Xiaofeng and Qian, Xiaoning and Ji, Shuiwang},
  journal={arXiv preprint arXiv:2403.11857},
  year={2024}
}

@article{yu2022capturing,
  title={Capturing long-range interaction with reciprocal space neural network},
  author={Yu, Hongyu and Hong, Liangliang and Chen, Shiyou and Gong, Xingao and Xiang, Hongjun},
  journal={arXiv preprint arXiv:2211.16684},
  year={2022}
}

