@article{choudhary2022recent,
  title={Recent advances and applications of deep learning methods in materials science},
  author={Choudhary, Kamal and DeCost, Brian and Chen, Chi and Jain, Anubhav and Tavazza, Francesca and Cohn, Ryan and Park, Cheol Woo and Choudhary, Alok and Agrawal, Ankit and Billinge, Simon JL and others},
  journal={npj Computational Materials},
  volume={8},
  number={1},
  pages={59},
  year={2022},
  publisher={Nature Publishing Group UK London}
}
@article{yu2022capturing,
  title={Capturing long-range interaction with reciprocal space neural network},
  author={Yu, Hongyu and Hong, Liangliang and Chen, Shiyou and Gong, Xingao and Xiang, Hongjun},
  journal={arXiv preprint arXiv:2211.16684},
  year={2022}
}

@article{staacke2021role,
  title={On the role of long-range electrostatics in machine-learned interatomic potentials for complex battery materials},
  author={Staacke, Carsten G and Heenen, Hendrik H and Scheurer, Christoph and Cs{\'a}nyi, G{\'a}bor and Reuter, Karsten and Margraf, Johannes T},
  journal={ACS Applied Energy Materials},
  volume={4},
  number={11},
  pages={12562--12569},
  year={2021},
  publisher={ACS Publications}
}
@inproceedings{kosmala2023ewald,
  title={Ewald-based long-range message passing for molecular graphs},
  author={Kosmala, Arthur and Gasteiger, Johannes and Gao, Nicholas and G{\"u}nnemann, Stephan},
  booktitle={International Conference on Machine Learning},
  pages={17544--17563},
  year={2023},
  organization={PMLR}
}
@article{york1993effect,
  title={The effect of long-range electrostatic interactions in simulations of macromolecular crystals: A comparison of the Ewald and truncated list methods},
  author={York, Darrin M and Darden, Tom A and Pedersen, Lee G},
  journal={The Journal of chemical physics},
  volume={99},
  number={10},
  pages={8345--8348},
  year={1993},
  publisher={AIP Publishing}
}
@article{sagui1999molecular,
  title={Molecular dynamics simulations of biomolecules: long-range electrostatic effects},
  author={Sagui, Celeste and Darden, Thomas A},
  journal={Annual review of biophysics and biomolecular structure},
  volume={28},
  number={1},
  pages={155--179},
  year={1999},
  publisher={Annual Reviews 4139 El Camino Way, PO Box 10139, Palo Alto, CA 94303-0139, USA}
}
@article{zhang2022deep,
  title={A deep potential model with long-range electrostatic interactions},
  author={Zhang, Linfeng and Wang, Han and Muniz, Maria Carolina and Panagiotopoulos, Athanassios Z and Car, Roberto and others},
  journal={The Journal of Chemical Physics},
  volume={156},
  number={12},
  year={2022},
  publisher={AIP Publishing}
}
@article{xie2018crystal,
  title={Crystal graph convolutional neural networks for an accurate and interpretable prediction of material properties},
  author={Xie, Tian and Grossman, Jeffrey C},
  journal={Physical review letters},
  volume={120},
  number={14},
  pages={145301},
  year={2018},
  publisher={APS}
}

@article{louis2020graph,
  title={Graph convolutional neural networks with global attention for improved materials property prediction},
  author={Louis, Steph-Yves and Zhao, Yong and Nasiri, Alireza and Wang, Xiran and Song, Yuqi and Liu, Fei and Hu, Jianjun},
  journal={Physical Chemistry Chemical Physics},
  volume={22},
  number={32},
  pages={18141--18148},
  year={2020},
  publisher={Royal Society of Chemistry}
}

@article{yan2022periodic,
  title={Periodic graph transformers for crystal material property prediction},
  author={Yan, Keqiang and Liu, Yi and Lin, Yuchao and Ji, Shuiwang},
  journal={Advances in Neural Information Processing Systems},
  volume={35},
  pages={15066--15080},
  year={2022}
}

@inproceedings{lin2023efficient,
  title={Efficient approximations of complete interatomic potentials for crystal property prediction},
  author={Lin, Yuchao and Yan, Keqiang and Luo, Youzhi and Liu, Yi and Qian, Xiaoning and Ji, Shuiwang},
  booktitle={International Conference on Machine Learning},
  pages={21260--21287},
  year={2023},
  organization={PMLR}
}

@article{yan2024complete,
  title={Complete and efficient graph transformers for crystal material property prediction},
  author={Yan, Keqiang and Fu, Cong and Qian, Xiaofeng and Qian, Xiaoning and Ji, Shuiwang},
  journal={arXiv preprint arXiv:2403.11857},
  year={2024}
}

@article{choudhary2021atomistic,
  title={Atomistic line graph neural network for improved materials property predictions},
  author={Choudhary, Kamal and DeCost, Brian},
  journal={npj Computational Materials},
  volume={7},
  number={1},
  pages={185},
  year={2021},
  publisher={Nature Publishing Group UK London}
}

@article{schutt2017schnet,
  title={Schnet: A continuous-filter convolutional neural network for modeling quantum interactions},
  author={Sch{\"u}tt, Kristof and Kindermans, Pieter-Jan and Sauceda Felix, Huziel Enoc and Chmiela, Stefan and Tkatchenko, Alexandre and M{\"u}ller, Klaus-Robert},
  journal={Advances in neural information processing systems},
  volume={30},
  year={2017}
}

@article{choudhary2020joint,
  title={The joint automated repository for various integrated simulations (JARVIS) for data-driven materials design},
  author={Choudhary, Kamal and Garrity, Kevin F and Reid, Andrew CE and DeCost, Brian and Biacchi, Adam J and Hight Walker, Angela R and Trautt, Zachary and Hattrick-Simpers, Jason and Kusne, A Gilad and Centrone, Andrea and others},
  journal={npj computational materials},
  volume={6},
  number={1},
  pages={173},
  year={2020},
  publisher={Nature Publishing Group UK London}
}

@article{chen2019graph,
  title={Graph networks as a universal machine learning framework for molecules and crystals},
  author={Chen, Chi and Ye, Weike and Zuo, Yunxing and Zheng, Chen and Ong, Shyue Ping},
  journal={Chemistry of Materials},
  volume={31},
  number={9},
  pages={3564--3572},
  year={2019},
  publisher={ACS Publications}
}

@inproceedings{liu2022structured,
  title={Structured multi-task learning for molecular property prediction},
  author={Liu, Shengchao and Qu, Meng and Zhang, Zuobai and Cai, Huiyu and Tang, Jian},
  booktitle={International conference on artificial intelligence and statistics},
  pages={8906--8920},
  year={2022},
  organization={PMLR}
}

@inproceedings{liu2019loss,
  title={Loss-balanced task weighting to reduce negative transfer in multi-task learning},
  author={Liu, Shengchao and Liang, Yingyu and Gitter, Anthony},
  booktitle={Proceedings of the AAAI conference on artificial intelligence},
  volume={33},
  number={01},
  pages={9977--9978},
  year={2019}
}

@article{yu2020gradient,
  title={Gradient surgery for multi-task learning},
  author={Yu, Tianhe and Kumar, Saurabh and Gupta, Abhishek and Levine, Sergey and Hausman, Karol and Finn, Chelsea},
  journal={Advances in Neural Information Processing Systems},
  volume={33},
  pages={5824--5836},
  year={2020}
}

@article{xiao2024direction,
  title={Direction-oriented multi-objective learning: Simple and provable stochastic algorithms},
  author={Xiao, Peiyao and Ban, Hao and Ji, Kaiyi},
  journal={Advances in Neural Information Processing Systems},
  volume={36},
  year={2024}
}

@inproceedings{evgeniou2004regularized,
  title={Regularized multi--task learning},
  author={Evgeniou, Theodoros and Pontil, Massimiliano},
  booktitle={Proceedings of the tenth ACM SIGKDD international conference on Knowledge discovery and data mining},
  pages={109--117},
  year={2004}
}

@article{shazeer2017outrageously,
  title={Outrageously large neural networks: The sparsely-gated mixture-of-experts layer},
  author={Shazeer, Noam and Mirhoseini, Azalia and Maziarz, Krzysztof and Davis, Andy and Le, Quoc and Hinton, Geoffrey and Dean, Jeff},
  journal={arXiv preprint arXiv:1701.06538},
  year={2017}
}
@article{chanussot2021open,
  title={Open catalyst 2020 (OC20) dataset and community challenges},
  author={Chanussot, Lowik and Das, Abhishek and Goyal, Siddharth and Lavril, Thibaut and Shuaibi, Muhammed and Riviere, Morgane and Tran, Kevin and Heras-Domingo, Javier and Ho, Caleb and Hu, Weihua and others},
  journal={Acs Catalysis},
  volume={11},
  number={10},
  pages={6059--6072},
  year={2021},
  publisher={ACS Publications}
}
@article{stuke2020atomic,
  title={Atomic structures and orbital energies of 61,489 crystal-forming organic molecules},
  author={Stuke, Annika and Kunkel, Christian and Golze, Dorothea and Todorovi{\'c}, Milica and Margraf, Johannes T and Reuter, Karsten and Rinke, Patrick and Oberhofer, Harald},
  journal={Scientific data},
  volume={7},
  number={1},
  pages={58},
  year={2020},
  publisher={Nature Publishing Group UK London}
}

@book{kittel2018introduction,
  title={Introduction to solid state physics},
  author={Kittel, Charles and McEuen, Paul},
  year={2018},
  publisher={John Wiley \& Sons}
}

@article{ko2021fourth,
  title={A fourth-generation high-dimensional neural network potential with accurate electrostatics including non-local charge transfer},
  author={Ko, Tsz Wai and Finkler, Jonas A and Goedecker, Stefan and Behler, J{\"o}rg},
  journal={Nature communications},
  volume={12},
  number={1},
  pages={398},
  year={2021},
  publisher={Nature Publishing Group UK London}
}
@article{unke2021spookynet,
  title={SpookyNet: Learning force fields with electronic degrees of freedom and nonlocal effects},
  author={Unke, Oliver T and Chmiela, Stefan and Gastegger, Michael and Sch{\"u}tt, Kristof T and Sauceda, Huziel E and M{\"u}ller, Klaus-Robert},
  journal={Nature communications},
  volume={12},
  number={1},
  pages={7273},
  year={2021},
  publisher={Nature Publishing Group UK London}
}
@article{unke2019physnet,
  title={PhysNet: A neural network for predicting energies, forces, dipole moments, and partial charges},
  author={Unke, Oliver T and Meuwly, Markus},
  journal={Journal of chemical theory and computation},
  volume={15},
  number={6},
  pages={3678--3693},
  year={2019},
  publisher={ACS Publications}
}
@article{schutt2018schnet,
  title={Schnet--a deep learning architecture for molecules and materials},
  author={Sch{\"u}tt, Kristof T and Sauceda, Huziel E and Kindermans, P-J and Tkatchenko, Alexandre and M{\"u}ller, K-R},
  journal={The Journal of Chemical Physics},
  volume={148},
  number={24},
  year={2018},
  publisher={AIP Publishing}
}
@article{rupp2012fast,
  title={Fast and accurate modeling of molecular atomization energies with machine learning},
  author={Rupp, Matthias and Tkatchenko, Alexandre and M{\"u}ller, Klaus-Robert and Von Lilienfeld, O Anatole},
  journal={Physical review letters},
  volume={108},
  number={5},
  pages={058301},
  year={2012},
  publisher={APS}
}
@article{elton2018applying,
  title={Applying machine learning techniques to predict the properties of energetic materials},
  author={Elton, Daniel C and Boukouvalas, Zois and Butrico, Mark S and Fuge, Mark D and Chung, Peter W},
  journal={Scientific reports},
  volume={8},
  number={1},
  pages={9059},
  year={2018},
  publisher={Nature Publishing Group UK London}
}
@article{gasteiger2020directional,
  title={Directional message passing for molecular graphs},
  author={Gasteiger, Johannes and Gro{\ss}, Janek and G{\"u}nnemann, Stephan},
  journal={arXiv preprint arXiv:2003.03123},
  year={2020}
}
@article{geiger2022e3nn,
  title={e3nn: Euclidean neural networks},
  author={Geiger, Mario and Smidt, Tess},
  journal={arXiv preprint arXiv:2207.09453},
  year={2022}
}
@article{batzner20223,
  title={E (3)-equivariant graph neural networks for data-efficient and accurate interatomic potentials},
  author={Batzner, Simon and Musaelian, Albert and Sun, Lixin and Geiger, Mario and Mailoa, Jonathan P and Kornbluth, Mordechai and Molinari, Nicola and Smidt, Tess E and Kozinsky, Boris},
  journal={Nature communications},
  volume={13},
  number={1},
  pages={2453},
  year={2022},
  publisher={Nature Publishing Group UK London}
}
@article{behler2007generalized,
  title={Generalized neural-network representation of high-dimensional potential-energy surfaces},
  author={Behler, J{\"o}rg and Parrinello, Michele},
  journal={Physical review letters},
  volume={98},
  number={14},
  pages={146401},
  year={2007},
  publisher={APS}
}
@article{jha2018elemnet,
  title={Elemnet: Deep learning the chemistry of materials from only elemental composition},
  author={Jha, Dipendra and Ward, Logan and Paul, Arindam and Liao, Wei-keng and Choudhary, Alok and Wolverton, Chris and Agrawal, Ankit},
  journal={Scientific reports},
  volume={8},
  number={1},
  pages={17593},
  year={2018},
  publisher={Nature Publishing Group UK London}
}
@article{goodall2020predicting,
  title={Predicting materials properties without crystal structure: deep representation learning from stoichiometry},
  author={Goodall, Rhys EA and Lee, Alpha A},
  journal={Nature communications},
  volume={11},
  number={1},
  pages={6280},
  year={2020},
  publisher={Nature Publishing Group UK London}
}
@article{wang2021compositionally,
  title={Compositionally restricted attention-based network for materials property predictions},
  author={Wang, Anthony Yu-Tung and Kauwe, Steven K and Murdock, Ryan J and Sparks, Taylor D},
  journal={Npj Computational Materials},
  volume={7},
  number={1},
  pages={77},
  year={2021},
  publisher={Nature Publishing Group UK London}
}

@inproceedings{christofidellis2023unifying,
  title={Unifying molecular and textual representations via multi-task language modelling},
  author={Christofidellis, Dimitrios and Giannone, Giorgio and Born, Jannis and Winther, Ole and Laino, Teodoro and Manica, Matteo},
  booktitle={International Conference on Machine Learning},
  pages={6140--6157},
  year={2023},
  organization={PMLR}
}

@article{ren2024physical,
  title={Physical Consistency Bridges Heterogeneous Data in Molecular Multi-Task Learning},
  author={Ren, Yuxuan and Zheng, Dihan and Liu, Chang and Jin, Peiran and Shi, Yu and Huang, Lin and He, Jiyan and Luo, Shengjie and Qin, Tao and Liu, Tie-Yan},
  journal={arXiv preprint arXiv:2410.10118},
  year={2024}
}

@article{beaini2023towards,
  title={Towards foundational models for molecular learning on large-scale multi-task datasets},
  author={Beaini, Dominique and Huang, Shenyang and Cunha, Joao Alex and Li, Zhiyi and Moisescu-Pareja, Gabriela and Dymov, Oleksandr and Maddrell-Mander, Samuel and McLean, Callum and Wenkel, Frederik and M{\"u}ller, Luis and others},
  journal={arXiv preprint arXiv:2310.04292},
  year={2023}
}

@article{bloch1929quantenmechanik,
  title={{\"U}ber die quantenmechanik der elektronen in kristallgittern},
  author={Bloch, Felix},
  journal={Zeitschrift f{\"u}r physik},
  volume={52},
  number={7},
  pages={555--600},
  year={1929},
  publisher={Springer}
}
@book{ziman2001electrons,
  title={Electrons and phonons: the theory of transport phenomena in solids},
  author={Ziman, John M},
  year={2001},
  publisher={Oxford university press}
}
@article{cullity1957elements,
  title={Elements of X-ray Diffraction},
  author={Cullity, Bernard Dennis and Smoluchowski, R},
  journal={Physics Today},
  volume={10},
  number={3},
  pages={50--50},
  year={1957},
  publisher={American Institute of Physics}
}
@article{marzari1997maximally,
  title={Maximally localized generalized Wannier functions for composite energy bands},
  author={Marzari, Nicola and Vanderbilt, David},
  journal={Physical review B},
  volume={56},
  number={20},
  pages={12847},
  year={1997},
  publisher={APS}
}
@article{baroni2001phonons,
  title={Phonons and related crystal properties from density-functional perturbation theory},
  author={Baroni, Stefano and De Gironcoli, Stefano and Dal Corso, Andrea and Giannozzi, Paolo},
  journal={Reviews of modern Physics},
  volume={73},
  number={2},
  pages={515},
  year={2001},
  publisher={APS}
}
@article{ashcroft1978solid,
  title={Solid state physics},
  author={Ashcroft, Neil W and Mermin, N David and Rodriguez, Sergio},
  journal={American Journal of Physics},
  volume={46},
  number={1},
  pages={116--117},
  year={1978},
  publisher={AIP Publishing}
}
@book{poeppelmeier2023comprehensive,
  title={Comprehensive Inorganic Chemistry III},
  author={Poeppelmeier, Kenneth R},
  year={2023},
  publisher={Elsevier}
}
@book{egerton2005physical,
  title={Physical principles of electron microscopy},
  author={Egerton, Ray F and others},
  volume={56},
  year={2005},
  publisher={Springer}
}
@book{ashcroft1976solid,
  title={Solid State Physics},
  author={Ashcroft, Neil W. and Mermin, N. David},
  year={2001},
  publisher={Harcourt College Publishers}
}

@book{gross2014festkorperphysik,
  title={Festkörperphysik},
  author={Gross, Richard and Marx, Achim},
  year={2014},
  publisher={De Gruyter}
}

@book{economou2010physics,
  title={The Physics of Solids},
  author={Economou, Eleftherios N.},
  year={2010},
  publisher={Springer}
}

@book{hunklinger2014festkorperphysik,
  title={Festkörperphysik},
  author={Hunklinger, Siegfried},
  year={2014},
  publisher={De Gruyter}
}

@article{riquelme2021scaling,
  title={Scaling vision with sparse mixture of experts},
  author={Riquelme, Carlos and Puigcerver, Joan and Mustafa, Basil and Neumann, Maxim and Jenatton, Rodolphe and Susano Pinto, Andr{\'e} and Keysers, Daniel and Houlsby, Neil},
  journal={Advances in Neural Information Processing Systems},
  volume={34},
  pages={8583--8595},
  year={2021}
}

@article{de1980simulation,
  title={Simulation of electrostatic systems in periodic boundary conditions. I. Lattice sums and dielectric constants},
  author={de Leeuw, Simon W and Perram, John William and Smith, Edgar Roderick},
  journal={Proceedings of the Royal Society of London. A. Mathematical and Physical Sciences},
  volume={373},
  number={1752},
  pages={27--56},
  year={1980},
  publisher={The Royal Society London}
}

@article{kingma2014adam,
  title={Adam: A method for stochastic optimization},
  author={Kingma, Diederik P},
  journal={arXiv preprint arXiv:1412.6980},
  year={2014}
}

@inproceedings{smith2019super,
  title={Super-convergence: Very fast training of neural networks using large learning rates},
  author={Smith, Leslie N and Topin, Nicholay},
  booktitle={Artificial intelligence and machine learning for multi-domain operations applications},
  volume={11006},
  pages={369--386},
  year={2019},
  organization={SPIE}
}
@book{ladd1977structure,
  title={Structure determination by X-ray crystallography},
  author={Ladd, Marcus Frederick Charles and Palmer, Rex Alfred and Palmer, Rex Alfred},
  volume={233},
  year={1977},
  publisher={Springer}
}
@article{taniai2024crystalformer,
  title={Crystalformer: infinitely connected attention for periodic structure encoding},
  author={Taniai, Tatsunori and Igarashi, Ryo and Suzuki, Yuta and Chiba, Naoya and Saito, Kotaro and Ushiku, Yoshitaka and Ono, Kanta},
  journal={arXiv preprint arXiv:2403.11686},
  year={2024}
}
@article{jones2015density,
  title={Density functional theory: Its origins, rise to prominence, and future},
  author={Jones, Robert O},
  journal={Reviews of modern physics},
  volume={87},
  number={3},
  pages={897--923},
  year={2015},
  publisher={APS}
}
@article{zeni2023mattergen,
  title={Mattergen: a generative model for inorganic materials design},
  author={Zeni, Claudio and Pinsler, Robert and Z{\"u}gner, Daniel and Fowler, Andrew and Horton, Matthew and Fu, Xiang and Shysheya, Sasha and Crabb{\'e}, Jonathan and Sun, Lixin and Smith, Jake and others},
  journal={arXiv preprint arXiv:2312.03687},
  year={2023}
}
@incollection{james1963dynamical,
  title={The dynamical theory of X-ray diffraction},
  author={James, RW},
  booktitle={Solid State Physics},
  volume={15},
  pages={53--220},
  year={1963},
  publisher={Elsevier}
}