@inproceedings{FHQL2023,
author = {Fan, Flint Xiaofeng and Ma, Yining and Dai, Zhongxiang and Tan, Cheston and Low, Bryan Kian Hsiang},
title = {FedHQL: Federated Heterogeneous Q-Learning},
year = {2023},
booktitle = {International Conference on Autonomous Agents and Multiagent Systems},
pages = {2810â€“2812}
}

@article{huang2023generalizable,
  author={Huang, Wenke and Ye, Mang and Shi, Zekun and Du, Bo},
  journal={IEEE Transactions on Pattern Analysis and Machine Intelligence}, 
  title={Generalizable Heterogeneous Federated Cross-Correlation and Instance Similarity Learning}, 
  year={2024},
  volume={46},
  number={2},
  pages={712-728}
}

@inproceedings{jin2022federated,
  title={Federated reinforcement learning with environment heterogeneity},
  author={Jin, Hao and Peng, Yang and Yang, Wenhao and Wang, Shusen and Zhang, Zhihua},
  booktitle={International Conference on Artificial Intelligence and Statistics},
  pages={18--37},
  year={2022}
}

@article{li2019fedmd,
  title={Fedmd: Heterogenous federated learning via model distillation},
  author={Li, Daliang and Wang, Junpu},
  journal={arXiv preprint arXiv:1910.03581},
  year={2019}
}

@InProceedings{lin2020ensemble,
  title={Ensemble distillation for robust model fusion in federated learning},
  author={Lin, Tao and Kong, Lingjing and Stich, Sebastian U and Jaggi, Martin},
  booktitle={NeurIPS 2020},
  year={2020}
}

@inproceedings{zhang2024fedsarsa,
	title={Finite-Time Analysis of On-Policy Heterogeneous Federated Reinforcement Learning},
	author={Zhang, Chenyu and Wang, Han and Mitra, Aritra and Anderson, James},
	booktitle={International Conference on Learning Representations},
	year={2024}
}

@inproceedings{zhu2021data,
  title={Data-free knowledge distillation for heterogeneous federated learning},
  author={Zhu, Zhuangdi and Hong, Junyuan and Zhou, Jiayu},
  booktitle={International Conference on Machine Learning},
  pages={12878--12889},
  year={2021}
}

