@inproceedings{FHQL2023,
author = {Fan, Flint Xiaofeng and Ma, Yining and Dai, Zhongxiang and Tan, Cheston and Low, Bryan Kian Hsiang},
title = {FedHQL: Federated Heterogeneous Q-Learning},
year = {2023},
booktitle = {International Conference on Autonomous Agents and Multiagent Systems},
pages = {2810–2812}
}

@inproceedings{ETH.DECEN.BYZPG,
author = {Jordan, Philip and Gr\"{o}tschla, Florian and Fan, Flint Xiaofeng and Wattenhofer, Roger},
title = {Decentralized Federated Policy Gradient with Byzantine Fault-Tolerance and Provably Fast Convergence},
year = {2024},
booktitle = {International Conference on Autonomous Agents and Multiagent Systems},
pages = {964–972}
}

@inproceedings{jin2022federated,
  title={Federated reinforcement learning with environment heterogeneity},
  author={Jin, Hao and Peng, Yang and Yang, Wenhao and Wang, Shusen and Zhang, Zhihua},
  booktitle={International Conference on Artificial Intelligence and Statistics},
  pages={18--37},
  year={2022}
}

@inproceedings{fan2021fault,
  title={Fault-tolerant federated reinforcement learning with theoretical guarantee},
  author={Fan, Flint Xiaofeng and Ma, Yining and Dai, Zhongxiang and Jing, Wei and Tan, Cheston and Low, Bryan Kian Hsiang},
  booktitle={Advances in Neural Information Processing Systems},
  volume={34},
  pages={1007--1021},
  year={2021}
}

@inproceedings{zhang2024fedsarsa,
	title={Finite-Time Analysis of On-Policy Heterogeneous Federated Reinforcement Learning},
	author={Zhang, Chenyu and Wang, Han and Mitra, Aritra and Anderson, James},
	booktitle={International Conference on Learning Representations},
	year={2024}
}

@InProceedings{khodadadian22a,
  title = 	 {Federated Reinforcement Learning: Linear Speedup Under {M}arkovian Sampling},
  author =       {Khodadadian, Sajad and Sharma, Pranay and Joshi, Gauri and Maguluri, Siva Theja},
  booktitle = 	 {International Conference on Machine Learning},
  pages = 	 {10997--11057},
  year = 	 {2022},
  volume = 	 {162}
}

@InProceedings{woo23a,
  title = 	 {The Blessing of Heterogeneity in Federated Q-Learning: Linear Speedup and Beyond},
  author =       {Woo, Jiin and Joshi, Gauri and Chi, Yuejie},
  booktitle = 	 {International Conference on Machine Learning},
  pages = 	 {37157--37216},
  year = 	 {2023},
  volume = 	 {202}
}

@article{li2019fedmd,
  title={Fedmd: Heterogenous federated learning via model distillation},
  author={Li, Daliang and Wang, Junpu},
  journal={arXiv preprint arXiv:1910.03581},
  year={2019}
}

@InProceedings{lin2020ensemble,
  title={Ensemble distillation for robust model fusion in federated learning},
  author={Lin, Tao and Kong, Lingjing and Stich, Sebastian U and Jaggi, Martin},
  booktitle={NeurIPS 2020},
  year={2020}
}

@inproceedings{zhu2021data,
  title={Data-free knowledge distillation for heterogeneous federated learning},
  author={Zhu, Zhuangdi and Hong, Junyuan and Zhou, Jiayu},
  booktitle={International Conference on Machine Learning},
  pages={12878--12889},
  year={2021}
}

@inproceedings{mcmahan2017communication,
  title={Communication-efficient learning of deep networks from decentralized data},
  author={McMahan, Brendan and Moore, Eider and Ramage, Daniel and Hampson, Seth and y Arcas, Blaise Aguera},
  booktitle={International Conference on Artificial Intelligence and Statistics},
  pages={1273--1282},
  year={2017}
}


@article{hinton2015distilling,
  title={Distilling the knowledge in a neural network},
  author={Hinton, Geoffrey and Vinyals, Oriol and Dean, Jeff},
  journal={arXiv preprint arXiv:1503.02531},
  year={2015}
}

@inproceedings{ryu2022model,
  title={Model-based federated reinforcement distillation},
  author={Ryu, Sefutsu and Takamaeda-Yamazaki, Shinya},
  booktitle={IEEE Global Communications Conference},
  pages={1109--1114},
  year={2022}
}

@article{mai2023server,
  title={Server-client collaborative distillation for federated reinforcement learning},
  author={Mai, Weiming and Yao, Jiangchao and Chen, Gong and Zhang, Ya and Cheung, Yiu-Ming and Han, Bo},
  journal={ACM Transactions on Knowledge Discovery from Data},
  volume={18},
  number={1},
  pages={1--22},
  year={2023}
}

@InProceedings{pmlr-v48-reddi16,
  title = 	 {Stochastic Variance Reduction for Nonconvex Optimization},
  author = 	 {Reddi, Sashank J. and Hefny, Ahmed and Sra, Suvrit and Poczos, Barnabas and Smola, Alex},
  booktitle = 	 {International Conference on Machine Learning},
  pages = 	 {314--323},
  year = 	 {2016},
  volume = 	 {48}
}


@InProceedings{pmlr-v48-allen-zhua16,
  title = 	 {Variance Reduction for Faster Non-Convex Optimization},
  author = 	 {Allen-Zhu, Zeyuan and Hazan, Elad},
  booktitle = 	 {ICML},
  pages = 	 {699--707},
  year = 	 {2016},
  volume = 	 {48}
}

@inproceedings{fang2022robust,
  title={Robust federated learning with noisy and heterogeneous clients},
  author={Fang, Xiuwen and Ye, Mang},
  booktitle={IEEE/CVF Conference on Computer Vision and Pattern Recognition},
  pages={10072--10081},
  year={2022}
}

@inproceedings{ijcaisun2021,
  title     = {Federated Model Distillation with Noise-Free Differential Privacy},
  author    = {Sun, Lichao and Lyu, Lingjuan},
  booktitle = {IJCAI},
  pages     = {1563--1570},
  year      = {2021}
}

@article{brockman2016openai,
  title={Openai gym},
  author={Brockman, Greg and Cheung, Vicki and Pettersson, Ludwig and Schneider, Jonas and Schulman, John and Tang, Jie and Zaremba, Wojciech},
  journal={arXiv preprint arXiv:1606.01540},
  year={2016}
}

@InProceedings{pmlr-v202-fatkhullin23a,
  title = 	 {Stochastic Policy Gradient Methods: Improved Sample Complexity for {F}isher-non-degenerate Policies},
  author =       {Fatkhullin, Ilyas and Barakat, Anas and Kireeva, Anastasia and He, Niao},
  booktitle = 	 {ICML},
  pages = 	 {9827--9869},
  year = 	 {2023},
  volume = 	 {202}
}

@article{fan2024fedrlhf,
  title={FedRLHF: A Convergence-Guaranteed Federated Framework for Privacy-Preserving and Personalized RLHF},
  author={Fan, Flint Xiaofeng and Tan, Cheston and Ong, Yew-Soon and Wattenhofer, Roger and Ooi, Wei-Tsang},
  journal={arXiv preprint arXiv:2412.15538},
  year={2024}
}
@InProceedings{xu20a_uai,
  title = 	 {An Improved Convergence Analysis of Stochastic Variance-Reduced Policy Gradient},
  author =       {Xu, Pan and Gao, Felicia and Gu, Quanquan},
  booktitle = 	 {Conference on Uncertainty in Artificial Intelligence},
  pages = 	 {541--551},
  year = 	 {2020},
  volume = 	 {115}
}



@InProceedings{pmlr-v151-yuan22a,
  title = 	 { A general sample complexity analysis of vanilla policy gradient },
  author =       {Yuan, Rui and Gower, Robert M. and Lazaric, Alessandro},
  booktitle = 	 {International Conference on Artificial Intelligence and Statistics},
  pages = 	 {3332--3380},
  year = 	 {2022},
  volume = 	 {151}
}

@article{sutton2018reinforcement,
  title={Reinforcement learning: An introduction},
  author={Sutton, Richard S},
  journal={A Bradford Book},
  year={2018}
}

@article{williams1992simple,
  title={Simple statistical gradient-following algorithms for connectionist reinforcement learning},
  author={Williams, Ronald J},
  journal={Machine Learning},
  volume={8},
  pages={229--256},
  year={1992}
}

@inproceedings{yu2018towards,
  title={Towards sample efficient reinforcement learning},
  author={Yu, Yang},
  booktitle={International Joint Conference on Artificial Intelligence},
  pages={5739--5743},
  year={2018}
}

@inproceedings{pan2019you,
  title={How You Act Tells a Lot: Privacy-Leaking Attack on Deep Reinforcement Learning.},
  author={Pan, Xinlei and Wang, Weiyao and Zhang, Xiaoshuai and Li, Bo and Yi, Jinfeng and Song, Dawn},
  booktitle={AAMAS 2019},
  volume={19},
  pages={368--376},
  year={2019}
}

@inproceedings{cuccu2022dibb,
  title={DiBB: distributing black-box optimization},
  author={Cuccu, Giuseppe and Rolshoven, Luca and Vorpe, Fabien and Cudr{\'e}-Mauroux, Philippe and Glasmachers, Tobias},
  booktitle={Genetic and Evolutionary Computation Conference},
  pages={341--349},
  year={2022}
}

@article{huang2023generalizable,
  author={Huang, Wenke and Ye, Mang and Shi, Zekun and Du, Bo},
  journal={IEEE Transactions on Pattern Analysis and Machine Intelligence}, 
  title={Generalizable Heterogeneous Federated Cross-Correlation and Instance Similarity Learning}, 
  year={2024},
  volume={46},
  number={2},
  pages={712-728}
}


@InProceedings{pmlr-v37-schulman15,
  title = 	 {Trust Region Policy Optimization},
  author = 	 {Schulman, John and Levine, Sergey and Abbeel, Pieter and Jordan, Michael and Moritz, Philipp},
  booktitle = 	 {International Conference on Machine Learning},
  pages = 	 {1889--1897},
  year = 	 {2015},
  volume = 	 {37}
}

@article{schulman2017proximal,
  title={Proximal policy optimization algorithms},
  author={Schulman, John and Wolski, Filip and Dhariwal, Prafulla and Radford, Alec and Klimov, Oleg},
  journal={arXiv preprint arXiv:1707.06347},
  year={2017}
}

@inproceedings{NEURIPS2019_Divergence-Augmented,
 author = {Wang, Qing and Li, Yingru and Xiong, Jiechao and Zhang, Tong},
 booktitle = {Advances in Neural Information Processing Systems},
 title = {Divergence-Augmented Policy Optimization},
 volume = {32},
 year = {2019}
}

@InProceedings{pmlr-v124-touati20a,
  title = 	 {Stable Policy Optimization via Off-Policy Divergence Regularization},
  author =       {Touati, Ahmed and Zhang, Amy and Pineau, Joelle and Vincent, Pascal},
  booktitle = 	 {Conference on Uncertainty in Artificial Intelligence},
  pages = 	 {1328--1337},
  year = 	 {2020},
  volume = 	 {124}
}

@article{JMLR:v22:19-736,
  author  = {Alekh Agarwal and Sham M Kakade and Jason D Lee and Gaurav Mahajan},
  title   = {On the Theory of Policy Gradient Methods: Optimality, Approximation, and Distribution Shift},
  journal = {Journal of Machine Learning Research},
  year    = {2021},
  volume  = {22},
  number  = {98},
  pages   = {1--76}
}


@incollection{rasmussen2003gaussian,
  title={Gaussian processes in machine learning},
  author={Rasmussen, Carl Edward},
  booktitle={Summer school on machine learning},
  pages={63--71},
  year={2003},
  publisher={Springer}
}

@book{murphy2012machine,
  title={Machine learning: a probabilistic perspective},
  author={Murphy, Kevin P},
  year={2012},
  publisher={MIT press}
}

@article{gao2017properties,
  title={On the properties of the softmax function with application in game theory and reinforcement learning},
  author={Gao, Bolin and Pavel, Lacra},
  journal={arXiv preprint arXiv:1704.00805},
  year={2017}
}

@InProceedings{pmlr-v80-papini18a,
  title = 	 {Stochastic Variance-Reduced Policy Gradient},
  author =       {Papini, Matteo and Binaghi, Damiano and Canonaco, Giuseppe and Pirotta, Matteo and Restelli, Marcello},
  booktitle = 	 {International Conference on Machine Learning},
  pages = 	 {4026--4035},
  year = 	 {2018},
  volume = 	 {80}
}

@article{mnih2016asynchronous,
  title={Asynchronous Methods for Deep Reinforcement Learning},
  author={Mnih, Volodymyr},
  journal={arXiv preprint arXiv:1602.01783},
  year={2016}
}

@inproceedings{gargiani2022page,
  title={PAGE-PG: A simple and loopless variance-reduced policy gradient method with probabilistic gradient estimation},
  author={Gargiani, Matilde and Zanelli, Andrea and Martinelli, Andrea and Summers, Tyler and Lygeros, John},
  booktitle = 	 {ICML},
  pages = 	 {7223--7240},
  year = 	 {2022},
  volume = 	 {162},
}


@InProceedings{pmlr-v97-shen19d,
  title = 	 {Hessian Aided Policy Gradient},
  author =       {Shen, Zebang and Ribeiro, Alejandro and Hassani, Hamed and Qian, Hui and Mi, Chao},
  booktitle = 	 {International Conference on Machine Learning},
  pages = 	 {5729--5738},
  year = 	 {2019},
  volume = 	 {97}
}

@inproceedings{NIPS1999_6449f44a,
 author = {Konda, Vijay and Tsitsiklis, John},
 booktitle = {Advances in Neural Information Processing Systems},
 title = {Actor-Critic Algorithms},
 volume = {12},
 year = {1999}
}

@article{kingma2014adam,
  title={Adam: A method for stochastic optimization},
  author={Kingma, Diederik P},
  journal={arXiv preprint arXiv:1412.6980},
  year={2014}
}

@article{ju2022transferring,
  title={Transferring policy of deep reinforcement learning from simulation to reality for robotics},
  author={Ju, Hao and Juan, Rongshun and Gomez, Randy and Nakamura, Keisuke and Li, Guangliang},
  journal={Nature Machine Intelligence},
  volume={4},
  number={12},
  pages={1077--1087},
  year={2022},
  publisher={Nature Publishing Group UK London}
}

@inproceedings{xin2022supervised,
  title={Supervised advantage actor-critic for recommender systems},
  author={Xin, Xin and Karatzoglou, Alexandros and Arapakis, Ioannis and Jose, Joemon M},
  booktitle={International Conference on Web Search and Data Mining},
  pages={1186--1196},
  year={2022}
}

@article{chai2022design,
  title={Design and experimental validation of deep reinforcement learning-based fast trajectory planning and control for mobile robot in unknown environment},
  author={Chai, Runqi and Niu, Hanlin and Carrasco, Joaquin and Arvin, Farshad and Yin, Hujun and Lennox, Barry},
  journal={IEEE TNNLS},
  volume={35},
  number={4},
  pages={5778--5792},
  year={2022},
  publisher={IEEE}
}

@article{feng2023dense,
  title={Dense reinforcement learning for safety validation of autonomous vehicles},
  author={Feng, Shuo and Sun, Haowei and Yan, Xintao and Zhu, Haojie and Zou, Zhengxia and Shen, Shengyin and Liu, Henry X},
  journal={Nature},
  volume={615},
  number={7953},
  pages={620--627},
  year={2023}
}

@inproceedings{qiao2024br,
  title={BR-DeFedRL: Byzantine-Robust Decentralized Federated Reinforcement Learning with Fast Convergence and Communication Efficiency},
  author={Qiao, Jing and Zhang, Zuyuan and Yue, Sheng and Yuan, Yuan and Cai, Zhipeng and Zhang, Xiao and Ren, Ju and Yu, Dongxiao},
  booktitle={IEEE Conference on Computer Communications},
  pages={141--150},
  year={2024},
  organization={IEEE}
}

@article{feng2023robust,
  title={Robust federated deep reinforcement learning for optimal control in multiple virtual power plants with electric vehicles},
  author={Feng, Bin and Liu, Zhuping and Huang, Gang and Guo, Chuangxin},
  journal={Applied Energy},
  volume={349},
  pages={121615},
  year={2023},
  publisher={Elsevier}
}

@inproceedings{woo2023blessing,
  title={The blessing of heterogeneity in federated q-learning: Linear speedup and beyond},
  author={Woo, Jiin and Joshi, Gauri and Chi, Yuejie},
  booktitle={International Conference on Machine Learning},
  pages={37157--37216},
  year={2023}
}

@article{ye2023heterogeneous,
  title={Heterogeneous federated learning: State-of-the-art and research challenges},
  author={Ye, Mang and Fang, Xiuwen and Du, Bo and Yuen, Pong C and Tao, Dacheng},
  journal={ACM Computing Surveys},
  volume={56},
  number={3},
  pages={1--44},
  year={2023},
  publisher={ACM}
}

@ARTICLE{10609408,
  author={Jin, Chenying and Feng, Xiang and Yu, Huiqun},
  journal={IEEE TNNLS}, 
  title={Embracing Multiheterogeneity and Privacy Security Simultaneously: A Dynamic Privacy-Aware Federated Reinforcement Learning Approach}, 
  year={2024},
  volume={},
  number={},
  pages={1-15}}

@inproceedings{
zheng2024federated,
title={Federated Q-Learning: Linear Regret Speedup with Low Communication Cost},
author={Zhong Zheng and Fengyu Gao and Lingzhou Xue and Jing Yang},
booktitle={International Conference on Learning Representations},
year={2024}
}

@article{rusu2015policy,
  title={Policy distillation},
  author={Rusu, Andrei A and Colmenarejo, Sergio Gomez and Gulcehre, Caglar and Desjardins, Guillaume and Kirkpatrick, James and Pascanu, Razvan and Mnih, Volodymyr and Kavukcuoglu, Koray and Hadsell, Raia},
  journal={arXiv preprint arXiv:1511.06295},
  year={2015}
}


@InProceedings{pmlr-v78-dosovitskiy17a,
  title = 	 {{CARLA}: {An} Open Urban Driving Simulator},
  author = 	 {Dosovitskiy, Alexey and Ros, German and Codevilla, Felipe and Lopez, Antonio and Koltun, Vladlen},
  booktitle = 	 {CoRL},
  pages = 	 {1--16},
  year = 	 {2017}
}

@article{baxter2001infinite,
  title={Infinite-horizon policy-gradient estimation},
  author={Baxter, Jonathan and Bartlett, Peter L},
  journal={Journal of Artificial Intelligence Research},
  volume={15},
  pages={319--350},
  year={2001}
}

@inproceedings{NIPS2016_b3ba8f1b,
 author = {Liu, Qiang and Wang, Dilin},
 booktitle = {NeurIPS},
 pages = {},
 title = {Stein Variational Gradient Descent: A General Purpose Bayesian Inference Algorithm},
 volume = {29},
 year = {2016}
}

@inproceedings{silver2014deterministic,
  title={Deterministic policy gradient algorithms},
  author={Silver, David and Lever, Guy and Heess, Nicolas and Degris, Thomas and Wierstra, Daan and Riedmiller, Martin},
  booktitle={International Conference on Machine Learning},
  pages={387--395},
  year={2014}
}

@article{goodfellow2020generative,
  title={Generative adversarial networks},
  author={Goodfellow, Ian and Pouget-Abadie, Jean and Mirza, Mehdi and Xu, Bing and Warde-Farley, David and Ozair, Sherjil and Courville, Aaron and Bengio, Yoshua},
  journal={Communications of the ACM},
  volume={63},
  number={11},
  pages={139--144},
  year={2020},
  publisher={ACM New York, NY, USA}
}

@incollection{DAI2024257,
title = {Chapter 14 - Federated sequential decision making: Bayesian optimization, reinforcement learning, and beyond},
booktitle = {Federated Learning},
publisher = {Academic Press},
pages = {257-279},
year = {2024},
isbn = {978-0-443-19037-7},
doi = {https://doi.org/10.1016/B978-0-44-319037-7.00023-5},
author = {Zhongxiang Dai and Flint Xiaofeng Fan and Cheston Tan and Trong Nghia Hoang and Bryan Kian Hsiang Low and Patrick Jaillet},
}

@article{mak2024caesar,
  title={CAESAR: Enhancing Federated RL in Heterogeneous MDPs through Convergence-Aware Sampling with Screening},
  author={Mak, Hei Yi and Fan, Flint Xiaofeng and Lanzend{\"o}rfer, Luca A and Tan, Cheston and Ooi, Wei Tsang and Wattenhofer, Roger},
  journal={arXiv preprint arXiv:2403.20156},
  year={2024}
}