@inproceedings{DBLP:conf/aieeire/Briandais59,
  author    = {Rene De La Briandais},
  title     = {File searching using variable length keys},
  booktitle = {{IRE-AIEE-ACM} Computer Conference (Western)},
  pages     = {295--298},
  year      = {1959}
}

@inproceedings{DBLP:conf/ecml/PapadopoulosPVG02,
  author    = {Harris Papadopoulos and
               Kostas Proedrou and
               Volodya Vovk and
               Alexander Gammerman},
  title     = {Inductive Confidence Machines for Regression},
  booktitle = {{ECML}},
  volume    = {2430},
  pages     = {345--356},
  year      = {2002}
}

@inproceedings{DBLP:conf/icde/LiZSWT020,
  author    = {Mingjie Li and
               Ying Zhang and
               Yifang Sun and
               Wei Wang and
               Ivor W. Tsang and
               Xuemin Lin},
  title     = {{I/O} Efficient Approximate Nearest Neighbour Search based on Learned
               Functions},
  booktitle = {{ICDE}},
  pages     = {289--300},
  year      = {2020}
}

@inproceedings{DBLP:conf/icde/PengFP20,
  author    = {Botao Peng and
               Panagiota Fatourou and
               Themis Palpanas},
  title     = {{MESSI:} In-Memory Data Series Indexing},
  booktitle = {{ICDE}},
  pages     = {337--348},
  year      = {2020}
}

@inproceedings{DBLP:conf/icde/PengFP21,
  author    = {Botao Peng and
               Panagiota Fatourou and
               Themis Palpanas},
  title     = {{SING:} Sequence Indexing Using GPUs},
  booktitle = {{ICDE}},
  pages     = {1883--1888},
  year      = {2021}
}

@inproceedings{DBLP:conf/icdm/YagoubiAMP17,
  author    = {Djamel Edine Yagoubi and
               Reza Akbarinia and
               Florent Masseglia and
               Themis Palpanas},
  title     = {DPiSAX: Massively Distributed Partitioned iSAX},
  booktitle = {{ICDM}},
  pages     = {1135--1140},
  year      = {2017}
}

@inproceedings{DBLP:conf/kdd/ShiehK08,
  author    = {Jin Shieh and
               Eamonn J. Keogh},
  title     = {\emph{i}SAX: indexing and mining terabyte sized time series},
  booktitle = {{KDD}},
  pages     = {623--631},
  year      = {2008}
}

@inproceedings{DBLP:conf/kdd/WangP21,
  author    = {Qitong Wang and
               Themis Palpanas},
  title     = {Deep Learning Embeddings for Data Series Similarity Search},
  booktitle = {{KDD}},
  pages     = {1708--1716},
  year      = {2021}
}

@inproceedings{DBLP:conf/sigmod/0001ZC21,
  author    = {Guoliang Li and
               Xuanhe Zhou and
               Lei Cao},
  title     = {{AI} Meets Database: {AI4DB} and {DB4AI}},
  booktitle = {{SIGMOD}},
  pages     = {2859--2866},
  year      = {2021}
}

@inproceedings{DBLP:conf/sigmod/GogolouTEBP20,
  author    = {Anna Gogolou and
               Theophanis Tsandilas and
               Karima Echihabi and
               Anastasia Bezerianos and
               Themis Palpanas},
  title     = {Data Series Progressive Similarity Search with Probabilistic Quality
               Guarantees},
  booktitle = {{SIGMOD}},
  pages     = {1857--1873},
  year      = {2020}
}

@inproceedings{DBLP:conf/sigmod/KeoghCMP01,
  author    = {Eamonn J. Keogh and
               Kaushik Chakrabarti and
               Sharad Mehrotra and
               Michael J. Pazzani},
  title     = {Locally Adaptive Dimensionality Reduction for Indexing Large Time
               Series Databases},
  booktitle = {{SIGMOD}},
  pages     = {151--162},
  year      = {2001}
}

@inproceedings{DBLP:conf/sigmod/KimJSHCC22,
  author    = {Kyoungmin Kim and
               Jisung Jung and
               In Seo and
               Wook{-}Shin Han and
               Kangwoo Choi and
               Jaehyok Chong},
  title     = {Learned Cardinality Estimation: An In-depth Study},
  booktitle = {{SIGMOD}},
  pages     = {1214--1227},
  year      = {2022}
}

@inproceedings{DBLP:conf/sigmod/KraskaBCDP18,
  author    = {Tim Kraska and
               Alex Beutel and
               Ed H. Chi and
               Jeffrey Dean and
               Neoklis Polyzotis},
  title     = {The Case for Learned Index Structures},
  booktitle = {{SIGMOD}},
  pages     = {489--504},
  year      = {2018}
}

@inproceedings{DBLP:conf/sigmod/LiZAH20,
  author    = {Conglong Li and
               Minjia Zhang and
               David G. Andersen and
               Yuxiong He},
  title     = {Improving Approximate Nearest Neighbor Search through Learned Adaptive
               Early Termination},
  booktitle = {{SIGMOD}},
  pages     = {2539--2554},
  year      = {2020}
}

@inproceedings{DBLP:conf/sigmod/NathanDAK20,
  author    = {Vikram Nathan and
               Jialin Ding and
               Mohammad Alizadeh and
               Tim Kraska},
  title     = {Learning Multi-Dimensional Indexes},
  booktitle = {{SIGMOD}},
  pages     = {985--1000},
  year      = {2020}
}

@inproceedings{DBLP:conf/sigmod/SaxenaRCLCCMKPN23,
  author    = {Gaurav Saxena and
               Mohammad Rahman and
               Naresh Chainani and
               Chunbin Lin and
               George Caragea and
               Fahim Chowdhury and
               Ryan Marcus and
               Tim Kraska and
               Ippokratis Pandis and
               Balakrishnan (Murali) Narayanaswamy},
  title     = {Auto-WLM: Machine Learning Enhanced Workload Management in Amazon
               Redshift},
  booktitle = {{SIGMOD}},
  pages     = {225--237},
  year      = {2023}
}

@inproceedings{DBLP:conf/sigmod/Sun0021,
  author    = {Ji Sun and
               Guoliang Li and
               Nan Tang},
  title     = {Learned Cardinality Estimation for Similarity Queries},
  booktitle = {{SIGMOD}},
  pages     = {1745--1757},
  year      = {2021}
}

@inproceedings{DBLP:conf/sigmod/ZoumpatianosIP14,
  author    = {Kostas Zoumpatianos and
               Stratos Idreos and
               Themis Palpanas},
  title     = {Indexing for interactive exploration of big data series},
  booktitle = {{SIGMOD}},
  pages     = {1555--1566},
  year      = {2014}
}

@inproceedings{DBLP:conf/srds/FatourouKPP23,
  author    = {Panagiota Fatourou and
               Eleftherios Kosmas and
               Themis Palpanas and
               George Paterakis},
  title     = {FreSh: {A} Lock-Free Data Series Index},
  booktitle = {{SRDS}},
  pages     = {209--220},
  year      = {2023}
}

@article{DBLP:journals/ftml/AngelopoulosB23,
  author  = {Anastasios N. Angelopoulos and
             Stephen Bates},
  title   = {Conformal Prediction: {A} Gentle Introduction},
  journal = {Found. Trends Mach. Learn.},
  volume  = {16},
  number  = {4},
  pages   = {494--591},
  year    = {2023}
}

@article{DBLP:journals/pacmmod/Wang0WP023,
  author  = {Zeyu Wang and
             Qitong Wang and
             Peng Wang and
             Themis Palpanas and
             Wei Wang},
  title   = {Dumpy: {A} Compact and Adaptive Index for Large Data Series Collections},
  journal = {{PACMMOD}},
  volume  = {1},
  number  = {1},
  pages   = {111:1--111:27},
  year    = {2023}
}

@article{DBLP:journals/pacmmod/WuNAKM23,
  author  = {Ziniu Wu and
             Parimarjan Negi and
             Mohammad Alizadeh and
             Tim Kraska and
             Samuel Madden},
  title   = {FactorJoin: {A} New Cardinality Estimation Framework for Join Queries},
  journal = {{PACMMOD}},
  volume  = {1},
  number  = {1},
  pages   = {41:1--41:27},
  year    = {2023}
}

@article{DBLP:journals/pami/BabenkoL15,
  author  = {Artem Babenko and
             Victor S. Lempitsky},
  title   = {The Inverted Multi-Index},
  journal = {{TPAMI}},
  volume  = {37},
  number  = {6},
  pages   = {1247--1260},
  year    = {2015}
}

@article{DBLP:journals/pami/GeHK014,
  author  = {Tiezheng Ge and
             Kaiming He and
             Qifa Ke and
             Jian Sun},
  title   = {Optimized Product Quantization},
  journal = {{TPAMI}},
  volume  = {36},
  number  = {4},
  pages   = {744--755},
  year    = {2014}
}

@article{DBLP:journals/pami/MalkovY20,
  author  = {Yury A. Malkov and
             Dmitry A. Yashunin},
  title   = {Efficient and Robust Approximate Nearest Neighbor Search Using Hierarchical
             Navigable Small World Graphs},
  journal = {{TPAMI}},
  volume  = {42},
  number  = {4},
  pages   = {824--836},
  year    = {2020}
}

@article{DBLP:journals/pvldb/AziziEP23,
  author  = {Ilias Azizi and
             Karima Echihabi and
             Themis Palpanas},
  title   = {Elpis: Graph-Based Similarity Search for Scalable Data Science},
  journal = {{PVLDB}},
  volume  = {16},
  number  = {6},
  pages   = {1548--1559},
  year    = {2023}
}

@article{DBLP:journals/pvldb/ChatzakisFKPP23,
  author  = {Manos Chatzakis and
             Panagiota Fatourou and
             Eleftherios Kosmas and
             Themis Palpanas and
             Botao Peng},
  title   = {Odyssey: {A} Journey in the Land of Distributed Data Series Similarity
             Search},
  journal = {{PVLDB}},
  volume  = {16},
  number  = {5},
  pages   = {1140--1153},
  year    = {2023}
}

@article{DBLP:journals/pvldb/DingNAK20,
  author  = {Jialin Ding and
             Vikram Nathan and
             Mohammad Alizadeh and
             Tim Kraska},
  title   = {Tsunami: {A} Learned Multi-dimensional Index for Correlated Data and
             Skewed Workloads},
  journal = {{PVLDB}},
  volume  = {14},
  number  = {2},
  pages   = {74--86},
  year    = {2020}
}

@article{DBLP:journals/pvldb/EchihabiFZPB22,
  author  = {Karima Echihabi and
             Panagiota Fatourou and
             Kostas Zoumpatianos and
             Themis Palpanas and
             Houda Benbrahim},
  title   = {Hercules Against Data Series Similarity Search},
  journal = {{PVLDB}},
  volume  = {15},
  number  = {10},
  pages   = {2005--2018},
  year    = {2022}
}

@article{DBLP:journals/pvldb/EchihabiZPB18,
  author  = {Karima Echihabi and
             Kostas Zoumpatianos and
             Themis Palpanas and
             Houda Benbrahim},
  title   = {The Lernaean Hydra of Data Series Similarity Search: An Experimental
             Evaluation of the State of the Art},
  journal = {{PVLDB}},
  volume  = {12},
  number  = {2},
  pages   = {112--127},
  year    = {2018}
}

@article{DBLP:journals/pvldb/EchihabiZPB19,
  author  = {Karima Echihabi and
             Kostas Zoumpatianos and
             Themis Palpanas and
             Houda Benbrahim},
  title   = {Return of the Lernaean Hydra: Experimental Evaluation of Data Series
             Approximate Similarity Search},
  journal = {{PVLDB}},
  volume  = {13},
  number  = {3},
  pages   = {403--420},
  year    = {2019}
}

@article{DBLP:journals/pvldb/HuangFZFN15,
  author  = {Qiang Huang and
             Jianlin Feng and
             Yikai Zhang and
             Qiong Fang and
             Wilfred Ng},
  title   = {Query-Aware Locality-Sensitive Hashing for Approximate Nearest Neighbor
             Search},
  journal = {{PVLDB}},
  volume  = {9},
  number  = {1},
  pages   = {1--12},
  year    = {2015}
}

@article{DBLP:journals/pvldb/KondylakisDZP18,
  author  = {Haridimos Kondylakis and
             Niv Dayan and
             Kostas Zoumpatianos and
             Themis Palpanas},
  title   = {Coconut: {A} Scalable Bottom-Up Approach for Building Data Series
             Indexes},
  journal = {{PVLDB}},
  volume  = {11},
  number  = {6},
  pages   = {677--690},
  year    = {2018}
}

@article{DBLP:journals/pvldb/LinardiP18,
  author  = {Michele Linardi and
             Themis Palpanas},
  title   = {Scalable, Variable-Length Similarity Search in Data Series: The {ULISSE}
             Approach},
  journal = {{PVLDB}},
  volume  = {11},
  number  = {13},
  pages   = {2236--2248},
  year    = {2018}
}

@article{DBLP:journals/pvldb/WangWPWH13,
  author  = {Yang Wang and
             Peng Wang and
             Jian Pei and
             Wei Wang and
             Sheng Huang},
  title   = {A Data-adaptive and Dynamic Segmentation Index for Whole Matching
             on Time Series},
  journal = {{PVLDB}},
  volume  = {6},
  number  = {10},
  pages   = {793--804},
  year    = {2013}
}

@article{DBLP:journals/tkde/PengFP21,
  author  = {Botao Peng and
             Panagiota Fatourou and
             Themis Palpanas},
  title   = {ParIS+: Data Series Indexing on Multi-Core Architectures},
  journal = {{TKDE}},
  volume  = {33},
  number  = {5},
  pages   = {2151--2164},
  year    = {2021}
}

@article{DBLP:journals/vldb/EchihabiTGBP23,
  author  = {Karima Echihabi and
             Theophanis Tsandilas and
             Anna Gogolou and
             Anastasia Bezerianos and
             Themis Palpanas},
  title   = {ProS: data series progressive k-NN similarity search and classification
             with probabilistic quality guarantees},
  journal = {{VLDBJ}},
  volume  = {32},
  number  = {4},
  pages   = {763--789},
  year    = {2023}
}

@article{DBLP:journals/vldb/LinardiP20,
  author  = {Michele Linardi and
             Themis Palpanas},
  title   = {Scalable data series subsequence matching with {ULISSE}},
  journal = {{VLDBJ}},
  volume  = {29},
  number  = {6},
  pages   = {1449--1474},
  year    = {2020}
}

@article{DBLP:journals/vldb/WangWWPW24,
  author  = {Zeyu Wang and
             Qitong Wang and
             Peng Wang and
             Themis Palpanas and
             Wei Wang},
  title   = {DumpyOS: {A} data-adaptive multi-ary index for scalable data series
             similarity search},
  journal = {{VLDBJ}},
  volume  = {33},
  number  = {6},
  pages   = {1887--1911},
  year    = {2024}
}

@book{GS:vovk2005algorithmic,
  title     = {Algorithmic learning in a random world},
  author    = {Vovk, Vladimir and Gammerman, Alexander and Shafer, Glenn},
  volume    = {29},
  year      = {2005},
  publisher = {Springer}
}

@inproceedings{SC:kang2021case,
  title     = {The case for ml-enhanced high-dimensional indexes},
  author    = {Kang, Rong and Wu, Wentao and Wang, Chen and Zhang, Ce and Wang, Jianmin}

@article{messijournal,
  title   = {Fast Data Series Indexing for In-Memory Data},
  author  = {Peng, Botao and Fatourou, Panagiota and Palpanas, Themis},
  journal = {VLDBJ},
  year    = {2021}
}

