@article{b01-Pearson-pca,
  title     = {LIII. On lines and planes of closest fit to systems of points in space},
  author    = {Pearson, Karl},
  journal   = {The London, Edinburgh, and Dublin Philosophical Magazine and Journal of Science},
  volume    = {2},
  number    = {11},
  pages     = {559--572},
  year      = {1901},
  publisher = {Taylor \& Francis}
}

@book{b04-Bloomfield-fourier,
  title     = {Fourier analysis of time series: an introduction},
  author    = {Bloomfield, Peter},
  year      = {2004},
  publisher = {John Wiley \& Sons}
}

@article{b06-Ko-norm,
  title  = {Mathematical analysis},
  author = {Ko, Stanley},
  year   = {2006}
}

@book{b11-Zill-znorm,
  title     = {Advanced engineering mathematics},
  author    = {Zill, Dennis and Wright, Warren S and Cullen, Michael R},
  year      = {2011},
  publisher = {Jones \& Bartlett Learning}
}

@book{b12-Sagan-curves,
  title     = {Space-filling curves},
  author    = {Sagan, Hans},
  year      = {2012},
  publisher = {Springer Science \& Business Media}
}

@book{b16-mit-Goodfellow-deep-learning,
  title     = {Deep learning},
  author    = {Goodfellow, Ian and Bengio, Yoshua and Courville, Aaron and Bengio, Yoshua},
  volume    = {1},
  year      = {2016},
  publisher = {MIT press Cambridge}
}

@book{b93-Strang-eigenvalue,
  title     = {Introduction to linear algebra},
  author    = {Strang, Gilbert},
  volume    = {3},
  year      = {1993},
  publisher = {Wellesley-Cambridge Press Wellesley, MA}
}

@inproceedings{bigdatatutorial,
  author    = {Karima Echihabi and
               Kostas Zoumpatianos and
               Themis Palpanas},
  title     = {{Big Sequence Management: on Scalability}},
  booktitle = {{BigData}},
  year      = {2020}
}

@ieeetranbstctl{bstctl:nodash,
  ctldash_repeated_names = {no}
}

@article{c00-vldb-Yi-apca,
  title     = {Fast time sequence indexing for arbitrary Lp norms},
  author    = {Yi, Byoung-Kee and Faloutsos, Christos},
  journal   = {Proceedings of the VLDB Endowment},
  year      = {2000},
  publisher = {Carnegie Mellon University}
}

@inproceedings{c03-sigmod-Lin-sax,
  title     = {A symbolic representation of time series, with implications for streaming algorithms},
  author    = {Lin, Jessica and Keogh, Eamonn and Lonardi, Stefano and Chiu, Bill},
  booktitle = {SIGMOD},
  year      = {2003}
}

@inproceedings{c04-sigmod-Cai-cp,
  title     = {Indexing spatio-temporal trajectories with Chebyshev polynomials},
  author    = {Cai, Yuhan and Ng, Raymond},
  booktitle = {Proceedings of the 2004 ACM SIGMOD international conference on Management of data},
  pages     = {599--610},
  year      = {2004}
}

@inproceedings{c05-vda-Buono-interactive,
  title        = {Interactive pattern search in time series},
  author       = {Buono, Paolo and Aris, Aleks and Plaisant, Catherine and Khella, Amir and Shneiderman, Ben},
  booktitle    = {Visualization and Data Analysis 2005},
  volume       = {5669},
  pages        = {175--186},
  year         = {2005},
  organization = {International Society for Optics and Photonics}
}

@article{c08-vldb-Ding-distances,
  title     = {Querying and mining of time series data: experimental comparison of representations and distance measures},
  author    = {Ding, Hui and Trajcevski, Goce and Scheuermann, Peter and Wang, Xiaoyue and Keogh, Eamonn},
  journal   = {Proceedings of the VLDB Endowment},
  volume    = {1},
  number    = {2},
  pages     = {1542--1552},
  year      = {2008},
  publisher = {VLDB Endowment}
}

@article{c08-vldb-Ding-representation,
  title     = {Querying and mining of time series data: experimental comparison of representations and distance measures},
  author    = {Ding, Hui and Trajcevski, Goce and Scheuermann, Peter and Wang, Xiaoyue and Keogh, Eamonn},
  journal   = {Proceedings of the VLDB Endowment},
  volume    = {1},
  number    = {2},
  pages     = {1542--1552},
  year      = {2008},
  publisher = {VLDB Endowment}
}

@inproceedings{c09-cvpr-Deng-imagenet,
  title        = {Imagenet: A large-scale hierarchical image database},
  author       = {Deng, Jia and Dong, Wei and Socher, Richard and Li, Li-Jia and Li, Kai and Fei-Fei, Li},
  booktitle    = {2009 IEEE conference on computer vision and pattern recognition},
  pages        = {248--255},
  year         = {2009},
  organization = {Ieee}
}

@inproceedings{c10-icdm-Camerra-isax2.0,
  title     = {{iSAX2.0}: Indexing and mining one billion time series},
  author    = {Camerra, Alessandro and Palpanas, Themis and Shieh, Jin and Keogh, Eamonn},
  booktitle = {ICDM},
  year      = {2010}
}

@inproceedings{c12-neurips-Krizhevsky-alexnet,
  title     = {Imagenet classification with deep convolutional neural networks},
  author    = {Krizhevsky, Alex and Sutskever, Ilya and Hinton, Geoffrey E},
  booktitle = {Advances in neural information processing systems},
  pages     = {1097--1105},
  year      = {2012}
}

@inproceedings{c13-neurips-Mikolov-word2vec,
  title     = {Distributed representations of words and phrases and their compositionality},
  author    = {Mikolov, Tomas and Sutskever, Ilya and Chen, Kai and Corrado, Greg S and Dean, Jeff},
  booktitle = {Advances in neural information processing systems},
  pages     = {3111--3119},
  year      = {2013}
}

@inproceedings{c15-cvpr-Schroff-facenet,
  author    = {Florian Schroff and
               Dmitry Kalenichenko and
               James Philbin},
  title     = {{FaceNet}: {A} unified embedding for face recognition and clustering},
  booktitle = {{CVPR}},
  year      = {2015}
}

@inproceedings{c15-sigmod-Paparrizos-kshape,
  title     = {{k-Shape}: Efficient and accurate clustering of time series},
  author    = {Paparrizos, John and Gravano, Luis},
  booktitle = {SIGMOD},
  year      = {2015}
}

@article{c16-ssw-Oord-wavenet,
  title   = {Wavenet: A generative model for raw audio},
  author  = {Oord, Aaron van den and Dieleman, Sander and Zen, Heiga and Simonyan, Karen and Vinyals, Oriol and Graves, Alex and Kalchbrenner, Nal and Senior, Andrew and Kavukcuoglu, Koray},
  journal = {arXiv preprint arXiv:1609.03499},
  year    = {2016}
}

@inproceedings{c17-iccv-wu-weighted,
  author    = {Chao{-}Yuan Wu and
               R. Manmatha and
               Alexander J. Smola and
               Philipp Kr{\"{a}}henb{\"{u}}hl},
  title     = {Sampling Matters in Deep Embedding Learning},
  booktitle = {ICCV},
  year      = {2017}
}

@inproceedings{c17-neurips-Vaswani-transformer,
  author    = {Ashish Vaswani and
               Noam Shazeer and
               Niki Parmar and
               Jakob Uszkoreit and
               Llion Jones and
               Aidan N. Gomez and
               Lukasz Kaiser and
               Illia Polosukhin},
  title     = {Attention is All you Need},
  booktitle = {{NeurIPS}},
  year      = {2017}
}

@inproceedings{c18-bigdata-Peng-paris,
  title     = {ParIS: The next destination for fast data series indexing and query answering},
  author    = {Peng, Botao and Fatourou, Panagiota and Palpanas, Themis},
  booktitle = {{IEEE BigData}},
  year      = {2018}
}

@inproceedings{c18-icde-Zoumpatianos-tutorial,
  title        = {Data series management: Fulfilling the need for big sequence analytics},
  author       = {Zoumpatianos, Kostas and Palpanas, Themis},
  booktitle    = {2018 IEEE 34th International Conference on Data Engineering (ICDE)},
  pages        = {1677--1678},
  year         = {2018},
  organization = {IEEE}
}

@inproceedings{c18-icdm-Li-heterogeneous-autoencoders,
  title     = {Deep heterogeneous autoencoders for collaborative filtering},
  author    = {Li, Tianyu and Ma, Yukun and Xu, Jiu and Stenger, Bj{\"o}rn and Liu, Chen and Hirate, Yu},
  booktitle = {ICDM},
  year      = {2018}
}

@inproceedings{c19-cvpr-Schuster-stacked-dilated,
  title     = {SDC-Stacked dilated convolution: A unified descriptor network for dense matching tasks},
  author    = {Schuster, Ren{\'e} and Wasenmuller, Oliver and Unger, Christian and Stricker, Didier},
  booktitle = {Proceedings of the IEEE Conference on Computer Vision and Pattern Recognition},
  pages     = {2556--2565},
  year      = {2019}
}

@article{c19-ijcai-Lei-embedding,
  title   = {Similarity preserving representation learning for time series clustering},
  author  = {Lei, Qi and Yi, Jinfeng and Vaculin, Roman and Wu, Lingfei and Dhillon, Inderjit S},
  journal = {IJCAI},
  year    = {2019}
}

@inproceedings{c19-isip-Palpanas-isaxfamily,
  title     = {Evolution of a Data Series Index},
  author    = {Palpanas, Themis},
  booktitle = {ISIP},
  year      = {2019}
}

@inproceedings{c19-neurips-Franceschi-embedding,
  title     = {Unsupervised scalable representation learning for multivariate time series},
  author    = {Franceschi, Jean-Yves and Dieuleveut, Aymeric and Jaggi, Martin},
  booktitle = {NeurIPS},
  year      = {2019}
}

@article{c19-Paparrizos-vldb-grail,
  title   = {{GRAIL}: efficient time-series representation learning},
  author  = {Paparrizos, John and Franklin, Michael J},
  journal = {{PVLDB}},
  year    = {2019}
}

@inproceedings{c20-kdd-Wilson-domainadaptation,
  author    = {Garrett Wilson and
               Janardhan Rao Doppa and
               Diane J. Cook},
  title     = {Multi-Source Deep Domain Adaptation with Weak Supervision for Time-Series Sensor Data},
  booktitle = {KDD},
  year      = {2020}
}

@inproceedings{c21-icde-huang-purchase-trans,
  author    = {Chao Huang and
               Jiashu Zhao and
               Dawei Yin},
  title     = {Purchase Intent Forecasting with Convolutional Hierarchical Transformer
               Networks},
  booktitle = {{ICDE}},
  year      = {2021}
}

@inproceedings{c21-iclr-Dosovitskiy-vit,
  author    = {Alexey Dosovitskiy and
               Lucas Beyer and
               Alexander Kolesnikov and
               Dirk Weissenborn and
               Xiaohua Zhai and
               Thomas Unterthiner and
               Mostafa Dehghani and
               Matthias Minderer and
               Georg Heigold and
               Sylvain Gelly and
               Jakob Uszkoreit and
               Neil Houlsby},
  title     = {An Image is Worth 16x16 Words: Transformers for Image Recognition
               at Scale},
  booktitle = {{ICLR}},
  year      = {2021}
}

@inproceedings{c21-kdd-wang-seanet,
  author    = {Qitong Wang and
               Themis Palpanas},
  title     = {Deep Learning Embeddings for Data Series Similarity Search},
  booktitle = {{KDD}},
  year      = {2021}
}

@inproceedings{c21-kdd-Zerveas-mvts,
  author    = {George Zerveas and
               Srideepika Jayaraman and
               Dhaval Patel and
               Anuradha Bhamidipaty and
               Carsten Eickhoff},
  title     = {A Transformer-based Framework for Multivariate Time Series Representation
               Learning},
  booktitle = {{KDD}},
  year      = {2021}
}

@inproceedings{c90-isa-Bristol-sdt,
  title     = {Swinging door trending: Adaptive trend recording?},
  author    = {Bristol, EH},
  booktitle = {ISA National Conf. Proc., 1990},
  pages     = {749--754},
  year      = {1990}
}

@inproceedings{c93-fodo-Agrawal-dft,
  title        = {Efficient similarity search in sequence databases},
  author       = {Agrawal, Rakesh and Faloutsos, Christos and Swami, Arun},
  booktitle    = {International conference on foundations of data organization and algorithms},
  pages        = {69--84},
  year         = {1993},
  organization = {Springer}
}

@inproceedings{c94-kdd-Berndt-dtw,
  title        = {Using dynamic time warping to find patterns in time series.},
  author       = {Berndt, Donald J and Clifford, James},
  booktitle    = {KDD workshop},
  volume       = {10},
  number       = {16},
  pages        = {359--370},
  year         = {1994},
  organization = {Seattle, WA}
}

@inproceedings{c97-icann-Scholkopf-kpca,
  title     = {Kernel principal component analysis},
  author    = {Sch{\"o}lkopf, Bernhard and Smola, Alexander and M{\"u}ller, Klaus-Robert},
  booktitle = {{ICANN}},
  year      = {1997}
}

@inproceedings{c98-kdd-Keogh-pla,
  title     = {An Enhanced Representation of Time Series Which Allows Fast and Accurate Classification, Clustering and Relevance Feedback.},
  author    = {Keogh, Eamonn J and Pazzani, Michael J},
  booktitle = {Kdd},
  volume    = {98},
  pages     = {239--243},
  year      = {1998}
}

@book{DBLP:books/daglib/0010031,
  author    = {Hans Kellerer and
               Ulrich Pferschy and
               David Pisinger},
  title     = {Knapsack problems},
  publisher = {Springer},
  year      = {2004}
}

@book{DBLP:books/daglib/0023376,
  author    = {Thomas H. Cormen and
               Charles E. Leiserson and
               Ronald L. Rivest and
               Clifford Stein},
  title     = {Introduction to Algorithms, 3rd Edition},
  publisher = {{MIT} Press},
  year      = {2009}
}

@book{DBLP:books/daglib/0027504,
  author    = {Tie{-}Yan Liu},
  title     = {Learning to Rank for Information Retrieval},
  publisher = {Springer},
  year      = {2011},
  isbn      = {978-3-642-14266-6},
  timestamp = {Tue, 16 May 2017 14:01:34 +0200},
  bibsource = {dblp computer science bibliography, https://dblp.org}
}

@incollection{DBLP:books/ox/07/GolubR07,
  author    = {Gene H. Golub and
               Christian H. Reinsch},
  editor    = {Raymond Hon{-}Fu Chan and
               Chen Greif and
               Dianne P. O'Leary},
  title     = {Singular value decomposition and least squares solutions},
  booktitle = {Milestones in Matrix Computation - Selected Works of Gene H. Golub,
               with Commentaries},
  pages     = {160--180},
  publisher = {Oxford University Press},
  year      = {2007},
  timestamp = {Wed, 06 May 2020 15:02:19 +0200},
  bibsource = {dblp computer science bibliography, https://dblp.org}
}

@book{DBLP:books/sp/Aja-FernandezV16,
  author    = {Santiago Aja{-}Fern{\'{a}}ndez and
               Gonzalo Vegas{-}S{\'{a}}nchez{-}Ferrero},
  title     = {Statistical Analysis of Noise in {MRI} - Modeling, Filtering and Estimation},
  publisher = {Springer},
  year      = {2016},
  isbn      = {978-3-319-39933-1},
  timestamp = {Fri, 02 Nov 2018 09:27:04 +0100},
  bibsource = {dblp computer science bibliography, https://dblp.org}
}

@book{DBLP:books/sp/Jolliffe86,
  author    = {Ian T. Jolliffe},
  title     = {Principal Component Analysis},
  series    = {Springer Series in Statistics},
  publisher = {Springer},
  year      = {1986},
  isbn      = {978-1-4757-1906-2},
  timestamp = {Mon, 22 Jul 2019 15:00:48 +0200},
  bibsource = {dblp computer science bibliography, https://dblp.org}
}

@inproceedings{DBLP:conf/aieeire/Briandais59,
  author    = {Rene De La Briandais},
  title     = {File searching using variable length keys},
  booktitle = {{IRE-AIEE-ACM} Computer Conference (Western)},
  pages     = {295--298},
  year      = {1959}
}

@inproceedings{DBLP:conf/cikm/FerhatosmanogluTAA00,
  author    = {Hakan Ferhatosmanoglu and
               Ertem Tuncel and
               Divyakant Agrawal and
               Amr El Abbadi},
  title     = {Vector Approximation based Indexing for Non-uniform High Dimensional
               Data Sets},
  booktitle = {CIKM},
  year      = {2000}
}

@inproceedings{DBLP:conf/cvpr/HeZRS16,
  author    = {Kaiming He and
               Xiangyu Zhang and
               Shaoqing Ren and
               Jian Sun},
  title     = {Deep Residual Learning for Image Recognition},
  booktitle = {CVPR},
  year      = {2016}
}

@inproceedings{DBLP:conf/cvpr/KolesnikovZB19,
  author    = {Alexander Kolesnikov and
               Xiaohua Zhai and
               Lucas Beyer},
  title     = {Revisiting Self-Supervised Visual Representation Learning},
  booktitle = {CVPR},
  year      = {2019}
}

@inproceedings{DBLP:conf/cvpr/SandlerHZZC18,
  author    = {Mark Sandler and
               Andrew G. Howard and
               Menglong Zhu and
               Andrey Zhmoginov and
               Liang{-}Chieh Chen},
  title     = {MobileNetV2: Inverted Residuals and Linear Bottlenecks},
  booktitle = {2018 {IEEE} Conference on Computer Vision and Pattern Recognition,
               {CVPR} 2018, Salt Lake City, UT, USA, June 18-22, 2018},
  pages     = {4510--4520},
  publisher = {{IEEE} Computer Society},
  year      = {2018},
  timestamp = {Wed, 16 Oct 2019 14:14:50 +0200},
  bibsource = {dblp computer science bibliography, https://dblp.org}
}

@inproceedings{DBLP:conf/cvpr/SzegedyLJSRAEVR15,
  author    = {Christian Szegedy and
               Wei Liu and
               Yangqing Jia and
               Pierre Sermanet and
               Scott E. Reed and
               Dragomir Anguelov and
               Dumitru Erhan and
               Vincent Vanhoucke and
               Andrew Rabinovich},
  title     = {Going deeper with convolutions},
  booktitle = {{IEEE} Conference on Computer Vision and Pattern Recognition, {CVPR}
               2015, Boston, MA, USA, June 7-12, 2015},
  pages     = {1--9},
  publisher = {{IEEE} Computer Society},
  year      = {2015},
  timestamp = {Wed, 16 Oct 2019 14:14:50 +0200},
  bibsource = {dblp computer science bibliography, https://dblp.org}
}

@inproceedings{DBLP:conf/cvpr/SzegedyVISW16,
  author    = {Christian Szegedy and
               Vincent Vanhoucke and
               Sergey Ioffe and
               Jonathon Shlens and
               Zbigniew Wojna},
  title     = {Rethinking the Inception Architecture for Computer Vision},
  booktitle = {CVPR},
  year      = {2016}
}

@inproceedings{DBLP:conf/cvpr/YandexL16,
  author    = {Artem Babenko and
               Victor S. Lempitsky},
  title     = {Efficient Indexing of Billion-Scale Datasets of Deep Descriptors},
  booktitle = {{CVPR}},
  pages     = {2055--2063},
  year      = {2016}
}

@inproceedings{DBLP:conf/eccv/CastroMGSA18,
  author    = {Francisco M. Castro and
               Manuel J. Mar{\'{\i}}n{-}Jim{\'{e}}nez and
               Nicol{\'{a}}s Guil and
               Cordelia Schmid and
               Karteek Alahari},
  editor    = {Vittorio Ferrari and
               Martial Hebert and
               Cristian Sminchisescu and
               Yair Weiss},
  title     = {End-to-End Incremental Learning},
  booktitle = {Computer Vision - {ECCV} 2018 - 15th European Conference, Munich,
               Germany, September 8-14, 2018, Proceedings, Part {XII}},
  series    = {Lecture Notes in Computer Science},
  volume    = {11216},
  pages     = {241--257},
  publisher = {Springer},
  year      = {2018},
  timestamp = {Fri, 27 Mar 2020 08:52:50 +0100},
  bibsource = {dblp computer science bibliography, https://dblp.org}
}

@inproceedings{DBLP:conf/eccv/HeZRS16,
  author    = {Kaiming He and
               Xiangyu Zhang and
               Shaoqing Ren and
               Jian Sun},
  title     = {Identity Mappings in Deep Residual Networks},
  booktitle = {ECCV},
  year      = {2016}
}

@inproceedings{DBLP:conf/ecml/PapadopoulosPVG02,
  author    = {Harris Papadopoulos and
               Kostas Proedrou and
               Volodya Vovk and
               Alexander Gammerman},
  title     = {Inductive Confidence Machines for Regression},
  booktitle = {{ECML}},
  volume    = {2430},
  pages     = {345--356},
  year      = {2002}
}

@inproceedings{DBLP:conf/edbt/EchihabiZP21,
  author    = {Karima Echihabi and
               Kostas Zoumpatianos and
               Themis Palpanas},
  title     = {Big Sequence Management: Scaling up and Out},
  booktitle = {{EDBT}},
  year      = {2021}
}

@inproceedings{DBLP:conf/edbt/GogolouTPB19,
  author    = {Anna Gogolou and
               Theophanis Tsandilas and
               Themis Palpanas and
               Anastasia Bezerianos},
  title     = {Progressive Similarity Search on Time Series Data},
  booktitle = {{EDBT Workshop Proceedings}},
  year      = {2019}
}

@inproceedings{DBLP:conf/emnlp/ChoMGBBSB14,
  author    = {Kyunghyun Cho and
               Bart van Merrienboer and
               {\c{C}}aglar G{\"{u}}l{\c{c}}ehre and
               Dzmitry Bahdanau and
               Fethi Bougares and
               Holger Schwenk and
               Yoshua Bengio},
  title     = {Learning Phrase Representations using {RNN} Encoder-Decoder for Statistical
               Machine Translation},
  booktitle = {{EMNLP}},
  year      = {2014}
}

@inproceedings{DBLP:conf/emnlp/PenningtonSM14,
  author    = {Jeffrey Pennington and
               Richard Socher and
               Christopher D. Manning},
  editor    = {Alessandro Moschitti and
               Bo Pang and
               Walter Daelemans},
  title     = {Glove: Global Vectors for Word Representation},
  booktitle = {Proceedings of the 2014 Conference on Empirical Methods in Natural
               Language Processing, {EMNLP} 2014, October 25-29, 2014, Doha, Qatar,
               {A} meeting of SIGDAT, a Special Interest Group of the {ACL}},
  pages     = {1532--1543},
  publisher = {{ACL}},
  year      = {2014},
  timestamp = {Tue, 28 Jan 2020 10:28:11 +0100},
  bibsource = {dblp computer science bibliography, https://dblp.org}
}

@inproceedings{DBLP:conf/esann/MalhotraTVAS17,
  author    = {Pankaj Malhotra and
               Vishnu TV and
               Lovekesh Vig and
               Puneet Agarwal and
               Gautam M. Shroff},
  title     = {{TimeNet}: Pre-trained deep recurrent neural network for time series
               classification},
  booktitle = {ESANN},
  year      = {2017}
}


@inproceedings{DBLP:conf/esann/UkilMBBSMVPS19,
  author    = {Arijit Ukil and
               Pankaj Malhotra and
               Soma Bandyopadhyay and
               Tulika Bose and
               Ishan Sahu and
               Ayan Mukherjee and
               Lovekesh Vig and
               Arpan Pal and
               Gautam M. Shroff},
  title     = {Fusing Features based on Signal Properties and TimeNet for Time Series
               Classification},
  booktitle = {27th European Symposium on Artificial Neural Networks, {ESANN} 2019,
               Bruges, Belgium, April 24-26, 2019},
  year      = {2019},
  timestamp = {Wed, 25 Mar 2020 15:29:46 +0100},
  bibsource = {dblp computer science bibliography, https://dblp.org}
}

@inproceedings{DBLP:conf/focs/AbrahamBCDGKNS05,
  author    = {Ittai Abraham and
               Yair Bartal and
               T.{-}H. Hubert Chan and
               Kedar Dhamdhere and
               Anupam Gupta and
               Jon M. Kleinberg and
               Ofer Neiman and
               Aleksandrs Slivkins},
  title     = {Metric Embeddings with Relaxed Guarantees},
  booktitle = {46th Annual {IEEE} Symposium on Foundations of Computer Science {(FOCS}
               2005), 23-25 October 2005, Pittsburgh, PA, USA, Proceedings},
  pages     = {83--100},
  publisher = {{IEEE} Computer Society},
  year      = {2005},
  timestamp = {Tue, 26 May 2020 11:19:57 +0200},
  bibsource = {dblp computer science bibliography, https://dblp.org}
}

@inproceedings{DBLP:conf/focs/SunL15,
  author    = {Ruoyu Sun and
               Zhi{-}Quan Luo},
  title     = {Guaranteed Matrix Completion via Nonconvex Factorization},
  booktitle = {{FOCS}},
  pages     = {270--289},
  year      = {2015}
}

@inproceedings{DBLP:conf/hotcloud/ZahariaCFSS10,
  author    = {Matei Zaharia and
               Mosharaf Chowdhury and
               Michael J. Franklin and
               Scott Shenker and
               Ion Stoica},
  editor    = {Erich M. Nahum and
               Dongyan Xu},
  title     = {Spark: Cluster Computing with Working Sets},
  booktitle = {2nd {USENIX} Workshop on Hot Topics in Cloud Computing, HotCloud'10,
               Boston, MA, USA, June 22, 2010},
  publisher = {{USENIX} Association},
  year      = {2010},
  bibsource = {dblp computer science bibliography, https://dblp.org}
}

@inproceedings{DBLP:conf/icassp/JegouTDA11,
  author    = {Herv{\'{e}} J{\'{e}}gou and
               Romain Tavenard and
               Matthijs Douze and
               Laurent Amsaleg},
  title     = {Searching in one billion vectors: Re-rank with source coding},
  booktitle = {{ICASSP}},
  pages     = {861--864},
  year      = {2011}
}

@inproceedings{DBLP:conf/icassp/LingLSK20,
  author    = {Shaoshi Ling and
               Yuzong Liu and
               Julian Salazar and
               Katrin Kirchhoff},
  title     = {Deep Contextualized Acoustic Representations for Semi-Supervised Speech
               Recognition},
  booktitle = {2020 {IEEE} International Conference on Acoustics, Speech and Signal
               Processing, {ICASSP} 2020, Barcelona, Spain, May 4-8, 2020},
  pages     = {6429--6433},
  publisher = {{IEEE}},
  year      = {2020},
  timestamp = {Thu, 23 Jul 2020 16:20:10 +0200},
  bibsource = {dblp computer science bibliography, https://dblp.org}
}

@inproceedings{DBLP:conf/icassp/LiuYCHL20,
  author    = {Andy T. Liu and
               Shu{-}Wen Yang and
               Po{-}Han Chi and
               Po{-}chun Hsu and
               Hung{-}yi Lee},
  title     = {Mockingjay: Unsupervised Speech Representation Learning with Deep
               Bidirectional Transformer Encoders},
  booktitle = {2020 {IEEE} International Conference on Acoustics, Speech and Signal
               Processing, {ICASSP} 2020, Barcelona, Spain, May 4-8, 2020},
  pages     = {6419--6423},
  publisher = {{IEEE}},
  year      = {2020},
  timestamp = {Thu, 23 Jul 2020 16:20:10 +0200},
  bibsource = {dblp computer science bibliography, https://dblp.org}
}

@inproceedings{DBLP:conf/icde/CiacciaP00,
  author    = {Paolo Ciaccia and
               Marco Patella},
  title     = {{PAC} Nearest Neighbor Queries: Approximate and Controlled Search
               in High-Dimensional and Metric Spaces},
  booktitle = {{ICDE}},
  pages     = {244--255},
  year      = {2000}
}

@inproceedings{DBLP:conf/icde/LiZSWT020,
  author    = {Mingjie Li and
               Ying Zhang and
               Yifang Sun and
               Wei Wang and
               Ivor W. Tsang and
               Xuemin Lin},
  title     = {{I/O} Efficient Approximate Nearest Neighbour Search based on Learned
               Functions},
  booktitle = {{ICDE}},
  pages     = {289--300},
  year      = {2020}
}

@inproceedings{DBLP:conf/icde/Peng20,
  author    = {Botao Peng},
  title     = {Data Series Indexing Gone Parallel},
  booktitle = {36th {IEEE} International Conference on Data Engineering, {ICDE} 2020,
               Dallas, TX, USA, April 20-24, 2020},
  pages     = {2059--2063},
  publisher = {{IEEE}},
  year      = {2020},
  timestamp = {Fri, 05 Jun 2020 17:54:57 +0200},
  bibsource = {dblp computer science bibliography, https://dblp.org}
}

@inproceedings{DBLP:conf/icde/PengFP20,
  author    = {Botao Peng and
               Panagiota Fatourou and
               Themis Palpanas},
  title     = {{MESSI:} In-Memory Data Series Indexing},
  booktitle = {{ICDE}},
  pages     = {337--348},
  year      = {2020}
}

@inproceedings{DBLP:conf/icde/PengFP21,
  author    = {Botao Peng and
               Panagiota Fatourou and
               Themis Palpanas},
  title     = {{SING:} Sequence Indexing Using GPUs},
  booktitle = {{ICDE}},
  pages     = {1883--1888},
  year      = {2021}
}

@inproceedings{DBLP:conf/icdm/CamerraPSK10,
  author    = {Alessandro Camerra and
               Themis Palpanas and
               Jin Shieh and
               Eamonn J. Keogh},
  title     = {iSAX 2.0: Indexing and Mining One Billion Time Series},
  booktitle = {{ICDM}},
  pages     = {58--67},
  year      = {2010}
}


@inproceedings{DBLP:conf/icdm/MaXSLH18,
  author    = {Yukun Ma and
               Jiu Xu and
               Bj{\"{o}}rn Stenger and
               Chen Liu and
               Yu Hirate},
  title     = {Deep Heterogeneous Autoencoders for Collaborative Filtering},
  booktitle = {ICDM},
  year      = {2018}
}

@inproceedings{DBLP:conf/icdm/YagoubiAMP17,
  author    = {Djamel Edine Yagoubi and
               Reza Akbarinia and
               Florent Masseglia and
               Themis Palpanas},
  title     = {DPiSAX: Massively Distributed Partitioned iSAX},
  booktitle = {{ICDM}},
  pages     = {1135--1140},
  year      = {2017}
}

@inproceedings{DBLP:conf/iclr/AngelopoulosBJM21,
  author    = {Anastasios Nikolas Angelopoulos and
               Stephen Bates and
               Michael I. Jordan and
               Jitendra Malik},
  title     = {Uncertainty Sets for Image Classifiers using Conformal Prediction},
  booktitle = {{ICLR}},
  year      = {2021}
}

@inproceedings{DBLP:conf/icml/IoffeS15,
  author    = {Sergey Ioffe and
               Christian Szegedy},
  title     = {Batch Normalization: Accelerating Deep Network Training by Reducing
               Internal Covariate Shift},
  booktitle = {ICML},
  year      = {2015}
}

@inproceedings{DBLP:conf/icml/KatharopoulosF18,
  author    = {Angelos Katharopoulos and
               Fran{\c{c}}ois Fleuret},
  title     = {Not All Samples Are Created Equal: Deep Learning with Importance Sampling},
  booktitle = {ICML},
  year      = {2018}
}

@inproceedings{DBLP:conf/icml/Xu021,
  author    = {Chen Xu and
               Yao Xie},
  title     = {Conformal prediction interval for dynamic time-series},
  booktitle = {{ICML}},
  volume    = {139},
  pages     = {11559--11569},
  year      = {2021}
}

@inproceedings{DBLP:conf/icml/YangZCWK21,
  author    = {Yuzhe Yang and
               Kaiwen Zha and
               Ying{-}Cong Chen and
               Hao Wang and
               Dina Katabi},
  title     = {Delving into Deep Imbalanced Regression},
  booktitle = {{ICML}},
  volume    = {139},
  pages     = {11842--11851},
  year      = {2021}
}

@inproceedings{DBLP:conf/ijcai/GuptaMVS18,
  author    = {Priyanka Gupta and
               Pankaj Malhotra and
               Lovekesh Vig and
               Gautam M. Shroff},
  editor    = {Kerstin Bach and
               Razvan C. Bunescu and
               Oladimeji Farri and
               Aili Guo and
               Sadid A. Hasan and
               Zina M. Ibrahim and
               Cindy Marling and
               Jesse Raffa and
               Jonathan Rubin and
               Honghan Wu},
  title     = {Using Features From Pre-trained TimeNET For Clinical Predictions},
  booktitle = {Proceedings of the 3rd International Workshop on Knowledge Discovery
               in Healthcare Data co-located with the 27th International Joint Conference
               on Artificial Intelligence and the 23rd European Conference on Artificial
               Intelligence {(IJCAI-ECAI} 2018), Stockholm, Schweden, July 13, 2018},
  series    = {{CEUR} Workshop Proceedings},
  volume    = {2148},
  pages     = {38--44},
  publisher = {CEUR-WS.org},
  year      = {2018},
  timestamp = {Sun, 22 Mar 2020 17:29:10 +0100},
  bibsource = {dblp computer science bibliography, https://dblp.org}
}

@inproceedings{DBLP:conf/ijcai/LiW0BZM19,
  author    = {Runnan Li and
               Zhiyong Wu and
               Jia Jia and
               Yaohua Bu and
               Sheng Zhao and
               Helen Meng},
  title     = {Towards Discriminative Representation Learning for Speech Emotion
               Recognition},
  booktitle = {IJCAI},
  year      = {2019}
}


@inproceedings{DBLP:conf/ijcnn/KashiparekhNMVS19,
  author    = {Kathan Kashiparekh and
               Jyoti Narwariya and
               Pankaj Malhotra and
               Lovekesh Vig and
               Gautam M. Shroff},
  title     = {ConvTimeNet: {A} Pre-trained Deep Convolutional Neural Network for
               Time Series Classification},
  booktitle = {International Joint Conference on Neural Networks, {IJCNN} 2019 Budapest,
               Hungary, July 14-19, 2019},
  pages     = {1--8},
  publisher = {{IEEE}},
  year      = {2019},
  timestamp = {Sun, 22 Mar 2020 17:29:08 +0100},
  bibsource = {dblp computer science bibliography, https://dblp.org}
}

@inproceedings{DBLP:conf/ijcnn/WangYO17,
  author    = {Zhiguang Wang and
               Weizhong Yan and
               Tim Oates},
  title     = {Time series classification from scratch with deep neural networks:
               {A} strong baseline},
  booktitle = {2017 International Joint Conference on Neural Networks, {IJCNN} 2017,
               Anchorage, AK, USA, May 14-19, 2017},
  pages     = {1578--1585},
  publisher = {{IEEE}},
  year      = {2017},
  timestamp = {Wed, 16 Oct 2019 14:14:55 +0200},
  bibsource = {dblp computer science bibliography, https://dblp.org}
}

@inproceedings{DBLP:conf/kdd/ChiuKL03,
  author    = {Bill Yuan{-}chi Chiu and
               Eamonn J. Keogh and
               Stefano Lonardi},
  title     = {Probabilistic discovery of time series motifs},
  booktitle = {{KDD}},
  pages     = {493--498},
  year      = {2003}
}

@inproceedings{DBLP:conf/kdd/RakthanmanonCMBWZZK12,
  author    = {Thanawin Rakthanmanon and
               Bilson J. L. Campana and
               Abdullah Mueen and
               Gustavo E. A. P. A. Batista and
               M. Brandon Westover and
               Qiang Zhu and
               Jesin Zakaria and
               Eamonn J. Keogh},
  title     = {Searching and mining trillions of time series subsequences under dynamic
               time warping},
  booktitle = {{KDD}},
  pages     = {262--270},
  year      = {2012}
}

@inproceedings{DBLP:conf/kdd/ShiehK08,
  author    = {Jin Shieh and
               Eamonn J. Keogh},
  title     = {\emph{i}SAX: indexing and mining terabyte sized time series},
  booktitle = {{KDD}},
  pages     = {623--631},
  year      = {2008}
}

@inproceedings{DBLP:conf/kdd/WangP21,
  author    = {Qitong Wang and
               Themis Palpanas},
  title     = {Deep Learning Embeddings for Data Series Similarity Search},
  booktitle = {{KDD}},
  pages     = {1708--1716},
  year      = {2021}
}

@inproceedings{DBLP:conf/kdd/WangWLW18,
  author    = {Jingyuan Wang and
               Ze Wang and
               Jianfeng Li and
               Junjie Wu},
  title     = {Multilevel Wavelet Decomposition Network for Interpretable Time Series
               Analysis},
  booktitle = {KDD},
  year      = {2018}
}

@inproceedings{DBLP:conf/kdd/YangFWU20,
  author    = {Chengrun Yang and
               Jicong Fan and
               Ziyang Wu and
               Madeleine Udell},
  title     = {AutoML Pipeline Selection: Efficiently Navigating the Combinatorial
               Space},
  booktitle = {{KDD}},
  pages     = {1446--1456},
  year      = {2020}
}

@inproceedings{DBLP:conf/mlsys/0002YZLP21,
  author    = {Shang Wang and
               Peiming Yang and
               Yuxuan Zheng and
               Xin Li and
               Gennady Pekhimenko},
  title     = {Horizontally Fused Training Array: An Effective Hardware Utilization
               Squeezer for Training Novel Deep Learning Models},
  booktitle = {{MLSys}},
  year      = {2021}
}

@inproceedings{DBLP:conf/naacl/DevlinCLT19,
  author    = {Jacob Devlin and
               Ming{-}Wei Chang and
               Kenton Lee and
               Kristina Toutanova},
  title     = {{BERT:} Pre-training of Deep Bidirectional Transformers for Language
               Understanding},
  booktitle = {NAACL-HLT},
  year      = {2019}
}

@inproceedings{DBLP:conf/nips/LuoLUZ16,
  author    = {Wenjie Luo and
               Yujia Li and
               Raquel Urtasun and
               Richard S. Zemel},
  editor    = {Daniel D. Lee and
               Masashi Sugiyama and
               Ulrike von Luxburg and
               Isabelle Guyon and
               Roman Garnett},
  title     = {Understanding the Effective Receptive Field in Deep Convolutional
               Neural Networks},
  booktitle = {Advances in Neural Information Processing Systems 29: Annual Conference
               on Neural Information Processing Systems 2016, December 5-10, 2016,
               Barcelona, Spain},
  pages     = {4898--4906},
  year      = {2016},
  timestamp = {Fri, 06 Mar 2020 17:01:33 +0100},
  bibsource = {dblp computer science bibliography, https://dblp.org}
}

@inproceedings{DBLP:conf/nips/PaszkeGMLBCKLGA19,
  author    = {Adam Paszke and
               Sam Gross and
               Francisco Massa and
               Adam Lerer and
               James Bradbury and
               Gregory Chanan and
               Trevor Killeen and
               Zeming Lin and
               Natalia Gimelshein and
               Luca Antiga and
               Alban Desmaison and
               Andreas K{\"{o}}pf and
               Edward Z. Yang and
               Zachary DeVito and
               Martin Raison and
               Alykhan Tejani and
               Sasank Chilamkurthy and
               Benoit Steiner and
               Lu Fang and
               Junjie Bai and
               Soumith Chintala},
  title     = {PyTorch: An Imperative Style, High-Performance Deep Learning Library},
  booktitle = {{NeurIPS}},
  pages     = {8024--8035},
  year      = {2019}
}

@inproceedings{DBLP:conf/nips/RomanoPC19,
  author    = {Yaniv Romano and
               Evan Patterson and
               Emmanuel J. Cand{\`{e}}s},
  title     = {Conformalized Quantile Regression},
  booktitle = {{NeurIPS}},
  pages     = {3538--3548},
  year      = {2019}
}

@inproceedings{DBLP:conf/nips/SalakhutdinovM07,
  author    = {Ruslan Salakhutdinov and
               Andriy Mnih},
  title     = {Probabilistic Matrix Factorization},
  booktitle = {NIPS},
  year      = {2007}
}

@inproceedings{DBLP:conf/nips/SalimansK16,
  author    = {Tim Salimans and
               Diederik P. Kingma},
  editor    = {Daniel D. Lee and
               Masashi Sugiyama and
               Ulrike von Luxburg and
               Isabelle Guyon and
               Roman Garnett},
  title     = {Weight Normalization: {A} Simple Reparameterization to Accelerate
               Training of Deep Neural Networks},
  booktitle = {Advances in Neural Information Processing Systems 29: Annual Conference
               on Neural Information Processing Systems 2016, December 5-10, 2016,
               Barcelona, Spain},
  pages     = {901},
  year      = {2016},
  timestamp = {Fri, 06 Mar 2020 17:00:31 +0100},
  bibsource = {dblp computer science bibliography, https://dblp.org}
}

@inproceedings{DBLP:conf/nips/SanturkarTIM18,
  author    = {Shibani Santurkar and
               Dimitris Tsipras and
               Andrew Ilyas and
               Aleksander Madry},
  editor    = {Samy Bengio and
               Hanna M. Wallach and
               Hugo Larochelle and
               Kristen Grauman and
               Nicol{\`{o}} Cesa{-}Bianchi and
               Roman Garnett},
  title     = {How Does Batch Normalization Help Optimization?},
  booktitle = {Advances in Neural Information Processing Systems 31: Annual Conference
               on Neural Information Processing Systems 2018, NeurIPS 2018, 3-8 December
               2018, Montr{\'{e}}al, Canada},
  pages     = {2488--2498},
  year      = {2018},
  timestamp = {Fri, 06 Mar 2020 17:00:31 +0100},
  bibsource = {dblp computer science bibliography, https://dblp.org}
}

@inproceedings{DBLP:conf/nips/Xu0ZZL19,
  author    = {Jingjing Xu and
               Xu Sun and
               Zhiyuan Zhang and
               Guangxiang Zhao and
               Junyang Lin},
  editor    = {Hanna M. Wallach and
               Hugo Larochelle and
               Alina Beygelzimer and
               Florence d'Alch{\'{e}}{-}Buc and
               Emily B. Fox and
               Roman Garnett},
  title     = {Understanding and Improving Layer Normalization},
  booktitle = {Advances in Neural Information Processing Systems 32: Annual Conference
               on Neural Information Processing Systems 2019, NeurIPS 2019, 8-14
               December 2019, Vancouver, BC, Canada},
  pages     = {4383--4393},
  year      = {2019},
  timestamp = {Fri, 06 Mar 2020 16:59:09 +0100},
  bibsource = {dblp computer science bibliography, https://dblp.org}
}

@inproceedings{DBLP:conf/nsdi/ZahariaCDDMMFSS12,
  author    = {Matei Zaharia and
               Mosharaf Chowdhury and
               Tathagata Das and
               Ankur Dave and
               Justin Ma and
               Murphy McCauly and
               Michael J. Franklin and
               Scott Shenker and
               Ion Stoica},
  editor    = {Steven D. Gribble and
               Dina Katabi},
  title     = {Resilient Distributed Datasets: {A} Fault-Tolerant Abstraction for
               In-Memory Cluster Computing},
  booktitle = {Proceedings of the 9th {USENIX} Symposium on Networked Systems Design
               and Implementation, {NSDI} 2012, San Jose, CA, USA, April 25-27, 2012},
  pages     = {15--28},
  publisher = {{USENIX} Association},
  year      = {2012},
  timestamp = {Wed, 04 Jul 2018 13:06:34 +0200},
  bibsource = {dblp computer science bibliography, https://dblp.org}
}

@inproceedings{DBLP:conf/osdi/AbadiBCCDDDGIIK16,
  author    = {Mart{\'{\i}}n Abadi and
               Paul Barham and
               Jianmin Chen and
               Zhifeng Chen and
               Andy Davis and
               Jeffrey Dean and
               Matthieu Devin and
               Sanjay Ghemawat and
               Geoffrey Irving and
               Michael Isard and
               Manjunath Kudlur and
               Josh Levenberg and
               Rajat Monga and
               Sherry Moore and
               Derek Gordon Murray and
               Benoit Steiner and
               Paul A. Tucker and
               Vijay Vasudevan and
               Pete Warden and
               Martin Wicke and
               Yuan Yu and
               Xiaoqiang Zheng},
  title     = {TensorFlow: {A} System for Large-Scale Machine Learning},
  booktitle = {{OSDI}},
  pages     = {265--283},
  year      = {2016}
}

@inproceedings{DBLP:conf/sdm/FrerisVK12,
  author    = {Nikolaos M. Freris and
               Michail Vlachos and
               Suleyman Serdar Kozat},
  title     = {Optimal Distance Estimation Between Compressed Data Series},
  booktitle = {Proceedings of the Twelfth {SIAM} International Conference on Data
               Mining, Anaheim, California, USA, April 26-28, 2012},
  pages     = {343--354},
  publisher = {{SIAM} / Omnipress},
  year      = {2012},
  timestamp = {Wed, 17 May 2017 14:24:53 +0200},
  bibsource = {dblp computer science bibliography, https://dblp.org}
}

@inproceedings{DBLP:conf/sdm/VlachosKY09,
  author    = {Michail Vlachos and
               Suleyman Serdar Kozat and
               Philip S. Yu},
  title     = {Optimal Distance Bounds on Time-Series Data},
  booktitle = {Proceedings of the {SIAM} International Conference on Data Mining,
               {SDM} 2009, April 30 - May 2, 2009, Sparks, Nevada, {USA}},
  pages     = {109--120},
  publisher = {{SIAM}},
  year      = {2009},
  timestamp = {Wed, 17 May 2017 14:24:53 +0200},
  bibsource = {dblp computer science bibliography, https://dblp.org}
}

@inproceedings{DBLP:conf/sigmod/0001ZC21,
  author    = {Guoliang Li and
               Xuanhe Zhou and
               Lei Cao},
  title     = {{AI} Meets Database: {AI4DB} and {DB4AI}},
  booktitle = {{SIGMOD}},
  pages     = {2859--2866},
  year      = {2021}
}

@inproceedings{DBLP:conf/sigmod/FaloutsosRM94,
  author    = {Christos Faloutsos and
               M. Ranganathan and
               Yannis Manolopoulos},
  title     = {Fast Subsequence Matching in Time-Series Databsases},
  booktitle = {{SIGMOD}},
  pages     = {419--429},
  year      = {1994}
}


@inproceedings{DBLP:conf/sigmod/GanFFN12,
  author    = {Junhao Gan and
               Jianlin Feng and
               Qiong Fang and
               Wilfred Ng},
  title     = {Locality-sensitive hashing scheme based on dynamic collision counting},
  booktitle = {{SIGMOD}},
  year      = {2012}
}


@inproceedings{DBLP:conf/sigmod/GogolouTEBP20,
  author    = {Anna Gogolou and
               Theophanis Tsandilas and
               Karima Echihabi and
               Anastasia Bezerianos and
               Themis Palpanas},
  title     = {Data Series Progressive Similarity Search with Probabilistic Quality
               Guarantees},
  booktitle = {{SIGMOD}},
  pages     = {1857--1873},
  year      = {2020}
}

@inproceedings{DBLP:conf/sigmod/KeoghCMP01,
  author    = {Eamonn J. Keogh and
               Kaushik Chakrabarti and
               Sharad Mehrotra and
               Michael J. Pazzani},
  title     = {Locally Adaptive Dimensionality Reduction for Indexing Large Time
               Series Databases},
  booktitle = {{SIGMOD}},
  pages     = {151--162},
  year      = {2001}
}

@inproceedings{DBLP:conf/sigmod/KimJSHCC22,
  author    = {Kyoungmin Kim and
               Jisung Jung and
               In Seo and
               Wook{-}Shin Han and
               Kangwoo Choi and
               Jaehyok Chong},
  title     = {Learned Cardinality Estimation: An In-depth Study},
  booktitle = {{SIGMOD}},
  pages     = {1214--1227},
  year      = {2022}
}

@inproceedings{DBLP:conf/sigmod/KraskaBCDP18,
  author    = {Tim Kraska and
               Alex Beutel and
               Ed H. Chi and
               Jeffrey Dean and
               Neoklis Polyzotis},
  title     = {The Case for Learned Index Structures},
  booktitle = {{SIGMOD}},
  pages     = {489--504},
  year      = {2018}
}

@inproceedings{DBLP:conf/sigmod/LiZAH20,
  author    = {Conglong Li and
               Minjia Zhang and
               David G. Andersen and
               Yuxiong He},
  title     = {Improving Approximate Nearest Neighbor Search through Learned Adaptive
               Early Termination},
  booktitle = {{SIGMOD}},
  pages     = {2539--2554},
  year      = {2020}
}

@inproceedings{DBLP:conf/sigmod/MarcusNMTAK21,
  author    = {Ryan Marcus and
               Parimarjan Negi and
               Hongzi Mao and
               Nesime Tatbul and
               Mohammad Alizadeh and
               Tim Kraska},
  title     = {Bao: Making Learned Query Optimization Practical},
  booktitle = {{SIGMOD}},
  pages     = {1275--1288},
  year      = {2021}
}

@inproceedings{DBLP:conf/sigmod/NathanDAK20,
  author    = {Vikram Nathan and
               Jialin Ding and
               Mohammad Alizadeh and
               Tim Kraska},
  title     = {Learning Multi-Dimensional Indexes},
  booktitle = {{SIGMOD}},
  pages     = {985--1000},
  year      = {2020}
}

@inproceedings{DBLP:conf/sigmod/PaparrizosG15,
  author    = {John Paparrizos and
               Luis Gravano},
  title     = {k-Shape: Efficient and Accurate Clustering of Time Series},
  booktitle = {{SIGMOD}},
  pages     = {1855--1870},
  year      = {2015}
}

@inproceedings{DBLP:conf/sigmod/SaxenaRCLCCMKPN23,
  author    = {Gaurav Saxena and
               Mohammad Rahman and
               Naresh Chainani and
               Chunbin Lin and
               George Caragea and
               Fahim Chowdhury and
               Ryan Marcus and
               Tim Kraska and
               Ippokratis Pandis and
               Balakrishnan (Murali) Narayanaswamy},
  title     = {Auto-WLM: Machine Learning Enhanced Workload Management in Amazon
               Redshift},
  booktitle = {{SIGMOD}},
  pages     = {225--237},
  year      = {2023}
}

@inproceedings{DBLP:conf/sigmod/Sun0021,
  author    = {Ji Sun and
               Guoliang Li and
               Nan Tang},
  title     = {Learned Cardinality Estimation for Similarity Queries},
  booktitle = {{SIGMOD}},
  pages     = {1745--1757},
  year      = {2021}
}

@inproceedings{DBLP:conf/sigmod/VlachosMV04,
  author    = {Michail Vlachos and
               Christopher Meek and
               Zografoula Vagena and
               Dimitrios Gunopulos},
  editor    = {Gerhard Weikum and
               Arnd Christian K{\"{o}}nig and
               Stefan De{\ss}loch},
  title     = {Identifying Similarities, Periodicities and Bursts for Online Search
               Queries},
  booktitle = {Proceedings of the {ACM} {SIGMOD} International Conference on Management
               of Data, Paris, France, June 13-18, 2004},
  pages     = {131--142},
  publisher = {{ACM}},
  year      = {2004},
  timestamp = {Tue, 06 Nov 2018 11:07:38 +0100},
  bibsource = {dblp computer science bibliography, https://dblp.org}
}

@inproceedings{DBLP:conf/sigmod/ZhuTCKAACCCDFGH23,
  author    = {Yiwen Zhu and
               Yuanyuan Tian and
               Joyce Cahoon and
               Subru Krishnan and
               Ankita Agarwal and
               Rana Alotaibi and
               Jes{\'{u}}s Camacho{-}Rodr{\'{\i}}guez and
               Bibin Chundatt and
               Andrew Chung and
               Niharika Dutta and
               Andrew Fogarty and
               Anja Gruenheid and
               Brandon Haynes and
               Matteo Interlandi and
               Minu Iyer and
               Nick Jurgens and
               Sumeet Khushalani and
               Brian Kroth and
               Manoj Kumar and
               Jyoti Leeka and
               Sergiy Matusevych and
               Minni Mittal and
               Andreas M{\"{u}}ller and
               Kartheek Muthyala and
               Harsha Nagulapalli and
               Yoonjae Park and
               Hiren Patel and
               Anna Pavlenko and
               Olga Poppe and
               Santhosh Ravindran and
               Karla Saur and
               Rathijit Sen and
               Steve Suh and
               Arijit Tarafdar and
               Kunal Waghray and
               Demin Wang and
               Carlo Curino and
               Raghu Ramakrishnan},
  title     = {Towards Building Autonomous Data Services on Azure},
  booktitle = {{SIGMOD}},
  pages     = {217--224},
  year      = {2023}
}

@inproceedings{DBLP:conf/sigmod/ZoumpatianosIP14,
  author    = {Kostas Zoumpatianos and
               Stratos Idreos and
               Themis Palpanas},
  title     = {Indexing for interactive exploration of big data series},
  booktitle = {{SIGMOD}},
  pages     = {1555--1566},
  year      = {2014}
}

@inproceedings{DBLP:conf/sigsoft/GaoLZLZLY20,
  author    = {Yanjie Gao and
               Yu Liu and
               Hongyu Zhang and
               Zhengxian Li and
               Yonghao Zhu and
               Haoxiang Lin and
               Mao Yang},
  title     = {Estimating {GPU} memory consumption of deep learning models},
  booktitle = {{ESEC/FSE}},
  pages     = {1342--1352},
  year      = {2020}
}

@inproceedings{DBLP:conf/srds/FatourouKPP23,
  author    = {Panagiota Fatourou and
               Eleftherios Kosmas and
               Themis Palpanas and
               George Paterakis},
  title     = {FreSh: {A} Lock-Free Data Series Index},
  booktitle = {{SRDS}},
  pages     = {209--220},
  year      = {2023}
}

@inproceedings{DBLP:conf/vldb/RamsakMFZEB00,
  author    = {Frank Ramsak and
               Volker Markl and
               Robert Fenk and
               Martin Zirkel and
               Klaus Elhardt and
               Rudolf Bayer},
  editor    = {Amr El Abbadi and
               Michael L. Brodie and
               Sharma Chakravarthy and
               Umeshwar Dayal and
               Nabil Kamel and
               Gunter Schlageter and
               Kyu{-}Young Whang},
  title     = {Integrating the UB-Tree into a Database System Kernel},
  booktitle = {{VLDB} 2000, Proceedings of 26th International Conference on Very
               Large Data Bases, September 10-14, 2000, Cairo, Egypt},
  pages     = {263--272},
  publisher = {Morgan Kaufmann},
  year      = {2000},
  timestamp = {Thu, 12 Mar 2020 11:34:01 +0100},
  bibsource = {dblp computer science bibliography, https://dblp.org}
}

@inproceedings{DBLP:conf/wims/EchihabiZP20,
  author    = {Karima Echihabi and
               Kostas Zoumpatianos and
               Themis Palpanas},
  title     = {Scalable Machine Learning on High-Dimensional Vectors: From Data Series
               to Deep Network Embeddings},
  booktitle = {{WIMS}},
  year      = {2020}
}

@article{DBLP:journals/cacm/ZahariaXWDADMRV16,
  author    = {Matei Zaharia and
               Reynold S. Xin and
               Patrick Wendell and
               Tathagata Das and
               Michael Armbrust and
               Ankur Dave and
               Xiangrui Meng and
               Josh Rosen and
               Shivaram Venkataraman and
               Michael J. Franklin and
               Ali Ghodsi and
               Joseph Gonzalez and
               Scott Shenker and
               Ion Stoica},
  title     = {Apache Spark: a unified engine for big data processing},
  journal   = {Commun. {ACM}},
  volume    = {59},
  number    = {11},
  pages     = {56--65},
  year      = {2016},
  timestamp = {Thu, 30 Apr 2020 14:45:00 +0200},
  bibsource = {dblp computer science bibliography, https://dblp.org}
}

@article{DBLP:journals/computer/KorenBV09,
  author  = {Yehuda Koren and
             Robert M. Bell and
             Chris Volinsky},
  title   = {Matrix Factorization Techniques for Recommender Systems},
  journal = {Computer},
  year    = {2009}
}

@article{DBLP:journals/corr/abs-1803-01271,
  author  = {Shaojie Bai and
             J. Zico Kolter and
             Vladlen Koltun},
  title   = {An Empirical Evaluation of Generic Convolutional and Recurrent Networks
             for Sequence Modeling},
  journal = {arXiv},
  year    = {2018}
}

@article{DBLP:journals/corr/abs-1804-10253,
  author        = {Elad Plaut},
  title         = {From Principal Subspaces to Principal Components with Linear Autoencoders},
  journal       = {CoRR},
  volume        = {abs/1804.10253},
  year          = {2018},
  archiveprefix = {arXiv},
  eprint        = {1804.10253},
  timestamp     = {Mon, 13 Aug 2018 16:47:49 +0200},
  bibsource     = {dblp computer science bibliography, https://dblp.org}
}

@article{DBLP:journals/corr/abs-1912-06059,
  author        = {Petro Liashchynskyi and
                   Pavlo Liashchynskyi},
  title         = {Grid Search, Random Search, Genetic Algorithm: {A} Big Comparison
                   for {NAS}},
  journal       = {CoRR},
  volume        = {abs/1912.06059},
  year          = {2019},
  archiveprefix = {arXiv},
  eprint        = {1912.06059},
  timestamp     = {Thu, 02 Jan 2020 18:08:18 +0100},
  bibsource     = {dblp computer science bibliography, https://dblp.org}
}

@article{DBLP:journals/corr/abs-2001-00378,
  author        = {Siddique Latif and
                   Rajib Rana and
                   Sara Khalifa and
                   Raja Jurdak and
                   Junaid Qadir and
                   Bj{\"{o}}rn W. Schuller},
  title         = {Deep Representation Learning in Speech Processing: Challenges, Recent
                   Advances, and Future Trends},
  journal       = {CoRR},
  volume        = {abs/2001.00378},
  year          = {2020},
  archiveprefix = {arXiv},
  eprint        = {2001.00378},
  timestamp     = {Fri, 10 Jan 2020 13:10:19 +0100},
  bibsource     = {dblp computer science bibliography, https://dblp.org}
}

@article{DBLP:journals/corr/abs-2007-07175,
  author        = {Abubakar Siddique and
                   Reza Jalil Mozhdehi and
                   Henry Medeiros},
  title         = {Deep Heterogeneous Autoencoder for Subspace Clustering of Sequential
                   Data},
  journal       = {CoRR},
  volume        = {abs/2007.07175},
  year          = {2020},
  archiveprefix = {arXiv},
  eprint        = {2007.07175},
  timestamp     = {Tue, 21 Jul 2020 12:53:33 +0200},
  bibsource     = {dblp computer science bibliography, https://dblp.org}
}

@article{DBLP:journals/corr/BaKH16,
  author  = {Lei Jimmy Ba and
             Jamie Ryan Kiros and
             Geoffrey E. Hinton},
  title   = {Layer Normalization},
  journal = {arXiv},
  year    = {2016}
}

@article{DBLP:journals/corr/ChungGCB14,
  author        = {Junyoung Chung and
                   {\c{C}}aglar G{\"{u}}l{\c{c}}ehre and
                   KyungHyun Cho and
                   Yoshua Bengio},
  title         = {Empirical Evaluation of Gated Recurrent Neural Networks on Sequence
                   Modeling},
  journal       = {CoRR},
  volume        = {abs/1412.3555},
  year          = {2014},
  archiveprefix = {arXiv},
  eprint        = {1412.3555},
  timestamp     = {Mon, 13 Aug 2018 16:47:38 +0200},
  bibsource     = {dblp computer science bibliography, https://dblp.org}
}

@inproceedings{DBLP:journals/corr/MishkinM15,
  author    = {Dmytro Mishkin and
               Jiri Matas},
  title     = {All you need is a good init},
  booktitle = {ICLR},
  year      = {2016}
}

@article{DBLP:journals/csur/KarmakerHSXZV22,
  author  = {Shubhra Kanti Karmaker Santu and
             Md. Mahadi Hassan and
             Micah J. Smith and
             Lei Xu and
             Chengxiang Zhai and
             Kalyan Veeramachaneni},
  title   = {AutoML to Date and Beyond: Challenges and Opportunities},
  journal = {{ACM} Computing Survey},
  volume  = {54},
  number  = {8},
  pages   = {175:1--175:36},
  year    = {2022}
}

@article{DBLP:journals/datamine/BagnallLBLK17,
  author    = {Anthony J. Bagnall and
               Jason Lines and
               Aaron Bostrom and
               James Large and
               Eamonn J. Keogh},
  title     = {The great time series classification bake off: a review and experimental
               evaluation of recent algorithmic advances},
  journal   = {Data Min. Knowl. Discov.},
  volume    = {31},
  number    = {3},
  pages     = {606--660},
  year      = {2017},
  timestamp = {Sat, 19 Oct 2019 19:31:45 +0200},
  bibsource = {dblp computer science bibliography, https://dblp.org}
}

@article{DBLP:journals/datamine/DempsterPW20,
  author    = {Angus Dempster and
               Fran{\c{c}}ois Petitjean and
               Geoffrey I. Webb},
  title     = {{ROCKET:} exceptionally fast and accurate time series classification
               using random convolutional kernels},
  journal   = {Data Min. Knowl. Discov.},
  volume    = {34},
  number    = {5},
  pages     = {1454--1495},
  year      = {2020},
  timestamp = {Mon, 21 Sep 2020 16:49:36 +0200},
  bibsource = {dblp computer science bibliography, https://dblp.org}
}


@article{DBLP:journals/datamine/FawazFWIM19,
  author  = {Hassan Ismail Fawaz and
             Germain Forestier and
             Jonathan Weber and
             Lhassane Idoumghar and
             Pierre{-}Alain Muller},
  title   = {Deep learning for time series classification: a review},
  journal = {DMKD},
  volume  = {33},
  number  = {4},
  pages   = {917--963},
  year    = {2019}
}

@article{DBLP:journals/datamine/FawazLFPSWWIMP20,
  author  = {Hassan Ismail Fawaz and
             Benjamin Lucas and
             Germain Forestier and
             Charlotte Pelletier and
             Daniel F. Schmidt and
             Jonathan Weber and
             Geoffrey I. Webb and
             Lhassane Idoumghar and
             Pierre{-}Alain Muller and
             Fran{\c{c}}ois Petitjean},
  title   = {InceptionTime: Finding AlexNet for time series classification},
  journal = {DMKD},
  year    = {2020}
}

@article{DBLP:journals/debu/00070P023,
  author  = {Zeyu Wang and
             Peng Wang and
             Themis Palpanas and
             Wei Wang},
  title   = {Graph- and Tree-based Indexes for High-dimensional Vector Similarity
             Search: Analyses, Comparisons, and Future Directions},
  journal = {{IEEE} Data Eng. Bull.},
  volume  = {46},
  number  = {3},
  pages   = {3--21},
  year    = {2023}
}

@article{DBLP:journals/ftml/AngelopoulosB23,
  author  = {Anastasios N. Angelopoulos and
             Stephen Bates},
  title   = {Conformal Prediction: {A} Gentle Introduction},
  journal = {Found. Trends Mach. Learn.},
  volume  = {16},
  number  = {4},
  pages   = {494--591},
  year    = {2023}
}

@article{DBLP:journals/ida/MollerR06,
  author  = {Ulrich M{\"{o}}ller and
             D{\"{o}}rte Radke},
  title   = {Performance of data resampling methods for robust class discovery
             based on clustering},
  journal = {Intelligent Data Analysis},
  year    = {2006}
}

@article{DBLP:journals/ieeejas/DauBKYZGRK19,
  author  = {Hoang Anh Dau and
             Anthony J. Bagnall and
             Kaveh Kamgar and
             Chin{-}Chia Michael Yeh and
             Yan Zhu and
             Shaghayegh Gharghabi and
             Chotirat Ann Ratanamahatana and
             Eamonn J. Keogh},
  title   = {The {UCR} time series archive},
  journal = {JAS},
  year    = {2019}
}

@article{DBLP:journals/jmlr/MengBYSVLFTAOXX16,
  author    = {Xiangrui Meng and
               Joseph K. Bradley and
               Burak Yavuz and
               Evan R. Sparks and
               Shivaram Venkataraman and
               Davies Liu and
               Jeremy Freeman and
               D. B. Tsai and
               Manish Amde and
               Sean Owen and
               Doris Xin and
               Reynold Xin and
               Michael J. Franklin and
               Reza Zadeh and
               Matei Zaharia and
               Ameet Talwalkar},
  title     = {MLlib: Machine Learning in Apache Spark},
  journal   = {J. Mach. Learn. Res.},
  volume    = {17},
  pages     = {34:1--34:7},
  year      = {2016},
  timestamp = {Wed, 10 Jul 2019 15:28:26 +0200},
  bibsource = {dblp computer science bibliography, https://dblp.org}
}

@article{DBLP:journals/ml/RibeiroM20,
  author  = {Rita P. Ribeiro and
             Nuno Moniz},
  title   = {Imbalanced regression and extreme value prediction},
  journal = {Machine Learning},
  volume  = {109},
  number  = {9-10},
  pages   = {1803--1835},
  year    = {2020}
}

@article{DBLP:journals/natmi/VenTT22,
  author  = {Gido M. van de Ven and
             Tinne Tuytelaars and
             Andreas S. Tolias},
  title   = {Three types of incremental learning},
  journal = {Nature Machine Intelligence},
  volume  = {4},
  number  = {12},
  year    = {2022}
}

@article{DBLP:journals/pacmmod/Wang0WP023,
  author  = {Zeyu Wang and
             Qitong Wang and
             Peng Wang and
             Themis Palpanas and
             Wei Wang},
  title   = {Dumpy: {A} Compact and Adaptive Index for Large Data Series Collections},
  journal = {{PACMMOD}},
  volume  = {1},
  number  = {1},
  pages   = {111:1--111:27},
  year    = {2023}
}

@article{DBLP:journals/pacmmod/WuNAKM23,
  author  = {Ziniu Wu and
             Parimarjan Negi and
             Mohammad Alizadeh and
             Tim Kraska and
             Samuel Madden},
  title   = {FactorJoin: {A} New Cardinality Estimation Framework for Join Queries},
  journal = {{PACMMOD}},
  volume  = {1},
  number  = {1},
  pages   = {41:1--41:27},
  year    = {2023}
}

@article{DBLP:journals/pami/BabenkoL15,
  author  = {Artem Babenko and
             Victor S. Lempitsky},
  title   = {The Inverted Multi-Index},
  journal = {{TPAMI}},
  volume  = {37},
  number  = {6},
  pages   = {1247--1260},
  year    = {2015}
}

@article{DBLP:journals/pami/BengioCV13,
  author  = {Yoshua Bengio and
             Aaron C. Courville and
             Pascal Vincent},
  title   = {Representation Learning: {A} Review and New Perspectives},
  journal = {TPAMI},
  year    = {2013}
}

@article{DBLP:journals/pami/GeHK014,
  author  = {Tiezheng Ge and
             Kaiming He and
             Qifa Ke and
             Jian Sun},
  title   = {Optimized Product Quantization},
  journal = {{TPAMI}},
  volume  = {36},
  number  = {4},
  pages   = {744--755},
  year    = {2014}
}

@article{DBLP:journals/pami/JegouDS11,
  author  = {Herv{\'{e}} J{\'{e}}gou and
             Matthijs Douze and
             Cordelia Schmid},
  title   = {Product Quantization for Nearest Neighbor Search},
  journal = {{TPAMI}},
  year    = {2011}
}

@article{DBLP:journals/pami/KulisG12,
  author    = {Brian Kulis and
               Kristen Grauman},
  title     = {Kernelized Locality-Sensitive Hashing},
  journal   = {{IEEE} Trans. Pattern Anal. Mach. Intell.},
  volume    = {34},
  number    = {6},
  pages     = {1092--1104},
  year      = {2012},
  timestamp = {Sat, 30 May 2020 20:01:58 +0200},
  bibsource = {dblp computer science bibliography, https://dblp.org}
}

@article{DBLP:journals/pami/MalkovY20,
  author  = {Yury A. Malkov and
             Dmitry A. Yashunin},
  title   = {Efficient and Robust Approximate Nearest Neighbor Search Using Hierarchical
             Navigable Small World Graphs},
  journal = {{TPAMI}},
  volume  = {42},
  number  = {4},
  pages   = {824--836},
  year    = {2020}
}

@article{DBLP:journals/pieee/SzeCYE17,
  author  = {Vivienne Sze and
             Yu{-}Hsin Chen and
             Tien{-}Ju Yang and
             Joel S. Emer},
  title   = {Efficient Processing of Deep Neural Networks: {A} Tutorial and Survey},
  journal = {PIEEE},
  year    = {2017}
}


@article{DBLP:journals/pvldb/0003WNP22,
  author  = {Qitong Wang and
             Stephen Whitmarsh and
             Vincent Navarro and
             Themis Palpanas},
  title   = {iEDeaL: {A} Deep Learning Framework for Detecting Highly Imbalanced
             Interictal Epileptiform Discharges},
  journal = {{PVLDB}},
  volume  = {16},
  number  = {3},
  pages   = {480--490},
  year    = {2022}
}

@article{DBLP:journals/pvldb/AroraSK018,
  author    = {Akhil Arora and
               Sakshi Sinha and
               Piyush Kumar and
               Arnab Bhattacharya},
  title     = {HD-Index: Pushing the Scalability-Accuracy Boundary for Approximate
               kNN Search in High-Dimensional Spaces},
  journal   = {Proc. {VLDB} Endow.},
  volume    = {11},
  number    = {8},
  pages     = {906--919},
  year      = {2018},
  timestamp = {Sat, 25 Apr 2020 13:58:42 +0200},
  bibsource = {dblp computer science bibliography, https://dblp.org}
}

@article{DBLP:journals/pvldb/AziziEP23,
  author  = {Ilias Azizi and
             Karima Echihabi and
             Themis Palpanas},
  title   = {Elpis: Graph-Based Similarity Search for Scalable Data Science},
  journal = {{PVLDB}},
  volume  = {16},
  number  = {6},
  pages   = {1548--1559},
  year    = {2023}
}

@article{DBLP:journals/pvldb/ChatterjeeJQI21,
  author  = {Subarna Chatterjee and
             Meena Jagadeesan and
             Wilson Qin and
             Stratos Idreos},
  title   = {Cosine: {A} Cloud-Cost Optimized Self-Designing Key-Value Storage
             Engine},
  journal = {{PVLDB}},
  volume  = {15},
  number  = {1},
  pages   = {112--126},
  year    = {2021}
}

@article{DBLP:journals/pvldb/ChatzakisFKPP23,
  author  = {Manos Chatzakis and
             Panagiota Fatourou and
             Eleftherios Kosmas and
             Themis Palpanas and
             Botao Peng},
  title   = {Odyssey: {A} Journey in the Land of Distributed Data Series Similarity
             Search},
  journal = {{PVLDB}},
  volume  = {16},
  number  = {5},
  pages   = {1140--1153},
  year    = {2023}
}


@article{DBLP:journals/pvldb/ChenGCT23,
  author  = {Tianyi Chen and
             Jun Gao and
             Hedui Chen and
             Yaofeng Tu},
  title   = {{LOGER:} {A} Learned Optimizer towards Generating Efficient and Robust
             Query Execution Plans},
  journal = {{PVLDB}},
  volume  = {16},
  number  = {7},
  year    = {2023}
}


@article{DBLP:journals/pvldb/DingNAK20,
  author  = {Jialin Ding and
             Vikram Nathan and
             Mohammad Alizadeh and
             Tim Kraska},
  title   = {Tsunami: {A} Learned Multi-dimensional Index for Correlated Data and
             Skewed Workloads},
  journal = {{PVLDB}},
  volume  = {14},
  number  = {2},
  pages   = {74--86},
  year    = {2020}
}

@article{DBLP:journals/pvldb/DingTSWK08,
  author  = {Hui Ding and
             Goce Trajcevski and
             Peter Scheuermann and
             Xiaoyue Wang and
             Eamonn J. Keogh},
  title   = {Querying and mining of time series data: experimental comparison of
             representations and distance measures},
  journal = {{PVLDB}},
  volume  = {1},
  number  = {2},
  pages   = {1542--1552},
  year    = {2008}
}

@article{DBLP:journals/pvldb/EchihabiFZPB22,
  author  = {Karima Echihabi and
             Panagiota Fatourou and
             Kostas Zoumpatianos and
             Themis Palpanas and
             Houda Benbrahim},
  title   = {Hercules Against Data Series Similarity Search},
  journal = {{PVLDB}},
  volume  = {15},
  number  = {10},
  pages   = {2005--2018},
  year    = {2022}
}

@article{DBLP:journals/pvldb/EchihabiPZ21,
  author  = {Karima Echihabi and
             Themis Palpanas and
             Kostas Zoumpatianos},
  title   = {New Trends in High-D Vector Similarity Search: AI-driven, Progressive,
             and Distributed},
  journal = {Proc. {VLDB} Endow.},
  volume  = {14},
  number  = {12},
  year    = {2021}
}

@article{DBLP:journals/pvldb/EchihabiZPB18,
  author  = {Karima Echihabi and
             Kostas Zoumpatianos and
             Themis Palpanas and
             Houda Benbrahim},
  title   = {The Lernaean Hydra of Data Series Similarity Search: An Experimental
             Evaluation of the State of the Art},
  journal = {{PVLDB}},
  volume  = {12},
  number  = {2},
  pages   = {112--127},
  year    = {2018}
}

@article{DBLP:journals/pvldb/EchihabiZPB19,
  author  = {Karima Echihabi and
             Kostas Zoumpatianos and
             Themis Palpanas and
             Houda Benbrahim},
  title   = {Return of the Lernaean Hydra: Experimental Evaluation of Data Series
             Approximate Similarity Search},
  journal = {{PVLDB}},
  volume  = {13},
  number  = {3},
  pages   = {403--420},
  year    = {2019}
}

@article{DBLP:journals/pvldb/HuangFZFN15,
  author  = {Qiang Huang and
             Jianlin Feng and
             Yikai Zhang and
             Qiong Fang and
             Wilfred Ng},
  title   = {Query-Aware Locality-Sensitive Hashing for Approximate Nearest Neighbor
             Search},
  journal = {{PVLDB}},
  volume  = {9},
  number  = {1},
  pages   = {1--12},
  year    = {2015}
}


@article{DBLP:journals/pvldb/KondylakisDZP18,
  author  = {Haridimos Kondylakis and
             Niv Dayan and
             Kostas Zoumpatianos and
             Themis Palpanas},
  title   = {Coconut: {A} Scalable Bottom-Up Approach for Building Data Series
             Indexes},
  journal = {{PVLDB}},
  volume  = {11},
  number  = {6},
  pages   = {677--690},
  year    = {2018}
}


@article{DBLP:journals/pvldb/LinardiP18,
  author  = {Michele Linardi and
             Themis Palpanas},
  title   = {Scalable, Variable-Length Similarity Search in Data Series: The {ULISSE}
             Approach},
  journal = {{PVLDB}},
  volume  = {11},
  number  = {13},
  pages   = {2236--2248},
  year    = {2018}
}


@article{DBLP:journals/pvldb/MarcusKRSMK0K20,
  author  = {Ryan Marcus and
             Andreas Kipf and
             Alexander van Renen and
             Mihail Stoian and
             Sanchit Misra and
             Alfons Kemper and
             Thomas Neumann and
             Tim Kraska},
  title   = {Benchmarking Learned Indexes},
  journal = {{PVLDB}},
  volume  = {14},
  number  = {1},
  pages   = {1--13},
  year    = {2020}
}


@article{DBLP:journals/pvldb/MarcusNMZAKPT19,
  author  = {Ryan C. Marcus and
             Parimarjan Negi and
             Hongzi Mao and
             Chi Zhang and
             Mohammad Alizadeh and
             Tim Kraska and
             Olga Papaemmanouil and
             Nesime Tatbul},
  title   = {Neo: {A} Learned Query Optimizer},
  journal = {{PVLDB}},
  volume  = {12},
  number  = {11},
  pages   = {1705--1718},
  year    = {2019}
}


@article{DBLP:journals/pvldb/PaparrizosKBTPF22,
  author  = {John Paparrizos and
             Yuhao Kang and
             Paul Boniol and
             Ruey S. Tsay and
             Themis Palpanas and
             Michael J. Franklin},
  title   = {{TSB-UAD:} An End-to-End Benchmark Suite for Univariate Time-Series
             Anomaly Detection},
  journal = {{PVLDB}},
  volume  = {15},
  number  = {8},
  pages   = {1697--1711},
  year    = {2022}
}

@article{DBLP:journals/pvldb/SunWQZL14,
  author  = {Yifang Sun and
             Wei Wang and
             Jianbin Qin and
             Ying Zhang and
             Xuemin Lin},
  title   = {{SRS:} Solving c-Approximate Nearest Neighbor Queries in High Dimensional
             Euclidean Space with a Tiny Index},
  journal = {{PVLDB}},
  year    = {2014}
}

@article{DBLP:journals/pvldb/WangWPWH13,
  author  = {Yang Wang and
             Peng Wang and
             Jian Pei and
             Wei Wang and
             Sheng Huang},
  title   = {A Data-adaptive and Dynamic Segmentation Index for Whole Matching
             on Time Series},
  journal = {{PVLDB}},
  volume  = {6},
  number  = {10},
  pages   = {793--804},
  year    = {2013}
}

@article{DBLP:journals/pvldb/WeiPLP24,
  author  = {Jiuqi Wei and
             Botao Peng and
             Xiaodong Lee and
             Themis Palpanas},
  title   = {{DET-LSH:} {A} Locality-Sensitive Hashing Scheme with Dynamic Encoding
             Tree for Approximate Nearest Neighbor Search},
  journal = {{PVLDB}},
  volume  = {17},
  number  = {9},
  pages   = {2241--2254},
  year    = {2024}
}

@article{DBLP:journals/sigmod/Palpanas15,
  author  = {Themis Palpanas},
  title   = {Data Series Management: The Road to Big Sequence Analytics},
  journal = {{SIGMOD} Rec.},
  volume  = {44},
  number  = {2},
  pages   = {47--52},
  year    = {2015}
}

@article{DBLP:journals/sigmod/PalpanasB19,
  author  = {Themis Palpanas and
             Volker Beckmann},
  title   = {Report on the First and Second Interdisciplinary Time Series Analysis
             Workshop {(ITISA)}},
  journal = {{SIGMOD} Rec.},
  volume  = {48},
  number  = {3},
  pages   = {36--40},
  year    = {2019}
}

@article{DBLP:journals/tc/Amari67,
  author  = {Shun{-}ichi Amari},
  title   = {A Theory of Adaptive Pattern Classifiers},
  journal = {{IEEE} Transactions on Electronic Computers},
  volume  = {16},
  number  = {3},
  pages   = {299--307},
  year    = {1967}
}

@article{DBLP:journals/tkde/PalpanasVKG08,
  author  = {Themis Palpanas and
             Michail Vlachos and
             Eamonn J. Keogh and
             Dimitrios Gunopulos},
  title   = {Streaming Time Series Summarization Using User-Defined Amnesic Functions},
  journal = {TKDE},
  year    = {2008}
}

@article{DBLP:journals/tkde/PengFP21,
  author  = {Botao Peng and
             Panagiota Fatourou and
             Themis Palpanas},
  title   = {ParIS+: Data Series Indexing on Multi-Core Architectures},
  journal = {{TKDE}},
  volume  = {33},
  number  = {5},
  pages   = {2151--2164},
  year    = {2021}
}

@article{DBLP:journals/tvcg/GogolouTPB19,
  author  = {Anna Gogolou and
             Theophanis Tsandilas and
             Themis Palpanas and
             Anastasia Bezerianos},
  title   = {Comparing Similarity Perception in Time Series Visualizations},
  journal = {{TVCG}},
  volume  = {25},
  number  = {1},
  pages   = {523--533},
  year    = {2019}
}

@article{DBLP:journals/vldb/EchihabiTGBP23,
  author  = {Karima Echihabi and
             Theophanis Tsandilas and
             Anna Gogolou and
             Anastasia Bezerianos and
             Themis Palpanas},
  title   = {ProS: data series progressive k-NN similarity search and classification
             with probabilistic quality guarantees},
  journal = {{VLDBJ}},
  volume  = {32},
  number  = {4},
  pages   = {763--789},
  year    = {2023}
}

@article{DBLP:journals/vldb/LinardiP20,
  author  = {Michele Linardi and
             Themis Palpanas},
  title   = {Scalable data series subsequence matching with {ULISSE}},
  journal = {{VLDBJ}},
  volume  = {29},
  number  = {6},
  pages   = {1449--1474},
  year    = {2020}
}

@article{DBLP:journals/vldb/WangWWPW24,
  author  = {Zeyu Wang and
             Qitong Wang and
             Peng Wang and
             Themis Palpanas and
             Wei Wang},
  title   = {DumpyOS: {A} data-adaptive multi-ary index for scalable data series
             similarity search},
  journal = {{VLDBJ}},
  volume  = {33},
  number  = {6},
  pages   = {1887--1911},
  year    = {2024}
}

@incollection{DBLP:series/lncs/Bottou12,
  author    = {L{\'{e}}on Bottou},
  editor    = {Gr{\'{e}}goire Montavon and
               Genevieve B. Orr and
               Klaus{-}Robert M{\"{u}}ller},
  title     = {Stochastic Gradient Descent Tricks},
  booktitle = {Neural Networks: Tricks of the Trade - Second Edition},
  series    = {Lecture Notes in Computer Science},
  volume    = {7700},
  pages     = {421--436},
  publisher = {Springer},
  year      = {2012},
  timestamp = {Wed, 25 Sep 2019 17:41:07 +0200},
  bibsource = {dblp computer science bibliography, https://dblp.org}
}

@incollection{DBLP:series/lncs/LeCunBOM12,
  author    = {Yann LeCun and
               L{\'{e}}on Bottou and
               Genevieve B. Orr and
               Klaus{-}Robert M{\"{u}}ller},
  editor    = {Gr{\'{e}}goire Montavon and
               Genevieve B. Orr and
               Klaus{-}Robert M{\"{u}}ller},
  title     = {Efficient BackProp},
  booktitle = {Neural Networks: Tricks of the Trade - Second Edition},
  series    = {Lecture Notes in Computer Science},
  volume    = {7700},
  pages     = {9--48},
  publisher = {Springer},
  year      = {2012},
  timestamp = {Wed, 25 Sep 2019 17:41:07 +0200},
  bibsource = {dblp computer science bibliography, https://dblp.org}
}

@article{GC:lecun2015deep,
  title   = {Deep learning},
  author  = {LeCun, Yann and Bengio, Yoshua and Hinton, Geoffrey},
  journal = {Nature},
  volume  = {521},
  number  = {7553},
  pages   = {436--444},
  year    = {2015}
}

@book{grafarend2006linear,
  title     = {Linear and nonlinear models: fixed effects, random effects, and mixed models},
  author    = {Grafarend, Erik W},
  year      = {2006},
  publisher = {de Gruyter}
}

@article{GS:robbins1951stochastic,
  title   = {A stochastic approximation method},
  author  = {Robbins, Herbert and Monro, Sutton},
  journal = {The Annals of Mathematical Statistics},
  pages   = {400--407},
  year    = {1951}
}

@article{GS:soldi2014long,
  title   = {Long-term variability of agn at hard x-rays},
  author  = {Soldi, S and Beckmann, Volker and Baumgartner, Wayne H and Ponti, Gabriele and Shrader, Chris R and Lubi{\'n}ski, P and Krimm, HA and Mattana, F and Tueller, Jack},
  journal = {Astronomy and Astrophysics},
  volume  = {563},
  pages   = {A57},
  year    = {2014}
}

@book{GS:vovk2005algorithmic,
  title     = {Algorithmic learning in a random world},
  author    = {Vovk, Vladimir and Gammerman, Alexander and Shafer, Glenn},
  volume    = {29},
  year      = {2005},
  publisher = {Springer}
}

@inproceedings{icdehighdtutorial,
  author    = {Karima Echihabi and
               Kostas Zoumpatianos and
               Themis Palpanas},
  title     = {{High-Dimensional Similarity Search for Scalable Data Science}},
  booktitle = {{ICDE}},
  year      = {2021}
}

@article{iliassigmod25,
  author  = {Ilias Azizi and Karima Echihabi and Themis Palpanas},
  title   = {Graph-Based Vector Search: An Experimental Evaluation of the State-of-the-Art},
  journal = {{PACMMOD}},
  year    = {2025}
}

@article{j11-corr-Lomont-simd,
  title   = {Introduction to intel advanced vector extensions},
  author  = {Lomont, Chris},
  journal = {Intel white paper},
  volume  = {23},
  year    = {2011}
}

@article{j12-SSA-Trabant-seismic,
  title   = {Data products at the IRIS DMC: Stepping stones for research and other applications},
  author  = {Trabant, Chad and Hutko, Alexander R and Bahavar, Manochehr and Karstens, Richard and Ahern, Timothy and Aster, Richard},
  journal = {Seismological Research Letters},
  year    = {2012}
}

@article{j14-aa-Soldi-astro,
  title   = {Long-term variability of agn at hard x-rays},
  author  = {Soldi, S and Beckmann, Volker and Baumgartner, WH and Ponti, Gabriele and Shrader, Chris R and Lubi{\'n}ski, P and Krimm, HA and Mattana, F and Tueller, Jack},
  journal = {Astronomy \& Astrophysics},
  year    = {2014}
}

@article{j15-arxiv-Radford-image,
  title   = {Unsupervised representation learning with deep convolutional generative adversarial networks},
  author  = {Radford, Alec and Metz, Luke and Chintala, Soumith},
  journal = {arXiv preprint arXiv:1511.06434},
  year    = {2015}
}

@article{j15-arxiv-yu-dilated,
  title   = {Multi-scale context aggregation by dilated convolutions},
  author  = {Yu, Fisher and Koltun, Vladlen},
  journal = {arXiv preprint arXiv:1511.07122},
  year    = {2015}
}

@article{j15-dmkd-Lines-elastic,
  title     = {Time series classification with ensembles of elastic distance measures},
  author    = {Lines, Jason and Bagnall, Anthony},
  journal   = {Data Mining and Knowledge Discovery},
  volume    = {29},
  number    = {3},
  pages     = {565--592},
  year      = {2015},
  publisher = {Springer}
}

@article{j15-sigrec-Palpanas,
  title   = {Data series management: The road to big sequence analytics},
  author  = {Palpanas, Themis},
  journal = {SIGMOD Record},
  year    = {2015}
}


@article{j17-bioRxiv-Wei-sald,
  title   = {Structural and functional MRI from a cross-sectional Southwest University Adult lifespan Dataset (SALD)},
  author  = {Wei, Dongtao and Zhuang, Kaixiang and Chen, Qunlin and Yang, Wenjing and Liu, Wei and Wang, Kangcheng and Sun, Jiangzhou and Qiu, Jiang},
  journal = {BioRxiv},
  year    = {2017}
}


@article{j18-arxiv-Wu-embedding,
  title   = {Random warping series: A random features method for time-series embedding},
  author  = {Wu, Lingfei and Yen, Ian En-Hsu and Yi, Jinfeng and Xu, Fangli and Lei, Qi and Witbrock, Michael},
  journal = {{arXiv}},
  year    = {2018}
}
@article{j18-is-Bahaadini-Glitch,
  title     = {Machine learning for Gravity Spy: Glitch classification and dataset},
  author    = {Bahaadini, Sara and Noroozi, Vahid and Rohani, Neda and Coughlin, Scott and Zevin, Michael and Smith, JR and Kalogera, Vicky and Katsaggelos, A},
  journal   = {Information Sciences},
  volume    = {444},
  pages     = {172--186},
  year      = {2018},
  publisher = {Elsevier}
}

@article{j18-tkdd-Lines-hivecote,
  title     = {Time series classification with HIVE-COTE: The hierarchical vote collective of transformation-based ensembles},
  author    = {Lines, Jason and Taylor, Sarah and Bagnall, Anthony},
  journal   = {ACM Transactions on Knowledge Discovery from Data (TKDD)},
  volume    = {12},
  number    = {5},
  pages     = {52},
  year      = {2018},
  publisher = {ACM}
}

@article{j18-vldbj-Zoumpatianos-generate,
  title   = {Generating data series query workloads},
  author  = {Zoumpatianos, Kostas and Lou, Yin and Ileana, Ioana and Palpanas, Themis and Gehrke, Johannes},
  journal = {{VLDBJ}},
  year    = {2018}
}

@article{j19-bioRxiv-Frazzini,
  title     = {In vivo interictal signatures of human periventricular heterotopia},
  author    = {Frazzini, Valerio and Whitmarsh, Stephen and Lambrecq, Virginie and Lehongre, Katia and Yger, Pierre and Mathon, Bertrand and Adam, Claude and Hasboun, Dominique and Navarro, Vincent},
  journal   = {bioRxiv},
  pages     = {816173},
  year      = {2019},
  publisher = {Cold Spring Harbor Laboratory}
}

@article{j19-dmkd-Fawaz-review,
  title     = {Deep learning for time series classification: a review},
  author    = {Fawaz, Hassan Ismail and Forestier, Germain and Weber, Jonathan and Idoumghar, Lhassane and Muller, Pierre-Alain},
  journal   = {Data Mining and Knowledge Discovery},
  volume    = {33},
  number    = {4},
  pages     = {917--963},
  year      = {2019},
  publisher = {Springer}
}

@article{j19-elc-Wan-tcn,
  title     = {Multivariate temporal convolutional network: A deep neural networks approach for multivariate time series forecasting},
  author    = {Wan, Renzhuo and Mei, Shuping and Wang, Jun and Liu, Min and Yang, Fan},
  journal   = {Electronics},
  volume    = {8},
  number    = {8},
  pages     = {876},
  year      = {2019},
  publisher = {Multidisciplinary Digital Publishing Institute}
}

@article{j19-ijcv-Wojna-decoder,
  title   = {The devil is in the decoder: Classification, regression and gans},
  author  = {Wojna, Zbigniew and Ferrari, Vittorio and Guadarrama, Sergio and Silberman, Nathan and Chen, Liang-Chieh and Fathi, Alireza and Uijlings, Jasper},
  journal = {IJCV},
  year    = {2019}
}

@article{j19-prd-Coughlin-gwc,
  title     = {Classifying the unknown: Discovering novel gravitational-wave detector glitches using similarity learning},
  author    = {Coughlin, S and Bahaadini, S and Rohani, N and Zevin, M and Patane, O and Harandi, M and Jackson, C and Noroozi, V and Allen, S and Areeda, J and others},
  journal   = {Physical Review D},
  volume    = {99},
  number    = {8},
  pages     = {082002},
  year      = {2019},
  publisher = {APS}
}

@article{j19-prd-Gebhard-gw,
  title     = {Convolutional neural networks: A magic bullet for gravitational-wave detection?},
  author    = {Gebhard, Timothy D and Kilbertus, Niki and Harry, Ian and Sch{\"o}lkopf, Bernhard},
  journal   = {Physical Review D},
  volume    = {100},
  number    = {6},
  pages     = {063015},
  year      = {2019},
  publisher = {APS}
}

@article{j19-reports-Sagheer-lstm,
  title     = {Unsupervised pre-training of a Deep LStM-based Stacked Autoencoder for Multivariate time Series forecasting problems},
  author    = {Sagheer, Alaa and Kotb, Mostafa},
  journal   = {Scientific Reports},
  volume    = {9},
  number    = {1},
  pages     = {1--16},
  year      = {2019},
  publisher = {Nature Publishing Group}
}

@article{j19-sigrec-Palpanas-report,
  title   = {Report on the first and second interdisciplinary time series analysis workshop ({ITISA})},
  author  = {Palpanas, Themis and Beckmann, Volker},
  journal = {SIGMOD Record},
  year    = {2019}
}

@article{j19-taslp-Chorowski-speech,
  title     = {Unsupervised speech representation learning using wavenet autoencoders},
  author    = {Chorowski, Jan and Weiss, Ron J and Bengio, Samy and van den Oord, A{\"a}ron},
  journal   = {IEEE/ACM transactions on audio, speech, and language processing},
  volume    = {27},
  number    = {12},
  pages     = {2041--2053},
  year      = {2019},
  publisher = {IEEE}
}

@misc{j20-arxiv-Hassan-deep,
  title         = {Deep learning for time series classification},
  author        = {Hassan Ismail Fawaz},
  year          = {2020},
  eprint        = {2010.00567},
  archiveprefix = {arXiv},
  primaryclass  = {cs.LG}
}

@article{j20-arxiv-Siddique-heterogeneous-autoencoders,
  title   = {Deep Heterogeneous Autoencoder for Subspace Clustering of Sequential Data},
  author  = {Siddique, Abubakar and Mozhdehi, Reza Jalil and Medeiros, Henry},
  journal = {arXiv preprint arXiv:2007.07175},
  year    = {2020}
}

@article{j20-dmkd-Tan-fastee,
  title     = {FastEE: Fast Ensembles of Elastic Distances for time series classification},
  author    = {Tan, Chang Wei and Petitjean, Fran{\c{c}}ois and Webb, Geoffrey I},
  journal   = {Data Mining and Knowledge Discovery},
  volume    = {34},
  number    = {1},
  pages     = {231--272},
  year      = {2020},
  publisher = {Springer}
}

@article{j20-kais-Levchenko-bestneighbor,
  title   = {BestNeighbor: Efficient Evaluation of kNN Queries on Large Time Series Databases},
  author  = {Levchenko, Oleksandra and Kolev, Boyan and Yagoubi, Djamel Edine and Akbarinia, Reza and Masseglia, Florent and Palpanas, Themis and Shasha, Dennis and Valduriez, Patrick},
  journal = {KAIS},
  year    = {2020}
}

@article{j20-Peng-tkde-paris+,
  title   = {Paris+: data series indexing on multi-core architectures},
  author  = {Peng, Botao and Fatourou, Panagiota and Palpanas, Themis},
  journal = {{TKDE}},
  year    = {2020}
}

@article{j20-pieee-Zhuang-transfer-learning-survey,
  title     = {A comprehensive survey on transfer learning},
  author    = {Zhuang, Fuzhen and Qi, Zhiyuan and Duan, Keyu and Xi, Dongbo and Zhu, Yongchun and Zhu, Hengshu and Xiong, Hui and He, Qing},
  journal   = {Proceedings of the IEEE},
  year      = {2020},
  publisher = {IEEE}
}

@article{j65-math-Cooley-idft,
  title     = {An algorithm for the machine calculation of complex Fourier series},
  author    = {Cooley, James W and Tukey, John W},
  journal   = {Mathematics of computation},
  volume    = {19},
  number    = {90},
  pages     = {297--301},
  year      = {1965},
  publisher = {JSTOR}
}

@article{j66-ibm-Morton-zorder,
  title     = {A computer oriented geodetic data base and a new technique in file sequencing},
  author    = {Morton, Guy M},
  year      = {1966},
  publisher = {International Business Machines Company New York}
}

@article{j85-stats-Cambanis-sampling,
  title     = {13 Sampling designs for time series},
  author    = {Cambanis, Stamatis},
  journal   = {Handbook of Statistics},
  volume    = {5},
  pages     = {337--362},
  year      = {1985},
  publisher = {Elsevier}
}

@article{j87-cils-Wold-pca,
  title   = {Principal component analysis},
  author  = {Wold, Svante and Esbensen, Kim and Geladi, Paul},
  journal = {Chemometrics and intelligent laboratory systems},
  year    = {1987}
}


@article{j92-as-Altman-knn,
  title     = {An introduction to kernel and nearest-neighbor nonparametric regression},
  author    = {Altman, Naomi S},
  journal   = {The American Statistician},
  volume    = {46},
  number    = {3},
  pages     = {175--185},
  year      = {1992},
  publisher = {Taylor \& Francis Group}
}

@article{j98-Bayer-ub,
  title  = {The UB-tree: Performance of multidimensional range queries},
  author = {Bayer, Rudolf and Markl, Volker},
  year   = {1998}
}

@article{j98-nc-Scholkopf-kpca,
  title   = {Nonlinear component analysis as a kernel eigenvalue problem},
  author  = {Sch{\"o}lkopf, Bernhard and Smola, Alexander and M{\"u}ller, Klaus-Robert},
  journal = {Neural computation},
  year    = {1998}
}

@article{j98-sigmodrecord-Ravi-svd,
  title     = {Dimensionality reduction for similarity searching in dynamic databases},
  author    = {Ravi Kanth, KV and Agrawal, Divyakant and Singh, Ambuj},
  journal   = {ACM SIGMOD Record},
  volume    = {27},
  number    = {2},
  pages     = {166--176},
  year      = {1998},
  publisher = {ACM New York, NY, USA}
}

@article{messijournal,
  title   = {Fast Data Series Indexing for In-Memory Data},
  author  = {Peng, Botao and Fatourou, Panagiota and Palpanas, Themis},
  journal = {VLDBJ},
  year    = {2021}
}

@article{normajournal,
  author  = {Paul Boniol and Michele Linardi and Federico Roncallo and 
             Themis Palpanas and Mohammed Meftah and Emmanuel Remy},
  title   = {{Unsupervised and Scalable Subsequence Anomaly Detectionin Large Data Series}},
  journal = {{VLDBJ}},
  volume  = {},
  number  = {},
  year    = {2021}
}

@article{pros,
  author  = {Anna Gogolou and
             Theophanis Tsandilas and
             Karima Echihabi and
             Anastasia Bezerianos and
             Themis Palpanas},
  title   = {ProS: Data Series Progressive k-NN Similarity Search and Classification with Probabilistic Quality Guarantees},
  journal = {{VLDBJ}},
  year    = {2022}
}

@article{sand,
  author  = {Paul Boniol and John Paparrizos and 
             Themis Palpanas and Michael J. Franklin},
  title   = {{SAND: Streaming Subsequence Anomaly Detection}},
  journal = {{PVLDB}},
  volume  = {},
  number  = {},
  year    = {2021}
}

@inproceedings{SC:kang2021case,
  title     = {The case for ml-enhanced high-dimensional indexes},
  author    = {Kang, Rong and Wu, Wentao and Wang, Chen and Zhang, Ce and Wang, Jianmin},
  booktitle = {{AIDB@VLDB}},
  year      = {2021}
}

@article{SC:trabant2012data,
  title   = {Data products at the IRIS DMC: Stepping stones for research and other applications},
  author  = {Trabant, Chad and Hutko, Alexander R and Bahavar, Manochehr and Karstens, Richard and Ahern, Timothy and Aster, Richard},
  journal = {Seismological Research Letters},
  volume  = {83},
  number  = {5},
  pages   = {846--854},
  year    = {2012}
}

@article{SC:wei2018structural,
  title   = {Structural and functional brain scans from the cross-sectional Southwest University adult lifespan dataset},
  author  = {Wei, Dongtao and Zhuang, Kaixiang and Ai, Lei and Chen, Qunlin and Yang, Wenjing and Liu, Wei and Wang, Kangcheng and Sun, Jiangzhou and Qiu, Jiang},
  journal = {Scientific data},
  volume  = {5},
  number  = {1},
  pages   = {1--10},
  year    = {2018}
}

@online{SEAnet-code-anon,
  author = {Anonymous Author(s)},
  title  = {SEAnet Codebase},
  url    = {https://bit.ly/seanet-code},
  year   = {2021}
}

@online{SEAnet-codebase,
  author       = {Wang, Qitong and Palpanas, Themis},
  title        = {SEAnet Codebase},
  howpublished = {\url{https://helios.mi.parisdescartes.fr/~themisp/seanet/}},
  year         = {2021}
}

@online{SEAnet-data-anon,
  author = {Anonymous Author(s)},
  title  = {SEAnet Datasets},
  url    = {https://bit.ly/seanet-data},
  year   = {2021}
}

@online{SEAnet-homepage,
  author       = {Wang, Qitong and Palpanas, Themis},
  title        = {{SEAnet} homepage},
  howpublished = {\url{https://helios.mi.parisdescartes.fr/~themisp/seanet/}},
  year         = {2021}
}

@online{SEAnet-homepage-official,
  author = {Wang, Qitong and Palpanas, Themis},
  title  = {{SEAnet} homepage},
  url    = {https://helios.mi.parisdescartes.fr/~themisp/seanet/},
  year   = {2021}
}

@article{series2graph,
  author  = {Paul Boniol and
             Themis Palpanas},
  title   = {{Series2Graph: Graph-based Subsequence Anomaly Detection for Time Series}},
  journal = {{PVLDB}},
  year    = {2020}
}

@article{steffen1990simple,
  title   = {A simple method for monotonic interpolation in one dimension},
  author  = {Steffen, Matthias},
  journal = {Astronomy and Astrophysics},
  volume  = {239},
  pages   = {443},
  year    = {1990}
}

@article{tsindex,
  author  = {Georgios Chatzigeorgakidis and Dimitrios Skoutas and Kostas Patroumpas and Themis Palpanas and Spiros Athanasiou and Spiros Skiadopoulos},
  title   = {{Efficient Range and kNN Twin Subsequence Search in Time Series}},
  journal = {TKDE},
  year    = {2022}
}

@online{UCRArchive2018,
  author       = {Dau, Hoang Anhand Keogh, Eamonn and Kamgar, Kaveh and Yeh, Chin-Chia Michael and Zhu, Yan 
                  and Gharghabi, Shaghayegh and Ratanamahatana, Chotirat Ann and Yanping and Hu, Bing 
                  and Begum, Nurjahan and Bagnall, Anthony and Mueen, Abdullah and Batista, Gustavo and Hexagon-ML},
  title        = {The UCR Time Series Classification Archive},
  howpublished = {\url{https://www.cs.ucr.edu/~eamonn/time_series_data_2018/}},
  year         = {2018}
}

@inproceedings{vldbhighdtutorial,
  author    = {Karima Echihabi and
               Kostas Zoumpatianos and
               Themis Palpanas},
  title     = {{New Trends in High-D Vector Similarity Search: AI-driven, Progressive, and Distributed}},
  booktitle = {{PVLDB}},
  year      = {2021}
}

@misc{web/leafi,
  author       = {Anonymous Author(s)},
  title        = {{LeaFi} Codebase},
  year         = {2024},
  howpublished = {\url{https://github.com/dvpu2tg/leafi}},
  note         = {[Online; accessed 17-April-2024]}
}

@misc{web/nvidia/cuda,
  author       = {{NVIDIA Corporation and Affiliates}},
  title        = {{CUDA} Toolkit Documentation},
  year         = {2023},
  howpublished = {\url{https://docs.nvidia.com/cuda/}},
  note         = {[Online; accessed 29-July-2023]}
}

@misc{web/nvidia/nvml,
  author       = {{NVIDIA Corporation and Affiliates}},
  title        = {{NVIDIA} Management Library ({NVML})},
  year         = {2023},
  howpublished = {\url{https://developer.nvidia.com/nvidia-management-library-nvml}},
  note         = {[Online; accessed 3-July-2023]}
}
