@inproceedings{Tang2023Enhancing,
author = {Tang, Yinzhou and Wang, Huandong and Li, Yong},
title = {Enhancing Spatial Spread Prediction of Infectious Diseases through Integrating Multi-scale Human Mobility Dynamics},
year = {2023},
isbn = {9798400701689},
publisher = {Association for Computing Machinery},
address = {New York, NY, USA},
url = {https://doi.org/10.1145/3589132.3625586},
doi = {10.1145/3589132.3625586},
booktitle = {Proceedings of the 31st ACM International Conference on Advances in Geographic Information Systems},
articleno = {43},
numpages = {12},
keywords = {human mobility, epidemic spreading, graph neural network, multi-scale},
location = {<conf-loc>, <city>Hamburg</city>, <country>Germany</country>, </conf-loc>},
series = {SIGSPATIAL '23}
}

@inproceedings{dong2019multiple,
  title={Multiple rumor source detection with graph convolutional networks},
  author={Dong, Ming and Zheng, Bolong and Quoc Viet Hung, Nguyen and Su, Han and Li, Guohui},
  booktitle={Proceedings of the 28th ACM international conference on information and knowledge management},
  pages={569--578},
  year={2019}
}

@article{ho2020denoising,
  title={Denoising diffusion probabilistic models},
  author={Ho, Jonathan and Jain, Ajay and Abbeel, Pieter},
  journal={Advances in neural information processing systems},
  volume={33},
  pages={6840--6851},
  year={2020}
}

@inproceedings{hou2024new,
  title={New Localization Frameworks: User-centric Approaches to Source Localization in Real-world Propagation Scenarios},
  author={Hou, Dongpeng and Wang, Yuchen and Gao, Chao and Li, Xianghua and Wang, Zhen},
  booktitle={Proceedings of the 33rd ACM International Conference on Information and Knowledge Management},
  pages={839--848},
  year={2024}
}

@inproceedings{huang2023two,
  title={Two-stage denoising diffusion model for source localization in graph inverse problems},
  author={Huang, Bosong and Yu, Weihao and Xie, Ruzhong and Xiao, Jing and Huang, Jin},
  booktitle={Joint European Conference on Machine Learning and Knowledge Discovery in Databases},
  pages={325--340},
  year={2023},
  organization={Springer}
}

@article{keeling2005networks,
  title={Networks and epidemic models},
  author={Keeling, Matt J and Eames, Ken TD},
  journal={Journal of the royal society interface},
  volume={2},
  number={4},
  pages={295--307},
  year={2005},
  publisher={The Royal Society London}
}

@inproceedings{kempe2003maximizing,
  title={Maximizing the spread of influence through a social network},
  author={Kempe, David and Kleinberg, Jon and Tardos, {\'E}va},
  booktitle={Proceedings of the ninth ACM SIGKDD international conference on Knowledge discovery and data mining},
  pages={137--146},
  year={2003}
}

@article{kermack1927contribution,
  title={A contribution to the mathematical theory of epidemics},
  author={Kermack, William Ogilvy and McKendrick, Anderson G},
  journal={Proceedings of the royal society of london. Series A, Containing papers of a mathematical and physical character},
  volume={115},
  number={772},
  pages={700--721},
  year={1927},
  publisher={The Royal Society London}
}

@article{kipf2016semi,
  title={Semi-supervised classification with graph convolutional networks},
  author={Kipf, Thomas N and Welling, Max},
  journal={arXiv preprint arXiv:1609.02907},
  year={2016}
}

@inproceedings{lappas2010finding,
  title={Finding effectors in social networks},
  author={Lappas, Theodoros and Terzi, Evimaria and Gunopulos, Dimitrios and Mannila, Heikki},
  booktitle={Proceedings of the 16th ACM SIGKDD international conference on Knowledge discovery and data mining},
  pages={1059--1068},
  year={2010}
}

@inproceedings{ling2022source,
  title={Source localization of graph diffusion via variational autoencoders for graph inverse problems},
  author={Ling, Chen and Jiang, Junji and Wang, Junxiang and Liang, Zhao},
  booktitle={Proceedings of the 28th ACM SIGKDD conference on knowledge discovery and data mining},
  pages={1010--1020},
  year={2022}
}

@article{luo2013identifying,
  title={Identifying infection sources and regions in large networks},
  author={Luo, Wuqiong and Tay, Wee Peng and Leng, Mei},
  journal={IEEE Transactions on Signal Processing},
  volume={61},
  number={11},
  pages={2850--2865},
  year={2013},
  publisher={IEEE}
}

@article{shah2011rumors,
  title={Rumors in a network: Who's the culprit?},
  author={Shah, Devavrat and Zaman, Tauhid},
  journal={IEEE Transactions on information theory},
  volume={57},
  number={8},
  pages={5163--5181},
  year={2011},
  publisher={IEEE}
}

@article{shelke2019source,
  title={Source detection of rumor in social network--a review},
  author={Shelke, Sushila and Attar, Vahida},
  journal={Online Social Networks and Media},
  volume={9},
  pages={30--42},
  year={2019},
  publisher={Elsevier}
}

@inproceedings{wang2017multiple,
  title={Multiple source detection without knowing the underlying propagation model},
  author={Wang, Zheng and Wang, Chaokun and Pei, Jisheng and Ye, Xiaojun},
  booktitle={Proceedings of the AAAI Conference on Artificial Intelligence},
  volume={31},
  number={1},
  year={2017}
}

@inproceedings{wang2018multi,
  title={Multi-instance domain adaptation for vaccine adverse event detection},
  author={Wang, Junxiang and Zhao, Liang},
  booktitle={Proceedings of the 2018 World Wide Web Conference},
  pages={97--106},
  year={2018}
}

@inproceedings{wang2022invertible,
  title={An invertible graph diffusion neural network for source localization},
  author={Wang, Junxiang and Jiang, Junji and Zhao, Liang},
  booktitle={Proceedings of the ACM Web Conference 2022},
  pages={1058--1069},
  year={2022}
}

@inproceedings{wang2024joint,
  title     = {Joint Source Localization in Different Platforms via Implicit Propagation Characteristics of Similar Topics},
  author    = {Wang, Zhen and Hou, Dongpeng and Yin, Shu and Gao, Chao and Li, Xianghua},
  booktitle = {Proceedings of the Thirty-Third International Joint Conference on
               Artificial Intelligence, {IJCAI-24}},
  publisher = {International Joint Conferences on Artificial Intelligence Organization},
  editor    = {Kate Larson},
  pages     = {2424--2432},
  year      = {2024},
  month     = {8},
  note      = {Main Track},
  doi       = {10.24963/ijcai.2024/268},
  url       = {https://doi.org/10.24963/ijcai.2024/268},
}

@article{xu2024pgsl,
  title={PGSL: A probabilistic graph diffusion model for source localization},
  author={Xu, Xovee and Qian, Tangjiang and Xiao, Zhe and Zhang, Ni and Wu, Jin and Zhou, Fan},
  journal={Expert Systems with Applications},
  volume={238},
  pages={122028},
  year={2024},
  publisher={Elsevier}
}

@article{yan2024diffusion,
  title={Diffusion model for graph inverse problems: Towards effective source localization on complex networks},
  author={Yan, Xin and Fang, Hui and He, Qiang},
  journal={Advances in Neural Information Processing Systems},
  volume={36},
  year={2024}
}

@article{zhao2021event,
  title={Event prediction in the big data era: A systematic survey},
  author={Zhao, Liang},
  journal={ACM Computing Surveys (CSUR)},
  volume={54},
  number={5},
  pages={1--37},
  year={2021},
  publisher={ACM New York, NY, USA}
}

@article{zhu2014information,
  title={Information source detection in the SIR model: A sample-path-based approach},
  author={Zhu, Kai and Ying, Lei},
  journal={IEEE/ACM Transactions on Networking},
  volume={24},
  number={1},
  pages={408--421},
  year={2014},
  publisher={IEEE}
}

@article{zhu2014robust,
  title={A robust information source estimator with sparse observations},
  author={Zhu, Kai and Ying, Lei},
  journal={Computational Social Networks},
  volume={1},
  number={1},
  pages={1--21},
  year={2014},
  publisher={SpringerOpen}
}

