

@inproceedings{Hagerup1993,
title        = {Maintaining Discrete Probability Distributions Optimally},
author       = {Hagerup, Torben and Mehlhorn, Kurt and Munro, J. Ian},
booktitle    = {Proceedings of the 20th International Colloquium on Automata, Languages and Programming},
series       = {Lecture Notes in Computer Science},
volume       = {700},
pages        = {253--264},
year         = {1993},
publisher    = {Springer-Verlag},
address      = {Berlin},
}



=============================

@article{zhao2021event,
  title={Event prediction in the big data era: A systematic survey},
  author={Zhao, Liang},
  journal={ACM Computing Surveys (CSUR)},
  volume={54},
  number={5},
  pages={1--37},
  year={2021},
  publisher={ACM New York, NY, USA}
}

@inproceedings{wang2018multi,
  title={Multi-instance domain adaptation for vaccine adverse event detection},
  author={Wang, Junxiang and Zhao, Liang},
  booktitle={Proceedings of the 2018 World Wide Web Conference},
  pages={97--106},
  year={2018}
}

@inproceedings{Tang2023Enhancing,
author = {Tang, Yinzhou and Wang, Huandong and Li, Yong},
title = {Enhancing Spatial Spread Prediction of Infectious Diseases through Integrating Multi-scale Human Mobility Dynamics},
year = {2023},
isbn = {9798400701689},
publisher = {Association for Computing Machinery},
address = {New York, NY, USA},
url = {https://doi.org/10.1145/3589132.3625586},
doi = {10.1145/3589132.3625586},
booktitle = {Proceedings of the 31st ACM International Conference on Advances in Geographic Information Systems},
articleno = {43},
numpages = {12},
keywords = {human mobility, epidemic spreading, graph neural network, multi-scale},
location = {<conf-loc>, <city>Hamburg</city>, <country>Germany</country>, </conf-loc>},
series = {SIGSPATIAL '23}
}

@article{shelke2019source,
  title={Source detection of rumor in social network--a review},
  author={Shelke, Sushila and Attar, Vahida},
  journal={Online Social Networks and Media},
  volume={9},
  pages={30--42},
  year={2019},
  publisher={Elsevier}
}

@article{shah2011rumors,
  title={Rumors in a network: Who's the culprit?},
  author={Shah, Devavrat and Zaman, Tauhid},
  journal={IEEE Transactions on information theory},
  volume={57},
  number={8},
  pages={5163--5181},
  year={2011},
  publisher={IEEE}
}

@article{donoho1995noising,
  title={De-noising by soft-thresholding},
  author={Donoho, David L},
  journal={IEEE transactions on information theory},
  volume={41},
  number={3},
  pages={613--627},
  year={1995},
  publisher={IEEE}
}

@article{xu2010image,
  title={Image inpainting by patch propagation using patch sparsity},
  author={Xu, Zongben and Sun, Jian},
  journal={IEEE transactions on image processing},
  volume={19},
  number={5},
  pages={1153--1165},
  year={2010},
  publisher={IEEE}
}

@inproceedings{lugmayr2022repaint,
  title={Repaint: Inpainting using denoising diffusion probabilistic models},
  author={Lugmayr, Andreas and Danelljan, Martin and Romero, Andres and Yu, Fisher and Timofte, Radu and Van Gool, Luc},
  booktitle={Proceedings of the IEEE/CVF Conference on Computer Vision and Pattern Recognition},
  pages={11461--11471},
  year={2022}
}

@inproceedings{peng2021generating,
  title={Generating diverse structure for image inpainting with hierarchical VQ-VAE},
  author={Peng, Jialun and Liu, Dong and Xu, Songcen and Li, Houqiang},
  booktitle={Proceedings of the IEEE/CVF Conference on Computer Vision and Pattern Recognition},
  pages={10775--10784},
  year={2021}
}

@inproceedings{ledig2017photo,
  title={Photo-realistic single image super-resolution using a generative adversarial network},
  author={Ledig, Christian and Theis, Lucas and Husz{\'a}r, Ferenc and Caballero, Jose and Cunningham, Andrew and Acosta, Alejandro and Aitken, Andrew and Tejani, Alykhan and Totz, Johannes and Wang, Zehan and others},
  booktitle={Proceedings of the IEEE conference on computer vision and pattern recognition},
  pages={4681--4690},
  year={2017}
}

@inproceedings{yu2018generative,
  title={Generative image inpainting with contextual attention},
  author={Yu, Jiahui and Lin, Zhe and Yang, Jimei and Shen, Xiaohui and Lu, Xin and Huang, Thomas S},
  booktitle={Proceedings of the IEEE conference on computer vision and pattern recognition},
  pages={5505--5514},
  year={2018}
}

@article{han2022card,
  title={Card: Classification and regression diffusion models},
  author={Han, Xizewen and Zheng, Huangjie and Zhou, Mingyuan},
  journal={Advances in Neural Information Processing Systems},
  volume={35},
  pages={18100--18115},
  year={2022}
}

@article{dhariwal2021diffusion,
  title={Diffusion models beat gans on image synthesis},
  author={Dhariwal, Prafulla and Nichol, Alexander},
  journal={Advances in neural information processing systems},
  volume={34},
  pages={8780--8794},
  year={2021}
}

@article{ho2022classifier,
  title={Classifier-free diffusion guidance},
  author={Ho, Jonathan and Salimans, Tim},
  journal={arXiv preprint arXiv:2207.12598},
  year={2022}
}

@article{keeling2005networks,
  title={Networks and epidemic models},
  author={Keeling, Matt J and Eames, Ken TD},
  journal={Journal of the royal society interface},
  volume={2},
  number={4},
  pages={295--307},
  year={2005},
  publisher={The Royal Society London}
}

@inproceedings{kempe2003maximizing,
  title={Maximizing the spread of influence through a social network},
  author={Kempe, David and Kleinberg, Jon and Tardos, {\'E}va},
  booktitle={Proceedings of the ninth ACM SIGKDD international conference on Knowledge discovery and data mining},
  pages={137--146},
  year={2003}
}

@inproceedings{lappas2010finding,
  title={Finding effectors in social networks},
  author={Lappas, Theodoros and Terzi, Evimaria and Gunopulos, Dimitrios and Mannila, Heikki},
  booktitle={Proceedings of the 16th ACM SIGKDD international conference on Knowledge discovery and data mining},
  pages={1059--1068},
  year={2010}
}

@article{luo2013identifying,
  title={Identifying infection sources and regions in large networks},
  author={Luo, Wuqiong and Tay, Wee Peng and Leng, Mei},
  journal={IEEE Transactions on Signal Processing},
  volume={61},
  number={11},
  pages={2850--2865},
  year={2013},
  publisher={IEEE}
}

@inproceedings{wang2017multiple,
  title={Multiple source detection without knowing the underlying propagation model},
  author={Wang, Zheng and Wang, Chaokun and Pei, Jisheng and Ye, Xiaojun},
  booktitle={Proceedings of the AAAI Conference on Artificial Intelligence},
  volume={31},
  number={1},
  year={2017}
}

@inproceedings{dong2019multiple,
  title={Multiple rumor source detection with graph convolutional networks},
  author={Dong, Ming and Zheng, Bolong and Quoc Viet Hung, Nguyen and Su, Han and Li, Guohui},
  booktitle={Proceedings of the 28th ACM international conference on information and knowledge management},
  pages={569--578},
  year={2019}
}

@inproceedings{wang2022invertible,
  title={An invertible graph diffusion neural network for source localization},
  author={Wang, Junxiang and Jiang, Junji and Zhao, Liang},
  booktitle={Proceedings of the ACM Web Conference 2022},
  pages={1058--1069},
  year={2022}
}

@inproceedings{ling2022source,
  title={Source localization of graph diffusion via variational autoencoders for graph inverse problems},
  author={Ling, Chen and Jiang, Junji and Wang, Junxiang and Liang, Zhao},
  booktitle={Proceedings of the 28th ACM SIGKDD conference on knowledge discovery and data mining},
  pages={1010--1020},
  year={2022}
}

@article{yan2024diffusion,
  title={Diffusion model for graph inverse problems: Towards effective source localization on complex networks},
  author={Yan, Xin and Fang, Hui and He, Qiang},
  journal={Advances in Neural Information Processing Systems},
  volume={36},
  year={2024}
}

@article{goodfellow2014generative,
  title={Generative adversarial nets},
  author={Goodfellow, Ian and Pouget-Abadie, Jean and Mirza, Mehdi and Xu, Bing and Warde-Farley, David and Ozair, Sherjil and Courville, Aaron and Bengio, Yoshua},
  journal={Advances in neural information processing systems},
  volume={27},
  year={2014}
}

@article{kingma2013auto,
  title={Auto-encoding variational bayes},
  author={Kingma, Diederik P and Welling, Max},
  journal={arXiv preprint arXiv:1312.6114},
  year={2013}
}

@article{ho2020denoising,
  title={Denoising diffusion probabilistic models},
  author={Ho, Jonathan and Jain, Ajay and Abbeel, Pieter},
  journal={Advances in neural information processing systems},
  volume={33},
  pages={6840--6851},
  year={2020}
}

@article{kipf2016semi,
  title={Semi-supervised classification with graph convolutional networks},
  author={Kipf, Thomas N and Welling, Max},
  journal={arXiv preprint arXiv:1609.02907},
  year={2016}
}

@article{zhu2014information,
  title={Information source detection in the SIR model: A sample-path-based approach},
  author={Zhu, Kai and Ying, Lei},
  journal={IEEE/ACM Transactions on Networking},
  volume={24},
  number={1},
  pages={408--421},
  year={2014},
  publisher={IEEE}
}
@article{zhu2014robust,
  title={A robust information source estimator with sparse observations},
  author={Zhu, Kai and Ying, Lei},
  journal={Computational Social Networks},
  volume={1},
  number={1},
  pages={1--21},
  year={2014},
  publisher={SpringerOpen}
}

@article{kermack1927contribution,
  title={A contribution to the mathematical theory of epidemics},
  author={Kermack, William Ogilvy and McKendrick, Anderson G},
  journal={Proceedings of the royal society of london. Series A, Containing papers of a mathematical and physical character},
  volume={115},
  number={772},
  pages={700--721},
  year={1927},
  publisher={The Royal Society London}
}

@inproceedings{prakash2012spotting,
  title={Spotting culprits in epidemics: How many and which ones?},
  author={Prakash, B Aditya and Vreeken, Jilles and Faloutsos, Christos},
  booktitle={2012 IEEE 12th international conference on data mining},
  pages={11--20},
  year={2012},
  organization={IEEE}
}

@article{he2019lagging,
  title={Lagging inference networks and posterior collapse in variational autoencoders},
  author={He, Junxian and Spokoyny, Daniel and Neubig, Graham and Berg-Kirkpatrick, Taylor},
  journal={arXiv preprint arXiv:1901.05534},
  year={2019}
}

@article{ali2020revisit,
  title={A revisit to the infection source identification problem under classical graph centrality measures},
  author={Ali, Syed Shafat and Anwar, Tarique and Rizvi, Syed Afzal Murtaza},
  journal={Online Social Networks and Media},
  volume={17},
  pages={100061},
  year={2020},
  publisher={Elsevier}
}

@inproceedings{shah2012rumor,
  title={Rumor centrality: a universal source detector},
  author={Shah, Devavrat and Zaman, Tauhid},
  booktitle={Proceedings of the 12th ACM SIGMETRICS/PERFORMANCE joint international conference on Measurement and Modeling of Computer Systems},
  pages={199--210},
  year={2012}
}

@article{huang2023normalization,
  title={Normalization techniques in training dnns: Methodology, analysis and application},
  author={Huang, Lei and Qin, Jie and Zhou, Yi and Zhu, Fan and Liu, Li and Shao, Ling},
  journal={IEEE Transactions on Pattern Analysis and Machine Intelligence},
  year={2023},
  publisher={IEEE}
}

@article{vaswani2017attention,
  title={Attention is all you need},
  author={Vaswani, Ashish and Shazeer, Noam and Parmar, Niki and Uszkoreit, Jakob and Jones, Llion and Gomez, Aidan N and Kaiser, {\L}ukasz and Polosukhin, Illia},
  journal={Advances in neural information processing systems},
  volume={30},
  year={2017}
}

@inproceedings{gilmer2017neural,
  title={Neural message passing for quantum chemistry},
  author={Gilmer, Justin and Schoenholz, Samuel S and Riley, Patrick F and Vinyals, Oriol and Dahl, George E},
  booktitle={International conference on machine learning},
  pages={1263--1272},
  year={2017},
  organization={PMLR}
}

@article{milgram1967small,
  title={The small world problem},
  author={Milgram, Stanley},
  journal={Psychology today},
  volume={2},
  number={1},
  pages={60--67},
  year={1967},
  publisher={New York}
}

@article{amin2007preventing,
  title={Preventing blackouts},
  author={Amin, Massoud and Schewe, Phillip F},
  journal={Scientific American},
  volume={296},
  number={5},
  pages={60--67},
  year={2007},
  publisher={JSTOR}
}

@inproceedings{kephart1993measuring,
  title={Measuring and modeling computer virus prevalence},
  author={Kephart, Jeffrey O and White, Steve R},
  booktitle={Proceedings 1993 IEEE Computer Society Symposium on Research in Security and Privacy},
  pages={2--15},
  year={1993},
  organization={IEEE}
}

@article{jiang2016identifying,
  title={Identifying propagation sources in networks: State-of-the-art and comparative studies},
  author={Jiang, Jiaojiao and Wen, Sheng and Yu, Shui and Xiang, Yang and Zhou, Wanlei},
  journal={IEEE Communications Surveys \& Tutorials},
  volume={19},
  number={1},
  pages={465--481},
  year={2016},
  publisher={IEEE}
}

@inproceedings{huang2023two,
  title={Two-stage denoising diffusion model for source localization in graph inverse problems},
  author={Huang, Bosong and Yu, Weihao and Xie, Ruzhong and Xiao, Jing and Huang, Jin},
  booktitle={Joint European Conference on Machine Learning and Knowledge Discovery in Databases},
  pages={325--340},
  year={2023},
  organization={Springer}
}

@article{xu2024pgsl,
  title={PGSL: A probabilistic graph diffusion model for source localization},
  author={Xu, Xovee and Qian, Tangjiang and Xiao, Zhe and Zhang, Ni and Wu, Jin and Zhou, Fan},
  journal={Expert Systems with Applications},
  volume={238},
  pages={122028},
  year={2024},
  publisher={Elsevier}
}
@article{watts1998collective,
  title={Collective dynamics of ‘small-world’networks},
  author={Watts, Duncan J and Strogatz, Steven H},
  journal={nature},
  volume={393},
  number={6684},
  pages={440--442},
  year={1998},
  publisher={Nature Publishing Group}
}
@article{barabasi1999emergence,
  title={Emergence of scaling in random networks},
  author={Barab{\'a}si, Albert-L{\'a}szl{\'o} and Albert, R{\'e}ka},
  journal={science},
  volume={286},
  number={5439},
  pages={509--512},
  year={1999},
  publisher={American Association for the Advancement of Science}
}
@article{erdds1959random,
  title={On random graphs I},
  author={ERDdS, P and R\&wi, A},
  journal={Publ. math. debrecen},
  volume={6},
  number={290-297},
  pages={18},
  year={1959}
}

@inproceedings{rossi2015network,
  title={The network data repository with interactive graph analytics and visualization},
  author={Rossi, Ryan and Ahmed, Nesreen},
  booktitle={Proceedings of the AAAI conference on artificial intelligence},
  volume={29},
  number={1},
  year={2015}
}

@article{yang2021full,
  title={Full-scale information diffusion prediction with reinforced recurrent networks},
  author={Yang, Cheng and Wang, Hao and Tang, Jian and Shi, Chuan and Sun, Maosong and Cui, Ganqu and Liu, Zhiyuan},
  journal={IEEE Transactions on Neural Networks and Learning Systems},
  volume={34},
  number={5},
  pages={2271--2283},
  year={2021},
  publisher={IEEE}
}

@inproceedings{zhu2017catch,
  title={Catch’em all: Locating multiple diffusion sources in networks with partial observations},
  author={Zhu, Kai and Chen, Zhen and Ying, Lei},
  booktitle={Proceedings of the AAAI Conference on Artificial Intelligence},
  volume={31},
  number={1},
  year={2017}
}

@article{hou2023sequential,
  title={Sequential attention source identification based on feature representation},
  author={Hou, Dongpeng and Wang, Zhen and Gao, Chao and Li, Xuelong},
  journal={IJCAI},
  year={2023}
}

@inproceedings{ru2023inferring,
  title={Inferring patient zero on temporal networks via graph neural networks},
  author={Ru, Xiaolei and Moore, Jack Murdoch and Zhang, Xin-Ya and Zeng, Yeting and Yan, Gang},
  booktitle={Proceedings of the AAAI Conference on Artificial Intelligence},
  volume={37},
  number={8},
  pages={9632--9640},
  year={2023}
}



@inproceedings{wang2023lightweight,
  title={Lightweight source localization for large-scale social networks},
  author={Wang, Zhen and Hou, Dongpeng and Gao, Chao and Li, Xiaoyu and Li, Xuelong},
  booktitle={Proceedings of the ACM Web Conference 2023},
  pages={286--294},
  year={2023}
}

@inproceedings{ling2024source,
  title={Source Localization for Cross Network Information Diffusion},
  author={Ling, Chen and Chowdhury, Tanmoy and Ji, Jie and Li, Sirui and Z{\"u}fle, Andreas and Zhao, Liang},
  booktitle={Proceedings of the 30th ACM SIGKDD Conference on Knowledge Discovery and Data Mining},
  pages={5419--5429},
  year={2024}
}

@article{song2020denoising,
  title={Denoising diffusion implicit models},
  author={Song, Jiaming and Meng, Chenlin and Ermon, Stefano},
  journal={arXiv preprint arXiv:2010.02502},
  year={2020}
}

@inproceedings{cheng2024gin,
  title={GIN-SD: source detection in graphs with incomplete nodes via positional encoding and attentive fusion},
  author={Cheng, Le and Zhu, Peican and Tang, Keke and Gao, Chao and Wang, Zhen},
  booktitle={Proceedings of the AAAI Conference on Artificial Intelligence},
  volume={38},
  number={1},
  pages={55--63},
  year={2024}
}


@inproceedings{zhang2024information,
  title={Information Diffusion Meets Invitation Mechanism},
  author={Zhang, Shiqi and Sun, Jiachen and Lin, Wenqing and Xiao, Xiaokui and Huang, Yiqian and Tang, Bo},
  booktitle={Companion Proceedings of the ACM on Web Conference 2024},
  pages={383--392},
  year={2024}
}

@inproceedings{wang2024joint,
  title     = {Joint Source Localization in Different Platforms via Implicit Propagation Characteristics of Similar Topics},
  author    = {Wang, Zhen and Hou, Dongpeng and Yin, Shu and Gao, Chao and Li, Xianghua},
  booktitle = {Proceedings of the Thirty-Third International Joint Conference on
               Artificial Intelligence, {IJCAI-24}},
  publisher = {International Joint Conferences on Artificial Intelligence Organization},
  editor    = {Kate Larson},
  pages     = {2424--2432},
  year      = {2024},
  month     = {8},
  note      = {Main Track},
  doi       = {10.24963/ijcai.2024/268},
  url       = {https://doi.org/10.24963/ijcai.2024/268},
}

@inproceedings{hou2024new,
  title={New Localization Frameworks: User-centric Approaches to Source Localization in Real-world Propagation Scenarios},
  author={Hou, Dongpeng and Wang, Yuchen and Gao, Chao and Li, Xianghua and Wang, Zhen},
  booktitle={Proceedings of the 33rd ACM International Conference on Information and Knowledge Management},
  pages={839--848},
  year={2024}
}

@misc{ding2024artificialintelligencecomplexnetwork,
      title={Artificial Intelligence for Complex Network: Potential, Methodology and Application}, 
      author={Jingtao Ding and Chang Liu and Yu Zheng and Yunke Zhang and Zihan Yu and Ruikun Li and Hongyi Chen and Jinghua Piao and Huandong Wang and Jiazhen Liu and Yong Li},
      year={2024},
      eprint={2402.16887},
      archivePrefix={arXiv},
      primaryClass={cs.SI},
      url={https://arxiv.org/abs/2402.16887}, 
}