@misc{abdulhai2023moral,
      title={Moral Foundations of Large Language Models}, 
      author={Marwa Abdulhai and Gregory Serapio-Garcia and Clément Crepy and Daria Valter and John Canny and Natasha Jaques},
      year={2023},
      eprint={2310.15337},
      archivePrefix={arXiv},
      primaryClass={cs.AI},
      url={https://arxiv.org/abs/2310.15337}, 
}

@inproceedings{ahuja2023mega,
  title={MEGA: Multilingual Evaluation of Generative AI},
  author={Ahuja, Kabir and Diddee, Harshita and Hada, Rishav and Ochieng, Millicent and Ramesh, Krithika and Jain, Prachi and Nambi, Akshay and Ganu, Tanuja and Segal, Sameer and Ahmed, Mohamed and others},
  booktitle={The 2023 Conference on Empirical Methods in Natural Language Processing},
  year = {2023}
}

@article{alper2020changes,
  title={Do changes in threat salience predict the moral content of sermons? The case of Friday Khutbas in Turkey},
  author={Alper, Sinan and Bayrak, Fatih and Us, Elif {\"O}yk{\"u} and Yilmaz, Onurcan},
  journal={European Journal of Social Psychology},
  volume={50},
  number={3},
  pages={662--672},
  year={2020},
  publisher={Wiley Online Library}
}

@article{amin2023will,
  title={Will Affective Computing Emerge From Foundation Models and General Artificial Intelligence? A First Evaluation of ChatGPT},
  author={Amin, Mostafa M and Cambria, Erik and Schuller, Bj{\"o}rn W},
  journal={IEEE Intelligent Systems},
  volume={38},
  number={2},
  pages={15--23},
  year={2023},
  publisher={IEEE}
}

@article{araque2020moralstrength,
  title={MoralStrength: Exploiting a moral lexicon and embedding similarity for moral foundations prediction},
  author={Araque, Oscar and Gatti, Lorenzo and Kalimeri, Kyriaki},
  journal={Knowledge-based systems},
  volume={191},
  pages={105184},
  year={2020},
  publisher={Elsevier}
}

@inproceedings{artetxe2020translation,
    title = "Translation Artifacts in Cross-lingual Transfer Learning",
    author = "Artetxe, Mikel  and
      Labaka, Gorka  and
      Agirre, Eneko",
    editor = "Webber, Bonnie  and
      Cohn, Trevor  and
      He, Yulan  and
      Liu, Yang",
    booktitle = "Proceedings of the 2020 Conference on Empirical Methods in Natural Language Processing (EMNLP)",
    month = nov,
    year = "2020",
    address = "Online",
    publisher = "Association for Computational Linguistics",
    url = "https://aclanthology.org/2020.emnlp-main.618",
    doi = "10.18653/v1/2020.emnlp-main.618",
    pages = "7674--7684",
}

@inproceedings{barriere2020improving,
  title={Improving Sentiment Analysis over non-English Tweets using Multilingual Transformers and Automatic Translation for Data-Augmentation},
  author={Barriere, Valentin and Balahur, Alexandra},
  booktitle={Proceedings of the 28th International Conference on Computational Linguistics},
  pages={266--271},
  year={2020}
}

@article{brady2020mad,
  title={The MAD model of moral contagion: The role of motivation, attention, and design in the spread of moralized content online},
  author={Brady, William J and Crockett, Molly J and Van Bavel, Jay J},
  journal={Perspectives on Psychological Science},
  volume={15},
  number={4},
  pages={978--1010},
  year={2020},
  publisher={Sage Publications Sage CA: Los Angeles, CA}
}

@inproceedings{carvalho2020brazilian,
  title={A brazilian portuguese moral foundations dictionary for fake news classification},
  author={Carvalho, Flavio and Okuno, Helder Yukio and Baroni, Lais and Guedes, Gustavo},
  booktitle={2020 39th International Conference of the Chilean Computer Science Society (SCCC)},
  pages={1--5},
  year={2020},
  organization={IEEE}
}

@article{cheng2023c,
  title={C-MFD 2.0: Developing a Chinese Moral Foundation Dictionary},
  author={Cheng, Calvin Yixiang and Zhang, Weiyu},
  journal={Computational Communication Research},
  volume={5},
  number={2},
  pages={1},
  year={2023},
  publisher={Amsterdam University Press Amsterdam}
}

@article{dorothy2019lost,
  title={Lost in machine translation: Contextual linguistic uncertainty},
  author={Dorothy, Dewitt and Keiko, Nitta and Vladimir, Krstic},
  journal={Bulletin of Volgograd State University. Series 2: Linguistics},
  volume={18},
  number={4},
  pages={129--144},
  year={2019},
  publisher={Russian Federal State Budgetary Educational Institution of Higher Education}
}

@misc{dubey2024llama,
      title={The Llama 3 Herd of Models}, 
      author={Meta},
      year={2024},
      eprint={2407.21783},
      archivePrefix={arXiv},
      primaryClass={cs.AI},
      url={https://arxiv.org/abs/2407.21783}, 
}

@misc{frimer2019moral,
  title={Moral foundations dictionary for linguistic analyses 2.0},
  author={Frimer, Jeremy A and Boghrati, Reihane and Haidt, Jonathan and Graham, Jesse and Dehgani, Morteza},
  howpublished= "\url{https://osf.io/ezn37/}",
  year={2019},
  note="Unpublished manuscript",
}

@article{gantman2014moral,
  title={The moral pop-out effect: Enhanced perceptual awareness of morally relevant stimuli},
  author={Gantman, Ana P and Van Bavel, Jay J},
  journal={Cognition},
  volume={132},
  number={1},
  pages={22--29},
  year={2014},
  publisher={Elsevier}
}

@article{gantman2016see,
  title={See for yourself: Perception is attuned to morality},
  author={Gantman, Ana P and Van Bavel, Jay J},
  journal={Trends in Cognitive Sciences},
  volume={20},
  number={2},
  pages={76--77},
  year={2016},
  publisher={Elsevier}
}

@article{gilardi2023chatgpt,
  title={Chatgpt outperforms crowd-workers for text-annotation tasks},
  author={Gilardi, Fabrizio and Alizadeh, Meysam and Kubli, Ma{\"e}l},
  journal={arXiv preprint arXiv:2303.15056},
  year={2023}
}

@article{graham2009liberals,
  title={Liberals and conservatives rely on different sets of moral foundations.},
  author={Graham, Jesse and Haidt, Jonathan and Nosek, Brian A},
  journal={Journal of personality and social psychology},
  volume={96},
  number={5},
  pages={1029},
  year={2009},
  publisher={American Psychological Association}
}

@article{haidt2012righteous,
  title={The righteous mind: Why good people are divided by politics and religion},
  author={Haidt, Jonathan},
  journal={Pantheon},
  year={2012}
}

@inproceedings{hammerl2022speaking,
  author={Katharina Hämmerl and Björn Deiseroth and Patrick Schramowski and Jindrich Libovický and Constantin A. Rothkopf and Alexander Fraser and Kristian Kersting},
  title={Speaking Multiple Languages Affects the Moral Bias of Language Models},
  year={2023},
  cdate={1672531200000},
  pages={2137-2156},
  url={https://doi.org/10.18653/v1/2023.findings-acl.134},
  booktitle={ACL (Findings)},
}

@inproceedings{hershcovich2022challenges,
    title = "Challenges and Strategies in Cross-Cultural {NLP}",
    author = "Hershcovich, Daniel  and
      Frank, Stella  and
      Lent, Heather  and
      de Lhoneux, Miryam  and
      Abdou, Mostafa  and
      Brandl, Stephanie  and
      Bugliarello, Emanuele  and
      Cabello Piqueras, Laura  and
      Chalkidis, Ilias  and
      Cui, Ruixiang  and
      Fierro, Constanza  and
      Margatina, Katerina  and
      Rust, Phillip  and
      S{\o}gaard, Anders",
    editor = "Muresan, Smaranda  and
      Nakov, Preslav  and
      Villavicencio, Aline",
    booktitle = "Proceedings of the 60th Annual Meeting of the Association for Computational Linguistics (Volume 1: Long Papers)",
    month = may,
    year = "2022",
    address = "Dublin, Ireland",
    publisher = "Association for Computational Linguistics",
    url = "https://aclanthology.org/2022.acl-long.482",
    doi = "10.18653/v1/2022.acl-long.482",
    pages = "6997--7013",
}

@article{hoover2020moral,
  title={Moral foundations twitter corpus: A collection of 35k tweets annotated for moral sentiment},
  author={Hoover, Joe and Portillo-Wightman, Gwenyth and Yeh, Leigh and Havaldar, Shreya and Davani, Aida Mostafazadeh and Lin, Ying and Kennedy, Brendan and Atari, Mohammad and Kamel, Zahra and Mendlen, Madelyn and others},
  journal={Social Psychological and Personality Science},
  volume={11},
  number={8},
  pages={1057--1071},
  year={2020},
  publisher={Sage Publications Sage CA: Los Angeles, CA}
}

@article{hopp2021extended,
  title={The extended Moral Foundations Dictionary (eMFD): Development and applications of a crowd-sourced approach to extracting moral intuitions from text},
  author={Hopp, Frederic R and Fisher, Jacob T and Cornell, Devin and Huskey, Richard and Weber, Ren{\'e}},
  journal={Behavior research methods},
  volume={53},
  pages={232--246},
  year={2021},
  publisher={Springer}
}

@misc{ji2024moralbench,
      title={MoralBench: Moral Evaluation of LLMs}, 
      author={Jianchao Ji and Yutong Chen and Mingyu Jin and Wujiang Xu and Wenyue Hua and Yongfeng Zhang},
      year={2024},
      eprint={2406.04428},
      archivePrefix={arXiv},
      primaryClass={cs.CL},
      url={https://arxiv.org/abs/2406.04428}, 
}

@article{jing2021characterizing,
  title={Characterizing partisan political narrative frameworks about COVID-19 on Twitter},
  author={Jing, Elise and Ahn, Yong-Yeol},
  journal={EPJ data science},
  volume={10},
  number={1},
  pages={53},
  year={2021},
  publisher={Springer Berlin Heidelberg}
}

@article{johnson2017google,
  title={Google’s multilingual neural machine translation system: Enabling zero-shot translation},
  author={Johnson, Melvin and Schuster, Mike and Le, Quoc V and Krikun, Maxim and Wu, Yonghui and Chen, Zhifeng and Thorat, Nikhil and Vi{\'e}gas, Fernanda and Wattenberg, Martin and Corrado, Greg and others},
  journal={Transactions of the Association for Computational Linguistics},
  volume={5},
  pages={339--351},
  year={2017},
  publisher={MIT Press One Rogers Street, Cambridge, MA 02142-1209, USA journals-info~…}
}

@misc{kirk2024PRISM,
      title={The PRISM Alignment Project: What Participatory, Representative and Individualised Human Feedback Reveals About the Subjective and Multicultural Alignment of Large Language Models}, 
      author={Hannah Rose Kirk and Alexander Whitefield and Paul Röttger and Andrew Bean and Katerina Margatina and Juan Ciro and Rafael Mosquera and Max Bartolo and Adina Williams and He He and Bertie Vidgen and Scott A. Hale},
      year={2024},
      eprint={2404.16019},
      archivePrefix={arXiv},
      primaryClass={cs.CL},
      url={https://arxiv.org/abs/2404.16019}, 
}

@article{kwak2021frameaxis,
  title={FrameAxis: characterizing microframe bias and intensity with word embedding},
  author={Kwak, Haewoon and An, Jisun and Jing, Elise and Ahn, Yong-Yeol},
  journal={PeerJ Computer Science},
  volume={7},
  pages={e644},
  year={2021},
  publisher={PeerJ Inc.}
}

@article{lan2022text,
  title={Text-and author-dependent moral foundations classification},
  author={Lan, Alex Gwo Jen and Paraboni, Ivandr{\'e}},
  journal={New Review of Hypermedia and Multimedia},
  volume={28},
  number={1-2},
  pages={18--38},
  year={2022},
  publisher={Taylor \& Francis}
}

@misc{li2024quantifying,
      title={Quantifying Multilingual Performance of Large Language Models Across Languages}, 
      author={Zihao Li and Yucheng Shi and Zirui Liu and Fan Yang and Ali Payani and Ninghao Liu and Mengnan Du},
      year={2024},
      eprint={2404.11553},
      archivePrefix={arXiv},
      primaryClass={cs.CL},
      url={https://arxiv.org/abs/2404.11553}, 
}

@inproceedings{liscio2022cross,
  title={Cross-domain classification of moral values},
  author={Liscio, Enrico and Dondera, Alin E and Geadau, Andrei and Jonker, Catholijn M and Murukannaiah, Pradeep K},
  booktitle={2022 Findings of the Association for Computational Linguistics: NAACL 2022},
  pages={2727--2745},
  year={2022},
  organization={Association for Computational Linguistics (ACL)}
}

@article{matsuo2019development,
  title={Development and validation of the Japanese moral foundations dictionary},
  author={Matsuo, Akiko and Sasahara, Kazutoshi and Taguchi, Yasuhiro and Karasawa, Minoru},
  journal={PloS one},
  volume={14},
  number={3},
  pages={e0213343},
  year={2019},
  publisher={Public Library of Science San Francisco, CA USA}
}

@article{mikolov2013distributed,
  title={Distributed Representations of Words and Phrases and their Compositionality},
  author={Mikolov, Tomas and Sutskever, Ilya and Chen, Kai and Corrado, Greg S and Dean, Jeff},
  journal={Advances in Neural Information Processing Systems},
  volume={26},
  year={2013}
}

@inproceedings{mokhberian2020moral,
  title={Moral framing and ideological bias of news},
  author={Mokhberian, Negar and Abeliuk, Andr{\'e}s and Cummings, Patrick and Lerman, Kristina},
  booktitle={Social Informatics: 12th International Conference, SocInfo 2020, Pisa, Italy, October 6--9, 2020, Proceedings 12},
  pages={206--219},
  year={2020},
  organization={Springer}
}

@inproceedings{nguyen2024measuring,
  title={Measuring Moral Dimensions in Social Media with Mformer},
  author={Nguyen, Tuan Dung and Chen, Ziyu and Carroll, Nicholas George and Tran, Alasdair and Klein, Colin and Xie, Lexing},
  booktitle={Proceedings of the International AAAI Conference on Web and Social Media},
  volume={18},
  pages={1134--1147},
  year={2024}
}

@article{nilsson2015moral,
  title={The Moral Foundations taxonomy: Structural validity and relation to political ideology in Sweden},
  author={Nilsson, Artur and Erlandsson, Arvid},
  journal={Personality and Individual Differences},
  volume={76},
  pages={28--32},
  year={2015},
  publisher={Elsevier}
}

@inproceedings{preniqi2024moralbert,
  title={MoralBERT: A Fine-Tuned Language Model for Capturing Moral Values in Social Discussions},
  author={Preniqi, Vjosa and Ghinassi, Iacopo and Ive, Julia and Saitis, Charalampos and Kalimeri, Kyriaki},
  booktitle={Proceedings of the 2024 International Conference on Information Technology for Social Good},
  pages={433--442},
  year={2024}
}

@article{ramesh2021comparing,
  title={Comparing statistical and neural machine translation performance on hindi-to-tamil and english-to-tamil},
  author={Ramesh, Akshai and Parthasarathy, Venkatesh Balavadhani and Haque, Rejwanul and Way, Andy},
  journal={Digital},
  volume={1},
  number={2},
  pages={86--102},
  year={2021},
  publisher={MDPI}
}

@article{ranathunga2023neural,
  title={Neural machine translation for low-resource languages: A survey},
  author={Ranathunga, Surangika and Lee, En-Shiun Annie and Prifti Skenduli, Marjana and Shekhar, Ravi and Alam, Mehreen and Kaur, Rishemjit},
  journal={ACM Computing Surveys},
  volume={55},
  number={11},
  pages={1--37},
  year={2023},
  publisher={ACM New York, NY}
}

@article{rathje2024gpt,
  title={GPT is an effective tool for multilingual psychological text analysis},
  author={Rathje, Steve and Mirea, Dan-Mircea and Sucholutsky, Ilia and Marjieh, Raja and Robertson, Claire E and Van Bavel, Jay J},
  journal={Proceedings of the National Academy of Sciences},
  volume={121},
  number={34},
  pages={e2308950121},
  year={2024},
  publisher={National Academy of Sciences}
}

@inproceedings{rottger2022data,
  title={Data-Efficient Strategies for Expanding Hate Speech Detection into Under-Resourced Languages},
  author={R{\"o}ttger, Paul and Nozza, Debora and Bianchi, Federico and Hovy, Dirk},
  booktitle={Proceedings of the 2022 Conference on Empirical Methods in Natural Language Processing},
  pages={5674--5691},
  year={2022}
}

@inproceedings{schuster2019cross,
    title = "Cross-lingual Transfer Learning for Multilingual Task Oriented Dialog",
    author = "Schuster, Sebastian  and
      Gupta, Sonal  and
      Shah, Rushin  and
      Lewis, Mike",
    editor = "Burstein, Jill  and
      Doran, Christy  and
      Solorio, Thamar",
    booktitle = "Proceedings of the 2019 Conference of the North {A}merican Chapter of the Association for Computational Linguistics: Human Language Technologies, Volume 1 (Long and Short Papers)",
    month = jun,
    year = "2019",
    address = "Minneapolis, Minnesota",
    publisher = "Association for Computational Linguistics",
    url = "https://aclanthology.org/N19-1380",
    doi = "10.18653/v1/N19-1380",
    pages = "3795--3805",
}

@misc{shen2024language,
      title={The Language Barrier: Dissecting Safety Challenges of LLMs in Multilingual Contexts}, 
      author={Lingfeng Shen and Weiting Tan and Sihao Chen and Yunmo Chen and Jingyu Zhang and Haoran Xu and Boyuan Zheng and Philipp Koehn and Daniel Khashabi},
      year={2024},
      eprint={2401.13136},
      archivePrefix={arXiv},
      primaryClass={cs.CL},
      url={https://arxiv.org/abs/2401.13136}, 
}

@inproceedings{stasimioti2020machine,
  title={Machine Translation Quality: A comparative evaluation of SMT, NMT and tailored-NMT outputs},
  author={Stasimioti, Maria and Sosoni, Vilelmini and Kermanidis, Katia Lida and Mouratidis, Despoina},
  booktitle={Proceedings of the 22nd annual conference of the European Association for Machine Translation},
  pages={441--450},
  year={2020}
}

@article{tornberg2023chatgpt,
  title={Chatgpt-4 outperforms experts and crowd workers in annotating political twitter messages with zero-shot learning},
  author={T{\"o}rnberg, Petter},
  journal={arXiv preprint arXiv:2304.06588},
  year={2023}
}

@misc{trager2022moral,
      title={The Moral Foundations Reddit Corpus}, 
      author={Jackson Trager and Alireza S. Ziabari and Aida Mostafazadeh Davani and Preni Golazizian and Farzan Karimi-Malekabadi and Ali Omrani and Zhihe Li and Brendan Kennedy and Nils Karl Reimer and Melissa Reyes and Kelsey Cheng and Mellow Wei and Christina Merrifield and Arta Khosravi and Evans Alvarez and Morteza Dehghani},
      year={2022},
      eprint={2208.05545},
      archivePrefix={arXiv},
      primaryClass={cs.CL},
      url={https://arxiv.org/abs/2208.05545}, 
}

@inproceedings{troiano2020lost,
  title={Lost in back-translation: Emotion preservation in neural machine translation},
  author={Troiano, Enrica and Klinger, Roman and Pad{\'o}, Sebastian},
  booktitle={Proceedings of the 28th International Conference on Computational Linguistics},
  pages={4340--4354},
  year={2020}
}

@misc{wordnet2010princeton,
  title={About WordNet},
  author={University Princeton},
  howpublished= "\url{https://wordnet.princeton.edu/}",
  year={2010},
  note="online resource",
}

@article{yilmaz2016validation,
  title={Validation of the Moral Foundations Questionnaire in Turkey and its relation to cultural schemas of individualism and collectivism},
  author={Yilmaz, Onurcan and Harma, Mehmet and Bah{\c{c}}ekapili, Hasan G and Cesur, Sevim},
  journal={Personality and Individual Differences},
  volume={99},
  pages={149--154},
  year={2016},
  publisher={Elsevier}
}

@inproceedings{zhang2023don,
  title={Don’t Trust ChatGPT when your Question is not in English: A Study of Multilingual Abilities and Types of LLMs},
  year ={2023},
  author={Zhang, Xiang and Li, Senyu and Hauer, Bradley and Shi, Ning and Kondrak, Grzegorz},
  booktitle={The 2023 Conference on Empirical Methods in Natural Language Processing},

}

@article{zhuang2020comprehensive,
  title={A comprehensive survey on transfer learning},
  author={Zhuang, Fuzhen and Qi, Zhiyuan and Duan, Keyu and Xi, Dongbo and Zhu, Yongchun and Zhu, Hengshu and Xiong, Hui and He, Qing},
  journal={Proceedings of the IEEE},
  volume={109},
  number={1},
  pages={43--76},
  year={2020},
  publisher={Ieee}
}

@article{ziems2024can,
    title = "Can Large Language Models Transform Computational Social Science?",
    author = "Ziems, Caleb  and
      Held, William  and
      Shaikh, Omar  and
      Chen, Jiaao  and
      Zhang, Zhehao  and
      Yang, Diyi",
    journal = "Computational Linguistics",
    volume = "50",
    number = "1",
    month = mar,
    year = "2024",
    address = "Cambridge, MA",
    publisher = "MIT Press",
    url = "https://aclanthology.org/2024.cl-1.8",
    doi = "10.1162/coli_a_00502",
    pages = "237--291",
}

