%%% copy paste reference list following the Google Scholar format %%%%

@article{curry2019mapping,
  title={Mapping morality with a compass: Testing the theory of ‘morality-as-cooperation’with a new questionnaire},
  author={Curry, Oliver Scott and Chesters, Matthew Jones and Van Lissa, Caspar J},
  journal={Journal of Research in Personality},
  volume={78},
  pages={106--124},
  year={2019},
  publisher={Elsevier}
}
@inproceedings{liscio2022cross,
  title={Cross-domain classification of moral values},
  author={Liscio, Enrico and Dondera, Alin E and Geadau, Andrei and Jonker, Catholijn M and Murukannaiah, Pradeep K},
  booktitle={2022 Findings of the Association for Computational Linguistics: NAACL 2022},
  pages={2727--2745},
  year={2022},
  organization={Association for Computational Linguistics (ACL)}
}

@article{jing2021characterizing,
  title={Characterizing partisan political narrative frameworks about COVID-19 on Twitter},
  author={Jing, Elise and Ahn, Yong-Yeol},
  journal={EPJ data science},
  volume={10},
  number={1},
  pages={53},
  year={2021},
  publisher={Springer Berlin Heidelberg}
}

@misc{wordnet2010princeton,
  title={About WordNet},
  author={University Princeton},
  howpublished= "\url{https://wordnet.princeton.edu/}",
  year={2010},
  note="online resource",
}

@inproceedings{mokhberian2020moral,
  title={Moral framing and ideological bias of news},
  author={Mokhberian, Negar and Abeliuk, Andr{\'e}s and Cummings, Patrick and Lerman, Kristina},
  booktitle={Social Informatics: 12th International Conference, SocInfo 2020, Pisa, Italy, October 6--9, 2020, Proceedings 12},
  pages={206--219},
  year={2020},
  organization={Springer}
}

@article{mikolov2013distributed,
  title={Distributed Representations of Words and Phrases and their Compositionality},
  author={Mikolov, Tomas and Sutskever, Ilya and Chen, Kai and Corrado, Greg S and Dean, Jeff},
  journal={Advances in Neural Information Processing Systems},
  volume={26},
  year={2013}
}

@article{weberExtracting2018,
	title = {Extracting Latent Moral Information from Text Narratives: Relevance, Challenges, and Solutions},
	volume = {12},
	issn = {1931-2458},
	url = {https://doi.org/10.1080/19312458.2018.1447656},
	doi = {10.1080/19312458.2018.1447656},
	pages = {119--139},
	number = {2},
	journaltitle = {Communication Methods and Measures},
	author = {Weber, René and Mangus, J. Michael and Huskey, Richard and Hopp, Frederic R. and Amir, Ori and Swanson, Reid and Gordon, Andrew and Khooshabeh, Peter and Hahn, Lindsay and Tamborini, Ron},
	urldate = {2022-11-14},
	date = {2018-04-03},
}

@article{graham2011mapping,
  title={Mapping the moral domain.},
  author={Graham, Jesse and Nosek, Brian A and Haidt, Jonathan and Iyer, Ravi and Koleva, Spassena and Ditto, Peter H},
  journal={Journal of personality and social psychology},
  volume={101},
  number={2},
  pages={366},
  year={2011},
  publisher={American Psychological Association}
}

@misc{liu2019roberta,
      title={RoBERTa: A Robustly Optimized BERT Pretraining Approach}, 
      author={Yinhan Liu and Myle Ott and Naman Goyal and Jingfei Du and Mandar Joshi and Danqi Chen and Omer Levy and Mike Lewis and Luke Zettlemoyer and Veselin Stoyanov},
      year={2019},
      eprint={1907.11692},
      archivePrefix={arXiv},
      primaryClass={cs.CL},
      url={https://arxiv.org/abs/1907.11692}, 
}

@misc{dubey2024llama,
      title={The Llama 3 Herd of Models}, 
      author={Meta},
      year={2024},
      eprint={2407.21783},
      archivePrefix={arXiv},
      primaryClass={cs.AI},
      url={https://arxiv.org/abs/2407.21783}, 
}
@misc{kirk2024PRISM,
      title={The PRISM Alignment Project: What Participatory, Representative and Individualised Human Feedback Reveals About the Subjective and Multicultural Alignment of Large Language Models}, 
      author={Hannah Rose Kirk and Alexander Whitefield and Paul Röttger and Andrew Bean and Katerina Margatina and Juan Ciro and Rafael Mosquera and Max Bartolo and Adina Williams and He He and Bertie Vidgen and Scott A. Hale},
      year={2024},
      eprint={2404.16019},
      archivePrefix={arXiv},
      primaryClass={cs.CL},
      url={https://arxiv.org/abs/2404.16019}, 
}

@inproceedings{barbieri2022xlm,
  title={XLM-T: Multilingual Language Models in Twitter for Sentiment Analysis and Beyond},
  author={Barbieri, Francesco and Anke, Luis Espinosa and Camacho-Collados, Jose},
  booktitle={Proceedings of the Thirteenth Language Resources and Evaluation Conference},
  pages={258--266},
  year={2022}
}

@article{conneau2019unsupervised,
  author= {Alexis Conneau and
               Kartikay Khandelwal and
               Naman Goyal and
               Vishrav Chaudhary and
               Guillaume Wenzek and
               Francisco Guzman and
               Edouard Grave and
               Myle Ott and
               Luke Zettlemoyer and
               Veselin Stoyanov},
  title     = {Unsupervised Cross-lingual Representation Learning at Scale},
  journal   = {CoRR},
  volume    = {abs/1911.02116},
  year      = {2019},
  url       = {http://arxiv.org/abs/1911.02116},
  eprinttype = {arXiv},
  eprint    = {1911.02116},
  timestamp = {Mon, 11 Nov 2019 18:38:09 +0100},
  biburl    = {https://dblp.org/rec/journals/corr/abs-1911-02116.bib},
  bibsource = {dblp computer science bibliography, https://dblp.org}
}

@inproceedings{grave2018learning,
  title={Learning Word Vectors for 157 Languages},
  author={Grave, Edouard and Bojanowski, Piotr and Gupta, Prakhar and Joulin, Armand and Mikolov, Tomas},
  booktitle={Proceedings of the International Conference on Language Resources and Evaluation (LREC 2018)},
  year={2018}
}

@inproceedings{peng2021morality,
  title={Morality Between the Lines: Research on Identification of Chinese Moral Sentence)},
  author={Peng, Shiya and Liu, Chang and Deng, Yayue and Yu, Dong},
  booktitle={Proceedings of the 20th Chinese National Conference on Computational Linguistics},
  pages={537--548},
  year={2021}
}
@inproceedings{liu2022corevalue,
  title={CoreValue: Chinese Core Value-Behavior Frame and Knowledge Base for Value Computing)},
  author={Liu, Pengyuan and Zhang, Sanle and Yu, Dong and Bo, Lin},
  booktitle={Proceedings of the 21st Chinese National Conference on Computational Linguistics},
  pages={417--430},
  year={2022}
}

@article{clifford2015moral,
  title={Moral foundations vignettes: A standardized stimulus database of scenarios based on moral foundations theory},
  author={Clifford, Scott and Iyengar, Vijeth and Cabeza, Roberto and Sinnott-Armstrong, Walter},
  journal={Behavior research methods},
  volume={47},
  number={4},
  pages={1178--1198},
  year={2015},
  publisher={Springer}
}

@misc{ji2024moralbench,
      title={MoralBench: Moral Evaluation of LLMs}, 
      author={Jianchao Ji and Yutong Chen and Mingyu Jin and Wujiang Xu and Wenyue Hua and Yongfeng Zhang},
      year={2024},
      eprint={2406.04428},
      archivePrefix={arXiv},
      primaryClass={cs.CL},
      url={https://arxiv.org/abs/2406.04428}, 
}
@misc{shen2024language,
      title={The Language Barrier: Dissecting Safety Challenges of LLMs in Multilingual Contexts}, 
      author={Lingfeng Shen and Weiting Tan and Sihao Chen and Yunmo Chen and Jingyu Zhang and Haoran Xu and Boyuan Zheng and Philipp Koehn and Daniel Khashabi},
      year={2024},
      eprint={2401.13136},
      archivePrefix={arXiv},
      primaryClass={cs.CL},
      url={https://arxiv.org/abs/2401.13136}, 
}

@misc{lai2024llms,
      title={LLMs Beyond English: Scaling the Multilingual Capability of LLMs with Cross-Lingual Feedback}, 
      author={Wen Lai and Mohsen Mesgar and Alexander Fraser},
      year={2024},
      eprint={2406.01771},
      archivePrefix={arXiv},
      primaryClass={cs.CL},
      url={https://arxiv.org/abs/2406.01771}, 
}

@misc{li2024quantifying,
      title={Quantifying Multilingual Performance of Large Language Models Across Languages}, 
      author={Zihao Li and Yucheng Shi and Zirui Liu and Fan Yang and Ali Payani and Ninghao Liu and Mengnan Du},
      year={2024},
      eprint={2404.11553},
      archivePrefix={arXiv},
      primaryClass={cs.CL},
      url={https://arxiv.org/abs/2404.11553}, 
}

@inproceedings{zhang2023don,
  title={Don’t Trust ChatGPT when your Question is not in English: A Study of Multilingual Abilities and Types of LLMs},
  year ={2023},
  author={Zhang, Xiang and Li, Senyu and Hauer, Bradley and Shi, Ning and Kondrak, Grzegorz},
  booktitle={The 2023 Conference on Empirical Methods in Natural Language Processing},

}

@inproceedings{ahuja2023mega,
  title={MEGA: Multilingual Evaluation of Generative AI},
  author={Ahuja, Kabir and Diddee, Harshita and Hada, Rishav and Ochieng, Millicent and Ramesh, Krithika and Jain, Prachi and Nambi, Akshay and Ganu, Tanuja and Segal, Sameer and Ahmed, Mohamed and others},
  booktitle={The 2023 Conference on Empirical Methods in Natural Language Processing},
  year = {2023}
} 

@inproceedings{rottger2022data,
  title={Data-Efficient Strategies for Expanding Hate Speech Detection into Under-Resourced Languages},
  author={R{\"o}ttger, Paul and Nozza, Debora and Bianchi, Federico and Hovy, Dirk},
  booktitle={Proceedings of the 2022 Conference on Empirical Methods in Natural Language Processing},
  pages={5674--5691},
  year={2022}
}

@inproceedings{barriere2020improving,
  title={Improving Sentiment Analysis over non-English Tweets using Multilingual Transformers and Automatic Translation for Data-Augmentation},
  author={Barriere, Valentin and Balahur, Alexandra},
  booktitle={Proceedings of the 28th International Conference on Computational Linguistics},
  pages={266--271},
  year={2020}
}

@inproceedings{schuster2019cross,
    title = "Cross-lingual Transfer Learning for Multilingual Task Oriented Dialog",
    author = "Schuster, Sebastian  and
      Gupta, Sonal  and
      Shah, Rushin  and
      Lewis, Mike",
    editor = "Burstein, Jill  and
      Doran, Christy  and
      Solorio, Thamar",
    booktitle = "Proceedings of the 2019 Conference of the North {A}merican Chapter of the Association for Computational Linguistics: Human Language Technologies, Volume 1 (Long and Short Papers)",
    month = jun,
    year = "2019",
    address = "Minneapolis, Minnesota",
    publisher = "Association for Computational Linguistics",
    url = "https://aclanthology.org/N19-1380",
    doi = "10.18653/v1/N19-1380",
    pages = "3795--3805",
}

@article{alper2020changes,
  title={Do changes in threat salience predict the moral content of sermons? The case of Friday Khutbas in Turkey},
  author={Alper, Sinan and Bayrak, Fatih and Us, Elif {\"O}yk{\"u} and Yilmaz, Onurcan},
  journal={European Journal of Social Psychology},
  volume={50},
  number={3},
  pages={662--672},
  year={2020},
  publisher={Wiley Online Library}
}

@article{rathje2024gpt,
  title={GPT is an effective tool for multilingual psychological text analysis},
  author={Rathje, Steve and Mirea, Dan-Mircea and Sucholutsky, Ilia and Marjieh, Raja and Robertson, Claire E and Van Bavel, Jay J},
  journal={Proceedings of the National Academy of Sciences},
  volume={121},
  number={34},
  pages={e2308950121},
  year={2024},
  publisher={National Academy of Sciences}
}

@inproceedings{nguyen2024measuring,
  title={Measuring Moral Dimensions in Social Media with Mformer},
  author={Nguyen, Tuan Dung and Chen, Ziyu and Carroll, Nicholas George and Tran, Alasdair and Klein, Colin and Xie, Lexing},
  booktitle={Proceedings of the International AAAI Conference on Web and Social Media},
  volume={18},
  pages={1134--1147},
  year={2024}
}

@inproceedings{preniqi2024moralbert,
  title={MoralBERT: A Fine-Tuned Language Model for Capturing Moral Values in Social Discussions},
  author={Preniqi, Vjosa and Ghinassi, Iacopo and Ive, Julia and Saitis, Charalampos and Kalimeri, Kyriaki},
  booktitle={Proceedings of the 2024 International Conference on Information Technology for Social Good},
  pages={433--442},
  year={2024}
}

@article{frimer2020liberals,
  title={Do liberals and conservatives use different moral languages? Two replications and six extensions of Graham, Haidt, and Nosek’s (2009) moral text analysis},
  author={Frimer, Jeremy A},
  journal={Journal of Research in Personality},
  volume={84},
  pages={103906},
  year={2020},
  publisher={Elsevier}
}

@misc{frimer2019moral,
  title={Moral foundations dictionary for linguistic analyses 2.0},
  author={Frimer, Jeremy A and Boghrati, Reihane and Haidt, Jonathan and Graham, Jesse and Dehgani, Morteza},
  howpublished= "\url{https://osf.io/ezn37/}",
  year={2019},
  note="Unpublished manuscript",
}

@article{johnson2017google,
  title={Google’s multilingual neural machine translation system: Enabling zero-shot translation},
  author={Johnson, Melvin and Schuster, Mike and Le, Quoc V and Krikun, Maxim and Wu, Yonghui and Chen, Zhifeng and Thorat, Nikhil and Vi{\'e}gas, Fernanda and Wattenberg, Martin and Corrado, Greg and others},
  journal={Transactions of the Association for Computational Linguistics},
  volume={5},
  pages={339--351},
  year={2017},
  publisher={MIT Press One Rogers Street, Cambridge, MA 02142-1209, USA journals-info~…}
}

@article{dorothy2019lost,
  title={Lost in machine translation: Contextual linguistic uncertainty},
  author={Dorothy, Dewitt and Keiko, Nitta and Vladimir, Krstic},
  journal={Bulletin of Volgograd State University. Series 2: Linguistics},
  volume={18},
  number={4},
  pages={129--144},
  year={2019},
  publisher={Russian Federal State Budgetary Educational Institution of Higher Education}
}

@article{ranathunga2023neural,
  title={Neural machine translation for low-resource languages: A survey},
  author={Ranathunga, Surangika and Lee, En-Shiun Annie and Prifti Skenduli, Marjana and Shekhar, Ravi and Alam, Mehreen and Kaur, Rishemjit},
  journal={ACM Computing Surveys},
  volume={55},
  number={11},
  pages={1--37},
  year={2023},
  publisher={ACM New York, NY}
}

@inproceedings{troiano2020lost,
  title={Lost in back-translation: Emotion preservation in neural machine translation},
  author={Troiano, Enrica and Klinger, Roman and Pad{\'o}, Sebastian},
  booktitle={Proceedings of the 28th International Conference on Computational Linguistics},
  pages={4340--4354},
  year={2020}
}

@inproceedings{artetxe2020translation,
    title = "Translation Artifacts in Cross-lingual Transfer Learning",
    author = "Artetxe, Mikel  and
      Labaka, Gorka  and
      Agirre, Eneko",
    editor = "Webber, Bonnie  and
      Cohn, Trevor  and
      He, Yulan  and
      Liu, Yang",
    booktitle = "Proceedings of the 2020 Conference on Empirical Methods in Natural Language Processing (EMNLP)",
    month = nov,
    year = "2020",
    address = "Online",
    publisher = "Association for Computational Linguistics",
    url = "https://aclanthology.org/2020.emnlp-main.618",
    doi = "10.18653/v1/2020.emnlp-main.618",
    pages = "7674--7684",
}

@article{ramesh2021comparing,
  title={Comparing statistical and neural machine translation performance on hindi-to-tamil and english-to-tamil},
  author={Ramesh, Akshai and Parthasarathy, Venkatesh Balavadhani and Haque, Rejwanul and Way, Andy},
  journal={Digital},
  volume={1},
  number={2},
  pages={86--102},
  year={2021},
  publisher={MDPI}
}

@article{nilsson2015moral,
  title={The Moral Foundations taxonomy: Structural validity and relation to political ideology in Sweden},
  author={Nilsson, Artur and Erlandsson, Arvid},
  journal={Personality and Individual Differences},
  volume={76},
  pages={28--32},
  year={2015},
  publisher={Elsevier}
}

@article{yilmaz2016validation,
  title={Validation of the Moral Foundations Questionnaire in Turkey and its relation to cultural schemas of individualism and collectivism},
  author={Yilmaz, Onurcan and Harma, Mehmet and Bah{\c{c}}ekapili, Hasan G and Cesur, Sevim},
  journal={Personality and Individual Differences},
  volume={99},
  pages={149--154},
  year={2016},
  publisher={Elsevier}
}

@inproceedings{stasimioti2020machine,
  title={Machine Translation Quality: A comparative evaluation of SMT, NMT and tailored-NMT outputs},
  author={Stasimioti, Maria and Sosoni, Vilelmini and Kermanidis, Katia Lida and Mouratidis, Despoina},
  booktitle={Proceedings of the 22nd annual conference of the European Association for Machine Translation},
  pages={441--450},
  year={2020}
}

@inproceedings{artetxe2019cross,
    title = "On the Cross-lingual Transferability of Monolingual Representations",
    author = "Artetxe, Mikel  and
      Ruder, Sebastian  and
      Yogatama, Dani",
    editor = "Jurafsky, Dan  and
      Chai, Joyce  and
      Schluter, Natalie  and
      Tetreault, Joel",
    booktitle = "Proceedings of the 58th Annual Meeting of the Association for Computational Linguistics",
    month = jul,
    year = "2020",
    address = "Online",
    publisher = "Association for Computational Linguistics",
    url = "https://aclanthology.org/2020.acl-main.421",
    doi = "10.18653/v1/2020.acl-main.421",
    pages = "4623--4637",
}

@article{zhuang2020comprehensive,
  title={A comprehensive survey on transfer learning},
  author={Zhuang, Fuzhen and Qi, Zhiyuan and Duan, Keyu and Xi, Dongbo and Zhu, Yongchun and Zhu, Hengshu and Xiong, Hui and He, Qing},
  journal={Proceedings of the IEEE},
  volume={109},
  number={1},
  pages={43--76},
  year={2020},
  publisher={Ieee}
}

@article{araque2020moralstrength,
  title={MoralStrength: Exploiting a moral lexicon and embedding similarity for moral foundations prediction},
  author={Araque, Oscar and Gatti, Lorenzo and Kalimeri, Kyriaki},
  journal={Knowledge-based systems},
  volume={191},
  pages={105184},
  year={2020},
  publisher={Elsevier}
}

@article{haidt2012righteous,
  title={The righteous mind: Why good people are divided by politics and religion},
  author={Haidt, Jonathan},
  journal={Pantheon},
  year={2012}
}

@article{kwak2021frameaxis,
  title={FrameAxis: characterizing microframe bias and intensity with word embedding},
  author={Kwak, Haewoon and An, Jisun and Jing, Elise and Ahn, Yong-Yeol},
  journal={PeerJ Computer Science},
  volume={7},
  pages={e644},
  year={2021},
  publisher={PeerJ Inc.}
}

@article{brady2020mad,
  title={The MAD model of moral contagion: The role of motivation, attention, and design in the spread of moralized content online},
  author={Brady, William J and Crockett, Molly J and Van Bavel, Jay J},
  journal={Perspectives on Psychological Science},
  volume={15},
  number={4},
  pages={978--1010},
  year={2020},
  publisher={Sage Publications Sage CA: Los Angeles, CA}
}

@inproceedings{solovev2022moral,
  title={Moral emotions shape the virality of COVID-19 misinformation on social media},
  author={Solovev, Kirill and Pr{\"o}llochs, Nicolas},
  booktitle={Proceedings of the ACM web conference 2022},
  pages={3706--3717},
  year={2022}
}

@incollection{tamborini2020impact,
  title={The impact of terrorist attack news on moral intuitions and outgroup prejudice},
  author={Tamborini, Ron and Hofer, Matthias and Prabhu, Sujay and Grall, Clare and Novotny, Eric Robert and Hahn, Lindsay and Klebig, Brian},
  booktitle={Media, Terrorism and Society},
  pages={66--90},
  year={2020},
  publisher={Routledge}
}

@incollection{atran2007religion,
  title={Religion, suicide, terrorism, and the moral foundation of the world},
  author={Atran, Scott},
  booktitle={Social Brain Matters},
  pages={101--117},
  year={2007},
  publisher={Brill}
}

@article{milesi2018pluralistic,
  title={Pluralistic morality and collective action: The role of moral foundations},
  author={Milesi, Patrizia and Alberici, Augusta Isabella},
  journal={Group Processes \& Intergroup Relations},
  volume={21},
  number={2},
  pages={235--256},
  year={2018},
  publisher={Sage Publications Sage UK: London, England}
}

@article{nussio2023moral,
  title={How Moral Beliefs Influence Collective Violence. Evidence From Lynching in Mexico},
  author={Nussio, Enzo},
  journal={Comparative Political Studies},
  pages={00104140231223747},
  year={2023},
  publisher={SAGE Publications Sage CA: Los Angeles, CA}
}

@article{kertzer2014moral,
  title={Moral support: How moral values shape foreign policy attitudes},
  author={Kertzer, Joshua D and Powers, Kathleen E and Rathbun, Brian C and Iyer, Ravi},
  journal={The Journal of Politics},
  volume={76},
  number={3},
  pages={825--840},
  year={2014},
  publisher={Cambridge University Press New York, USA}
}

@article{koleva2012tracing,
  title={Tracing the threads: How five moral concerns (especially Purity) help explain culture war attitudes},
  author={Koleva, Spassena P and Graham, Jesse and Iyer, Ravi and Ditto, Peter H and Haidt, Jonathan},
  journal={Journal of research in personality},
  volume={46},
  number={2},
  pages={184--194},
  year={2012},
  publisher={Elsevier}
}

@article{amin2017association,
  title={Association of moral values with vaccine hesitancy},
  author={Amin, Avnika B and Bednarczyk, Robert A and Ray, Cara E and Melchiori, Kala J and Graham, Jesse and Huntsinger, Jeffrey R and Omer, Saad B},
  journal={Nature Human Behaviour},
  volume={1},
  number={12},
  pages={873--880},
  year={2017},
  publisher={Nature Publishing Group UK London}
}

@article{markowitz2012climate,
  title={Climate change and moral judgement},
  author={Markowitz, Ezra M and Shariff, Azim F},
  journal={Nature climate change},
  volume={2},
  number={4},
  pages={243--247},
  year={2012},
  publisher={Nature Publishing Group UK London}
}

@inproceedings{salewski2023context,
    author = {Salewski, Leonard and Alaniz, Stephan and Rio-Torto, Isabel and Schulz, Eric and Akata, Zeynep},
    title = {In-context impersonation reveals large language models' strengths and biases},
    year = {2024},
    publisher = {Curran Associates Inc.},
    address = {Red Hook, NY, USA},
    booktitle = {Proceedings of the 37th International Conference on Neural Information Processing Systems},
    articleno = {3152},
    numpages = {14},
    location = {New Orleans, LA, USA},
    series = {NIPS '23}
}

@inproceedings{li2022prompt,
    title = "Prompt-Driven Neural Machine Translation",
    author = "Li, Yafu  and
      Yin, Yongjing  and
      Li, Jing  and
      Zhang, Yue",
    editor = "Muresan, Smaranda  and
      Nakov, Preslav  and
      Villavicencio, Aline",
    booktitle = "Findings of the Association for Computational Linguistics: ACL 2022",
    month = may,
    year = "2022",
    address = "Dublin, Ireland",
    publisher = "Association for Computational Linguistics",
    url = "https://aclanthology.org/2022.findings-acl.203",
    doi = "10.18653/v1/2022.findings-acl.203",
    pages = "2579--2590",
}

@inproceedings{liang2022visual,
  title={Visual-Language Navigation Pretraining via Prompt-based Environmental Self-exploration},
  author={Liang, Xiwen and Zhu, Fengda and Lingling, Li and Xu, Hang and Liang, Xiaodan},
  booktitle={Proceedings of the 60th Annual Meeting of the Association for Computational Linguistics (Volume 1: Long Papers)},
  pages={4837--4851},
  year={2022}
}

@inproceedings{tan2022msp,
  title={MSP: Multi-Stage Prompting for Making Pre-trained Language Models Better Translators},
  author={Tan, Zhixing and Zhang, Xiangwen and Wang, Shuo and Liu, Yang},
  booktitle={Proceedings of the 60th Annual Meeting of the Association for Computational Linguistics (Volume 1: Long Papers)},
  pages={6131--6142},
  year={2022}
}

@inproceedings{shao2023synthetic,
author = {Shao, Zhihong and Gong, Yeyun and Shen, Yelong and Huang, Minlie and Duan, Nan and Chen, Weizhu},
title = {Synthetic prompting: generating chain-of-thought demonstrations for large language models},
year = {2023},
publisher = {JMLR.org},
booktitle = {Proceedings of the 40th International Conference on Machine Learning},
articleno = {1273},
numpages = {70},
location = {Honolulu, Hawaii, USA},
series = {ICML'23}
}

@article{liu2019survey,
  title={A survey of sentiment analysis based on transfer learning},
  author={Liu, Ruijun and Shi, Yuqian and Ji, Changjiang and Jia, Ming},
  journal={IEEE Access},
  volume={7},
  pages={85401--85412},
  year={2019},
  doi={10.1109/ACCESS.2019.2925059},
}

@inproceedings{addlesee2023multi,
    title = "Multi-party Goal Tracking with {LLM}s: Comparing Pre-training, Fine-tuning, and Prompt Engineering",
    author = "Addlesee, Angus  and
      Siei{\'n}ska, Weronika  and
      Gunson, Nancie  and
      Hernandez Garcia, Daniel  and
      Dondrup, Christian  and
      Lemon, Oliver",
    editor = "Stoyanchev, Svetlana  and
      Joty, Shafiq  and
      Schlangen, David  and
      Dusek, Ondrej  and
      Kennington, Casey  and
      Alikhani, Malihe",
    booktitle = "Proceedings of the 24th Annual Meeting of the Special Interest Group on Discourse and Dialogue",
    month = sep,
    year = "2023",
    address = "Prague, Czechia",
    publisher = "Association for Computational Linguistics",
    url = "https://aclanthology.org/2023.sigdial-1.22",
    doi = "10.18653/v1/2023.sigdial-1.22",
    pages = "229--241",
}
@inproceedings{fu2022complexity,
    title={Complexity-Based Prompting for Multi-step Reasoning},
    author={Yao Fu and Hao Peng and Ashish Sabharwal and Peter Clark and Tushar Khot},
    booktitle={The Eleventh International Conference on Learning Representations },
    year={2023},
    url={https://openreview.net/forum?id=yf1icZHC-l9}
}

@inproceedings{ye2024investigating,
  title={Investigating the effectiveness of task-agnostic prefix prompt for instruction following},
  author={Ye, Seonghyeon and Hwang, Hyeonbin and Yang, Sohee and Yun, Hyeongu and Kim, Yireun and Seo, Minjoon},
  booktitle={Proceedings of the AAAI Conference on Artificial Intelligence},
  volume={38},
  number={17},
  pages={19386--19394},
  year={2024}
}

@misc{white2023prompt,
      title={A Prompt Pattern Catalog to Enhance Prompt Engineering with ChatGPT}, 
      author={Jules White and Quchen Fu and Sam Hays and Michael Sandborn and Carlos Olea and Henry Gilbert and Ashraf Elnashar and Jesse Spencer-Smith and Douglas C. Schmidt},
      year={2023},
      eprint={2302.11382},
      archivePrefix={arXiv},
      primaryClass={cs.SE},
      url={https://arxiv.org/abs/2302.11382}, 
}

@misc{bubeck2023sparks,
      title={Sparks of Artificial General Intelligence: Early experiments with GPT-4}, 
      author={Sébastien Bubeck and Varun Chandrasekaran and Ronen Eldan and Johannes Gehrke and Eric Horvitz and Ece Kamar and Peter Lee and Yin Tat Lee and Yuanzhi Li and Scott Lundberg and Harsha Nori and Hamid Palangi and Marco Tulio Ribeiro and Yi Zhang},
      year={2023},
      eprint={2303.12712},
      archivePrefix={arXiv},
      primaryClass={cs.CL},
      url={https://arxiv.org/abs/2303.12712}, 
}

@article{chowdhery2023palm,
  title={Palm: Scaling language modeling with pathways},
  author={Chowdhery, Aakanksha and Narang, Sharan and Devlin, Jacob and Bosma, Maarten and Mishra, Gaurav and Roberts, Adam and Barham, Paul and Chung, Hyung Won and Sutton, Charles and Gehrmann, Sebastian and others},
  journal={Journal of Machine Learning Research},
  volume={24},
  number={240},
  pages={1--113},
  year={2023}
}

@inproceedings{cheng2020fairfil,
  title={FairFil: Contrastive Neural Debiasing Method for Pretrained Text Encoders},
  author={Cheng, Pengyu and Hao, Weituo and Yuan, Siyang and Si, Shijing and Carin, Lawrence},
  booktitle={Proceedings of the 9th International Conference on Learning Representations},
  year={2020},
  publisher = {ICLR}
}

@article{fatemi2021improving,
  title={Improving gender fairness of pre-trained language models without catastrophic forgetting},
  author={Fatemi, Zahra and Xing, Chen and Liu, Wenhao and Xiong, Caiming},
  journal={Proceedings of the 61st Annual Meeting of the Association for Computational Linguistics},
  year={2023}
}

@inproceedings{lauscher2021sustainable,
  title={Sustainable Modular Debiasing of Language Models},
  author={Lauscher, Anne and Lueken, Tobias and Glava{\v{s}}, Goran},
  booktitle={Findings of the Association for Computational Linguistics: EMNLP 2021},
  pages={4782--4797},
  year={2021},
  publisher={ACL},
  pages = {1249–1262}
}

@article{kirkpatrick2017overcoming,
  title={Overcoming catastrophic forgetting in neural networks},
  author={Kirkpatrick, James and Pascanu, Razvan and Rabinowitz, Neil and Veness, Joel and Desjardins, Guillaume and Rusu, Andrei A and Milan, Kieran and Quan, John and Ramalho, Tiago and Grabska-Barwinska, Agnieszka and others},
  journal={Proceedings of the national academy of sciences},
  volume={114},
  number={13},
  pages={3521--3526},
  year={2017},
  publisher={National Acad Sciences}
}

@inproceedings{dev2020measuring,
  title={On measuring and mitigating biased inferences of word embeddings},
  author={Dev, Sunipa and Li, Tao and Phillips, Jeff M and Srikumar, Vivek},
  booktitle={Proceedings of the AAAI Conference on Artificial Intelligence},
  volume={34},
  number={05},
  pages={7659--7666},
  year={2020}
}

@inproceedings{dev2019attenuating,
  title={Attenuating bias in word vectors},
  author={Dev, Sunipa and Phillips, Jeff},
  booktitle={The 22nd international conference on artificial intelligence and statistics},
  pages={879--887},
  year={2019},
  organization={PMLR}
}

@inproceedings{li2023prompt,
  title={Prompt Tuning Pushes Farther, Contrastive Learning Pulls Closer: A Two-Stage Approach to Mitigate Social Biases},
  author={Li, Yingji and Du, Mengnan and Wang, Xin and Wang, Ying},
  booktitle={The 61st Annual Meeting Of The Association For Computational Linguistics},
  year={2023}
}

@inproceedings{he2022mabel,
  title={MABEL: Attenuating Gender Bias using Textual Entailment Data},
  author={He, Jacqueline and Xia, Mengzhou and Fellbaum, Christiane and Chen, Danqi},
  booktitle={Proceedings of the 2022 Conference on Empirical Methods in Natural Language Processing},
  pages={9681--9702},
  year={2022}
}

@inproceedings{ahn2021mitigating,
  title={Mitigating Language-Dependent Ethnic Bias in BERT},
  author={Ahn, Jaimeen and Oh, Alice},
  booktitle={Proceedings of the 2021 Conference on Empirical Methods in Natural Language Processing},
  pages={533--549},
  year={2021}
}

@inproceedings{guo2022auto,
  title={Auto-debias: Debiasing masked language models with automated biased prompts},
  author={Guo, Yue and Yang, Yi and Abbasi, Ahmed},
  booktitle={Proceedings of the 60th Annual Meeting of the Association for Computational Linguistics (Volume 1: Long Papers)},
  pages={1012--1023},
  year={2022}
}

@inproceedings{kaneko2021debiasing,
  title={Debiasing Pre-trained Contextualised Embeddings},
  author={Kaneko, Masahiro and Bollegala, Danushka},
  booktitle={Proceedings of the 16th Conference of the European Chapter of the Association for Computational Linguistics: Main Volume},
  pages={1256--1266},
  year={2021}
}

@inproceedings{dev2021oscar,
  title={OSCaR: Orthogonal Subspace Correction and Rectification of Biases in Word Embeddings},
  author={Dev, Sunipa and Li, Tao and Phillips, Jeff M and Srikumar, Vivek},
  booktitle={Proceedings of the 2021 Conference on Empirical Methods in Natural Language Processing},
  pages={5034--5050},
  year={2021}
}

@inproceedings{gupta2022mitigating,
    title = "Mitigating Gender Bias in Distilled Language Models via Counterfactual Role Reversal",
    author = "Gupta, Umang  and
      Dhamala, Jwala  and
      Kumar, Varun  and
      Verma, Apurv  and
      Pruksachatkun, Yada  and
      Krishna, Satyapriya  and
      Gupta, Rahul  and
      Chang, Kai-Wei  and
      Ver Steeg, Greg  and
      Galstyan, Aram",
    editor = "Muresan, Smaranda  and
      Nakov, Preslav  and
      Villavicencio, Aline",
    booktitle = "Findings of the Association for Computational Linguistics: ACL 2022",
    month = may,
    year = "2022",
    address = "Dublin, Ireland",
    publisher = "Association for Computational Linguistics",
    url = "https://aclanthology.org/2022.findings-acl.55",
    doi = "10.18653/v1/2022.findings-acl.55",
    pages = "658--678",
}

@misc{webster2020measuring,
      title={Measuring and Reducing Gendered Correlations in Pre-trained Models}, 
      author={Kellie Webster and Xuezhi Wang and Ian Tenney and Alex Beutel and Emily Pitler and Ellie Pavlick and Jilin Chen and Ed Chi and Slav Petrov},
      year={2021},
      eprint={2010.06032},
      archivePrefix={arXiv},
      primaryClass={cs.CL},
      url={https://arxiv.org/abs/2010.06032}, 
}

@inproceedings{amrhein2023exploiting,
    title = "Exploiting Biased Models to De-bias Text: A Gender-Fair Rewriting Model",
    author = {Amrhein, Chantal  and
      Schottmann, Florian  and
      Sennrich, Rico  and
      L{\"a}ubli, Samuel},
    editor = "Rogers, Anna  and
      Boyd-Graber, Jordan  and
      Okazaki, Naoaki",
    booktitle = "Proceedings of the 61st Annual Meeting of the Association for Computational Linguistics (Volume 1: Long Papers)",
    month = jul,
    year = "2023",
    address = "Toronto, Canada",
    publisher = "Association for Computational Linguistics",
    url = "https://aclanthology.org/2023.acl-long.246",
    doi = "10.18653/v1/2023.acl-long.246",
    pages = "4486--4506",
}

@inproceedings{zmigrod2019counterfactual,
    title = "Counterfactual Data Augmentation for Mitigating Gender Stereotypes in Languages with Rich Morphology",
    author = "Zmigrod, Ran  and
      Mielke, Sabrina J.  and
      Wallach, Hanna  and
      Cotterell, Ryan",
    editor = "Korhonen, Anna  and
      Traum, David  and
      M{\`a}rquez, Llu{\'\i}s",
    booktitle = "Proceedings of the 57th Annual Meeting of the Association for Computational Linguistics",
    month = jul,
    year = "2019",
    address = "Florence, Italy",
    publisher = "Association for Computational Linguistics",
    url = "https://aclanthology.org/P19-1161",
    doi = "10.18653/v1/P19-1161",
    pages = "1651--1661",
}


@Inbook{lu2020gender,
    author="Lu, Kaiji
    and Mardziel, Piotr
    and Wu, Fangjing
    and Amancharla, Preetam
    and Datta, Anupam",
    editor="Nigam, Vivek
    and Ban Kirigin, Tajana
    and Talcott, Carolyn
    and Guttman, Joshua
    and Kuznetsov, Stepan
    and Thau Loo, Boon
    and Okada, Mitsuhiro",
    title="Gender Bias in Neural Natural Language Processing",
    bookTitle="Logic, Language, and Security: Essays Dedicated to Andre Scedrov on the Occasion of His 65th Birthday",
    year="2020",
    publisher="Springer International Publishing",
    address="Cham",
    pages="189--202",
    isbn="978-3-030-62077-6",
    doi="10.1007/978-3-030-62077-6_14",
    url="https://doi.org/10.1007/978-3-030-62077-6_14"
}

@article{du2020fairness,
  title={Fairness in deep learning: A computational perspective},
  author={Du, Mengnan and Yang, Fan and Zou, Na and Hu, Xia},
  journal={IEEE Intelligent Systems},
  volume={36},
  number={4},
  pages={25--34},
  year={2020},
  publisher={IEEE}
}

@article{brown2020language,
  title={Language models are few-shot learners},
  author={Brown, Tom and Mann, Benjamin and Ryder, Nick and Subbiah, Melanie and Kaplan, Jared D and Dhariwal, Prafulla and Neelakantan, Arvind and Shyam, Pranav and Sastry, Girish and Askell, Amanda and others},
  journal={Advances in neural information processing systems},
  volume={33},
  pages={1877--1901},
  year={2020}
}

@misc{li2024survey,
      title={A Survey on Fairness in Large Language Models}, 
      author={Yingji Li and Mengnan Du and Rui Song and Xin Wang and Ying Wang},
      year={2024},
      eprint={2308.10149},
      archivePrefix={arXiv},
      primaryClass={cs.CL},
      url={https://arxiv.org/abs/2308.10149}, 
}

@article{bolukbasi2016man,
  title={Man is to computer programmer as woman is to homemaker? debiasing word embeddings},
  author={Bolukbasi, Tolga and Chang, Kai-Wei and Zou, James Y and Saligrama, Venkatesh and Kalai, Adam T},
  journal={Advances in neural information processing systems},
  volume={29},
  year={2016}
}

@inproceedings{meade2022empirical,
    title = "An Empirical Survey of the Effectiveness of Debiasing Techniques for Pre-trained Language Models",
    author = "Meade, Nicholas  and
      Poole-Dayan, Elinor  and
      Reddy, Siva",
    editor = "Muresan, Smaranda  and
      Nakov, Preslav  and
      Villavicencio, Aline",
    booktitle = "Proceedings of the 60th Annual Meeting of the Association for Computational Linguistics (Volume 1: Long Papers)",
    month = may,
    year = "2022",
    address = "Dublin, Ireland",
    publisher = "Association for Computational Linguistics",
    url = "https://aclanthology.org/2022.acl-long.132",
    doi = "10.18653/v1/2022.acl-long.132",
    pages = "1878--1898",
}


@inproceedings{hershcovich2022challenges,
    title = "Challenges and Strategies in Cross-Cultural {NLP}",
    author = "Hershcovich, Daniel  and
      Frank, Stella  and
      Lent, Heather  and
      de Lhoneux, Miryam  and
      Abdou, Mostafa  and
      Brandl, Stephanie  and
      Bugliarello, Emanuele  and
      Cabello Piqueras, Laura  and
      Chalkidis, Ilias  and
      Cui, Ruixiang  and
      Fierro, Constanza  and
      Margatina, Katerina  and
      Rust, Phillip  and
      S{\o}gaard, Anders",
    editor = "Muresan, Smaranda  and
      Nakov, Preslav  and
      Villavicencio, Aline",
    booktitle = "Proceedings of the 60th Annual Meeting of the Association for Computational Linguistics (Volume 1: Long Papers)",
    month = may,
    year = "2022",
    address = "Dublin, Ireland",
    publisher = "Association for Computational Linguistics",
    url = "https://aclanthology.org/2022.acl-long.482",
    doi = "10.18653/v1/2022.acl-long.482",
    pages = "6997--7013",
}

@inproceedings{takeshita2020can,
  title={Can existing methods debias languages other than English? first attempt to analyze and mitigate Japanese word embeddings},
  author={Takeshita, Masashi and Katsumata, Yuki and Rzepka, Rafal and Araki, Kenji},
  booktitle={Proceedings of the Second Workshop on Gender Bias in Natural Language Processing},
  pages={44--55},
  year={2020}
}

@inproceedings{nadeem2021stereoset,
    title = "{S}tereo{S}et: Measuring stereotypical bias in pretrained language models",
    author = "Nadeem, Moin  and
      Bethke, Anna  and
      Reddy, Siva",
    editor = "Zong, Chengqing  and
      Xia, Fei  and
      Li, Wenjie  and
      Navigli, Roberto",
    booktitle = "Proceedings of the 59th Annual Meeting of the Association for Computational Linguistics and the 11th International Joint Conference on Natural Language Processing (Volume 1: Long Papers)",
    month = aug,
    year = "2021",
    address = "Online",
    publisher = "Association for Computational Linguistics",
    url = "https://aclanthology.org/2021.acl-long.416",
    doi = "10.18653/v1/2021.acl-long.416",
    pages = "5356--5371",
}


@article{kirk2021bias,
  title={Bias out-of-the-box: An empirical analysis of intersectional occupational biases in popular generative language models},
  author={Kirk, Hannah Rose and Jun, Yennie and Volpin, Filippo and Iqbal, Haider and Benussi, Elias and Dreyer, Frederic and Shtedritski, Aleksandar and Asano, Yuki},
  journal={Advances in neural information processing systems},
  volume={34},
  pages={2611--2624},
  year={2021}
}

@inproceedings{kaneko2022gender,
    title = "Gender Bias in Masked Language Models for Multiple Languages",
    author = "Kaneko, Masahiro  and
      Imankulova, Aizhan  and
      Bollegala, Danushka  and
      Okazaki, Naoaki",
    editor = "Carpuat, Marine  and
      de Marneffe, Marie-Catherine  and
      Meza Ruiz, Ivan Vladimir",
    booktitle = "Proceedings of the 2022 Conference of the North American Chapter of the Association for Computational Linguistics: Human Language Technologies",
    month = jul,
    year = "2022",
    address = "Seattle, United States",
    publisher = "Association for Computational Linguistics",
    url = "https://aclanthology.org/2022.naacl-main.197",
    doi = "10.18653/v1/2022.naacl-main.197",
    pages = "2740--2750",
}

@inproceedings{abid2021persistent,
  title={Persistent anti-muslim bias in large language models},
  author={Abid, Abubakar and Farooqi, Maheen and Zou, James},
  booktitle={Proceedings of the 2021 AAAI/ACM Conference on AI, Ethics, and Society},
  pages={298--306},
  year={2021}
}

@inproceedings{gehman2020realtoxicityprompts,
    title = "{R}eal{T}oxicity{P}rompts: Evaluating Neural Toxic Degeneration in Language Models",
    author = "Gehman, Samuel  and
      Gururangan, Suchin  and
      Sap, Maarten  and
      Choi, Yejin  and
      Smith, Noah A.",
    editor = "Cohn, Trevor  and
      He, Yulan  and
      Liu, Yang",
    booktitle = "Findings of the Association for Computational Linguistics: EMNLP 2020",
    month = nov,
    year = "2020",
    address = "Online",
    publisher = "Association for Computational Linguistics",
    url = "https://aclanthology.org/2020.findings-emnlp.301",
    doi = "10.18653/v1/2020.findings-emnlp.301",
    pages = "3356--3369",
}


@inproceedings{yang2021censorship,
  title={Censorship of online encyclopedias: Implications for NLP models},
  author={Yang, Eddie and Roberts, Margaret E},
  booktitle={Proceedings of the 2021 ACM Conference on Fairness, Accountability, and Transparency},
  pages={537--548},
  year={2021}
}

@inproceedings{simmons2023moral,
    title = "Moral Mimicry: Large Language Models Produce Moral Rationalizations Tailored to Political Identity",
    author = "Simmons, Gabriel",
    editor = "Padmakumar, Vishakh  and
      Vallejo, Gisela  and
      Fu, Yao",
    booktitle = "Proceedings of the 61st Annual Meeting of the Association for Computational Linguistics (Volume 4: Student Research Workshop)",
    month = jul,
    year = "2023",
    address = "Toronto, Canada",
    publisher = "Association for Computational Linguistics",
    url = "https://aclanthology.org/2023.acl-srw.40",
    doi = "10.18653/v1/2023.acl-srw.40",
    pages = "282--297",
}

@inproceedings{hammerl2022speaking,
  author={Katharina Hämmerl and Björn Deiseroth and Patrick Schramowski and Jindrich Libovický and Constantin A. Rothkopf and Alexander Fraser and Kristian Kersting},
  title={Speaking Multiple Languages Affects the Moral Bias of Language Models},
  year={2023},
  cdate={1672531200000},
  pages={2137-2156},
  url={https://doi.org/10.18653/v1/2023.findings-acl.134},
  booktitle={ACL (Findings)},
}

@article{jin2022make,
  title={When to make exceptions: Exploring language models as accounts of human moral judgment},
  author={Jin, Zhijing and Levine, Sydney and Gonzalez Adauto, Fernando and Kamal, Ojasv and Sap, Maarten and Sachan, Mrinmaya and Mihalcea, Rada and Tenenbaum, Josh and Sch{\"o}lkopf, Bernhard},
  journal={Advances in neural information processing systems},
  volume={35},
  pages={28458--28473},
  year={2022}
}

@inproceedings{alhassan2022bad,
  title={‘Am I the Bad One’? Predicting the Moral Judgement of the Crowd Using Pre--trained Language Models},
  author={Alhassan, Areej and Zhang, Jinkai and Schlegel, Viktor},
  booktitle={Proceedings of the Thirteenth Language Resources and Evaluation Conference},
  pages={267--276},
  year={2022}
}

@inproceedings{qian2021morality,
  title={Morality Beyond the Lines: Detecting Moral Sentiment Using AI-Generated Synthetic Context},
  author={Qian, Ming and Laguardia, Jaye and Qian, Davis},
  booktitle={International Conference on Human-Computer Interaction},
  pages={84--94},
  year={2021},
  organization={Springer}
}

@article{lan2022text,
  title={Text-and author-dependent moral foundations classification},
  author={Lan, Alex Gwo Jen and Paraboni, Ivandr{\'e}},
  journal={New Review of Hypermedia and Multimedia},
  volume={28},
  number={1-2},
  pages={18--38},
  year={2022},
  publisher={Taylor \& Francis}
}

@misc{trager2022moral,
      title={The Moral Foundations Reddit Corpus}, 
      author={Jackson Trager and Alireza S. Ziabari and Aida Mostafazadeh Davani and Preni Golazizian and Farzan Karimi-Malekabadi and Ali Omrani and Zhihe Li and Brendan Kennedy and Nils Karl Reimer and Melissa Reyes and Kelsey Cheng and Mellow Wei and Christina Merrifield and Arta Khosravi and Evans Alvarez and Morteza Dehghani},
      year={2022},
      eprint={2208.05545},
      archivePrefix={arXiv},
      primaryClass={cs.CL},
      url={https://arxiv.org/abs/2208.05545}, 
}

@misc{abdulhai2023moral,
      title={Moral Foundations of Large Language Models}, 
      author={Marwa Abdulhai and Gregory Serapio-Garcia and Clément Crepy and Daria Valter and John Canny and Natasha Jaques},
      year={2023},
      eprint={2310.15337},
      archivePrefix={arXiv},
      primaryClass={cs.AI},
      url={https://arxiv.org/abs/2310.15337}, 
}


@article{schramowski2022large,
  title={Large pre-trained language models contain human-like biases of what is right and wrong to do},
  author={Schramowski, Patrick and Turan, Cigdem and Andersen, Nico and Rothkopf, Constantin A and Kersting, Kristian},
  journal={Nature Machine Intelligence},
  volume={4},
  number={3},
  pages={258--268},
  year={2022},
  publisher={Nature Publishing Group UK London}
}

@inproceedings{sheng2019woman,
  title={The Woman Worked as a Babysitter: On Biases in Language Generation},
  author={Sheng, Emily and Chang, Kai-Wei and Natarajan, Prem and Peng, Nanyun},
  booktitle={Proceedings of the 2019 Conference on Empirical Methods in Natural Language Processing and the 9th International Joint Conference on Natural Language Processing (EMNLP-IJCNLP)},
  pages={3407--3412},
  year={2019}
}

@inproceedings{sap2019risk,
  title={The risk of racial bias in hate speech detection},
  author={Sap, Maarten and Card, Dallas and Gabriel, Saadia and Choi, Yejin and Smith, Noah A},
  booktitle={Proceedings of the 57th annual meeting of the association for computational linguistics},
  pages={1668--1678},
  year={2019}
}

@article{mozafari2020hate,
  title={Hate speech detection and racial bias mitigation in social media based on BERT model},
  author={Mozafari, Marzieh and Farahbakhsh, Reza and Crespi, No{\"e}l},
  journal={PloS one},
  volume={15},
  number={8},
  pages={e0237861},
  year={2020},
  publisher={Public Library of Science San Francisco, CA USA}
}

@inproceedings{mvechura2022taxonomy,
  title={A taxonomy of bias-causing ambiguities in machine translation},
  author={M{\v{e}}chura, Michal},
  booktitle={Proceedings of the 4th Workshop on Gender Bias in Natural Language Processing (GeBNLP)},
  pages={168--173},
  year={2022}
}

@inproceedings{mei2023bias,
  title={Bias Against 93 Stigmatized Groups in Masked Language Models and Downstream Sentiment Classification Tasks},
  author={Mei, Katelyn and Fereidooni, Sonia and Caliskan, Aylin},
  booktitle={Proceedings of the 2023 ACM Conference on Fairness, Accountability, and Transparency},
  pages={1699--1710},
  year={2023}
}

@inproceedings{hutchinson2020social,
  title={Social Biases in NLP Models as Barriers for Persons with Disabilities},
  author={Hutchinson, Ben and Prabhakaran, Vinodkumar and Denton, Emily and Webster, Kellie and Zhong, Yu and Denuyl, Stephen},
  booktitle={Proceedings of the 58th Annual Meeting of the Association for Computational Linguistics},
  pages={5491--5501},
  year={2020}
}

@misc{blodgett2017racial,
      title={Racial Disparity in Natural Language Processing: A Case Study of Social Media African-American English}, 
      author={Su Lin Blodgett and Brendan O'Connor},
      year={2017},
      eprint={1707.00061},
      archivePrefix={arXiv},
      primaryClass={cs.CY},
      url={https://arxiv.org/abs/1707.00061}, 
}

@article{gallegos2024bias,
    author = {Gallegos, Isabel O. and Rossi, Ryan A. and Barrow, Joe and Tanjim, Md Mehrab and Kim, Sungchul and Dernoncourt, Franck and Yu, Tong and Zhang, Ruiyi and Ahmed, Nesreen K.},
    title = {Bias and Fairness in Large Language Models: A Survey},
    journal = {Computational Linguistics},
    volume = {50},
    number = {3},
    pages = {1097-1179},
    year = {2024},
    month = {09},
    issn = {0891-2017},
    doi = {10.1162/coli_a_00524},
    url = {https://doi.org/10.1162/coli\_a\_00524},
}

@book{drisko2016content,
  title={Content analysis},
  author={Drisko, James W and Maschi, Tina},
  year={2016},
  publisher={Pocket Guide to Social Work Re}
}

@inproceedings{xiao2023supporting,
  title={Supporting Qualitative Analysis with Large Language Models: Combining Codebook with GPT-3 for Deductive Coding},
  author={Xiao, Ziang and Yuan, Xingdi and Liao, Q Vera and Abdelghani, Rania and Oudeyer, Pierre-Yves},
  booktitle={Companion Proceedings of the 28th International Conference on Intelligent User Interfaces},
  pages={75--78},
  year={2023}
}

@article{gilardi2023chatgpt,
  title={Chatgpt outperforms crowd-workers for text-annotation tasks},
  author={Gilardi, Fabrizio and Alizadeh, Meysam and Kubli, Ma{\"e}l},
  journal={arXiv preprint arXiv:2303.15056},
  year={2023}
}

@article{tornberg2023chatgpt,
  title={Chatgpt-4 outperforms experts and crowd workers in annotating political twitter messages with zero-shot learning},
  author={T{\"o}rnberg, Petter},
  journal={arXiv preprint arXiv:2304.06588},
  year={2023}
}

@inproceedings{huang2023chatgpt,
    author = {Huang, Fan and Kwak, Haewoon and An, Jisun},
    title = {Is ChatGPT Better than Human Annotators? Potential and Limitations of ChatGPT in Explaining Implicit Hate Speech},
    year = {2023},
    isbn = {9781450394192},
    publisher = {Association for Computing Machinery},
    address = {New York, NY, USA},
    url = {https://doi.org/10.1145/3543873.3587368},
    doi = {10.1145/3543873.3587368},
    booktitle = {Companion Proceedings of the ACM Web Conference 2023},
    pages = {294–297},
    numpages = {4},
    keywords = {Toxicity Detection, Human Annotation, Large Language Models, Natural Language Explanation, Hate Speech, ChatGPT},
    location = {Austin, TX, USA},
    series = {WWW '23 Companion}
}

@misc{zhang2024would,
      title={How would Stance Detection Techniques Evolve after the Launch of ChatGPT?}, 
      author={Bowen Zhang and Daijun Ding and Liwen Jing and Genan Dai and Nan Yin},
      year={2024},
      eprint={2212.14548},
      archivePrefix={arXiv},
      primaryClass={cs.CL},
      url={https://arxiv.org/abs/2212.14548}, 
}

@article{amin2023will,
  title={Will Affective Computing Emerge From Foundation Models and General Artificial Intelligence? A First Evaluation of ChatGPT},
  author={Amin, Mostafa M and Cambria, Erik and Schuller, Bj{\"o}rn W},
  journal={IEEE Intelligent Systems},
  volume={38},
  number={2},
  pages={15--23},
  year={2023},
  publisher={IEEE}
}

@article{liu2023summary,
  title={Summary of chatgpt-related research and perspective towards the future of large language models},
  author={Liu, Yiheng and Han, Tianle and Ma, Siyuan and Zhang, Jiayue and Yang, Yuanyuan and Tian, Jiaming and He, Hao and Li, Antong and He, Mengshen and Liu, Zhengliang and others},
  journal={Meta-Radiology},
  pages={100017},
  year={2023},
  publisher={Elsevier}
}

@misc{chew2023llm,
      title={LLM-Assisted Content Analysis: Using Large Language Models to Support Deductive Coding}, 
      author={Robert Chew and John Bollenbacher and Michael Wenger and Jessica Speer and Annice Kim},
      year={2023},
      eprint={2306.14924},
      archivePrefix={arXiv},
      primaryClass={cs.CL},
      url={https://arxiv.org/abs/2306.14924}, 
}

@article{ziems2024can,
    title = "Can Large Language Models Transform Computational Social Science?",
    author = "Ziems, Caleb  and
      Held, William  and
      Shaikh, Omar  and
      Chen, Jiaao  and
      Zhang, Zhehao  and
      Yang, Diyi",
    journal = "Computational Linguistics",
    volume = "50",
    number = "1",
    month = mar,
    year = "2024",
    address = "Cambridge, MA",
    publisher = "MIT Press",
    url = "https://aclanthology.org/2024.cl-1.8",
    doi = "10.1162/coli_a_00502",
    pages = "237--291",
}

@techreport{openai2023gpt4,
  author  = "OpenAI",
  year    = 2023,
  title   = "{GPT-4 Technical Report}",
  type    = "Technical Report", 
  number  = "KSL-86-19", 
  institution = "Dept.\ of Computer Science, Stanford Univ.",
}

@misc{openai2023gpt4,
      title={GPT-4 Technical Report}, 
      author={OpenAI},
      year={2024},
      eprint={2303.08774},
      archivePrefix={arXiv},
      primaryClass={cs.CL},
      url={https://arxiv.org/abs/2303.08774}, 
}

@misc{touvron2023llama,
      title={Llama 2: Open Foundation and Fine-Tuned Chat Models}, 
      author={Meta},
      year={2023},
      eprint={2307.09288},
      archivePrefix={arXiv},
      primaryClass={cs.CL},
      url={https://arxiv.org/abs/2307.09288}, 
}

@misc{thoppilan2022lamda,
      title={LaMDA: Language Models for Dialog Applications}, 
      author={Romal Thoppilan and Daniel De Freitas and Jamie Hall and Noam Shazeer and Apoorv Kulshreshtha and Heng-Tze Cheng and Alicia Jin and Taylor Bos and Leslie Baker and Yu Du and YaGuang Li and Hongrae Lee and Huaixiu Steven Zheng and Amin Ghafouri and Marcelo Menegali and Yanping Huang and Maxim Krikun and Dmitry Lepikhin and James Qin and Dehao Chen and Yuanzhong Xu and Zhifeng Chen and Adam Roberts and Maarten Bosma and Vincent Zhao and Yanqi Zhou and Chung-Ching Chang and Igor Krivokon and Will Rusch and Marc Pickett and Pranesh Srinivasan and Laichee Man and Kathleen Meier-Hellstern and Meredith Ringel Morris and Tulsee Doshi and Renelito Delos Santos and Toju Duke and Johnny Soraker and Ben Zevenbergen and Vinodkumar Prabhakaran and Mark Diaz and Ben Hutchinson and Kristen Olson and Alejandra Molina and Erin Hoffman-John and Josh Lee and Lora Aroyo and Ravi Rajakumar and Alena Butryna and Matthew Lamm and Viktoriya Kuzmina and Joe Fenton and Aaron Cohen and Rachel Bernstein and Ray Kurzweil and Blaise Aguera-Arcas and Claire Cui and Marian Croak and Ed Chi and Quoc Le},
      year={2022},
      eprint={2201.08239},
      archivePrefix={arXiv},
      primaryClass={cs.CL},
      url={https://arxiv.org/abs/2201.08239}, 
}

@inproceedings{feng2022language,
    title = "Language-agnostic {BERT} Sentence Embedding",
    author = "Feng, Fangxiaoyu  and
      Yang, Yinfei  and
      Cer, Daniel  and
      Arivazhagan, Naveen  and
      Wang, Wei",
    editor = "Muresan, Smaranda  and
      Nakov, Preslav  and
      Villavicencio, Aline",
    booktitle = "Proceedings of the 60th Annual Meeting of the Association for Computational Linguistics (Volume 1: Long Papers)",
    month = may,
    year = "2022",
    address = "Dublin, Ireland",
    publisher = "Association for Computational Linguistics",
    url = "https://aclanthology.org/2022.acl-long.62",
    doi = "10.18653/v1/2022.acl-long.62",
    pages = "878--891",
}
@inproceedings{kenton2019bert,
  title={Bert: Pre-training of deep bidirectional transformers for language understanding},
  author={Kenton, Jacob Devlin Ming-Wei Chang and Toutanova, Lee Kristina},
  booktitle={Proceedings of naacL-HLT},
  volume={1},
  pages={2},
  year={2019},
  organization={Minneapolis, Minnesota}
}

@article{hoover2020moral,
  title={Moral foundations twitter corpus: A collection of 35k tweets annotated for moral sentiment},
  author={Hoover, Joe and Portillo-Wightman, Gwenyth and Yeh, Leigh and Havaldar, Shreya and Davani, Aida Mostafazadeh and Lin, Ying and Kennedy, Brendan and Atari, Mohammad and Kamel, Zahra and Mendlen, Madelyn and others},
  journal={Social Psychological and Personality Science},
  volume={11},
  number={8},
  pages={1057--1071},
  year={2020},
  publisher={Sage Publications Sage CA: Los Angeles, CA}
}

@article{hopp2021extended,
  title={The extended Moral Foundations Dictionary (eMFD): Development and applications of a crowd-sourced approach to extracting moral intuitions from text},
  author={Hopp, Frederic R and Fisher, Jacob T and Cornell, Devin and Huskey, Richard and Weber, Ren{\'e}},
  journal={Behavior research methods},
  volume={53},
  pages={232--246},
  year={2021},
  publisher={Springer}
}

@inproceedings{carvalho2020brazilian,
  title={A brazilian portuguese moral foundations dictionary for fake news classification},
  author={Carvalho, Flavio and Okuno, Helder Yukio and Baroni, Lais and Guedes, Gustavo},
  booktitle={2020 39th International Conference of the Chilean Computer Science Society (SCCC)},
  pages={1--5},
  year={2020},
  organization={IEEE}
}

@article{matsuo2019development,
  title={Development and validation of the Japanese moral foundations dictionary},
  author={Matsuo, Akiko and Sasahara, Kazutoshi and Taguchi, Yasuhiro and Karasawa, Minoru},
  journal={PloS one},
  volume={14},
  number={3},
  pages={e0213343},
  year={2019},
  publisher={Public Library of Science San Francisco, CA USA}
}

@article{graham2009liberals,
  title={Liberals and conservatives rely on different sets of moral foundations.},
  author={Graham, Jesse and Haidt, Jonathan and Nosek, Brian A},
  journal={Journal of personality and social psychology},
  volume={96},
  number={5},
  pages={1029},
  year={2009},
  publisher={American Psychological Association}
}

@article{hopp2021rejoinder,
  title={Rejoinder: How methodological decisions impact the validity of moral content analyses},
  author={Hopp, Frederic R and Weber, Ren{\'e}},
  journal={Communication Monographs},
  volume={88},
  number={3},
  pages={389--393},
  year={2021},
  publisher={Taylor \& Francis}
}

@article{wang2021different,
  title={Different pathways to identify moral framing from media content: A response to Hopp and Weber},
  author={Wang, Rong and Liu, Wenlin},
  journal={Communication monographs},
  volume={88},
  number={3},
  pages={380--388},
  year={2021},
  publisher={Taylor \& Francis}
}

@article{hopp2021reflections,
  title={Reflections on extracting moral foundations from media content},
  author={Hopp, Frederic R and Weber, Ren{\'e}},
  journal={Communication monographs},
  volume={88},
  number={3},
  pages={371--379},
  year={2021},
  publisher={Taylor \& Francis}
}

@incollection{weber2021extracting,
  title={Extracting latent moral information from text narratives: Relevance, challenges, and solutions},
  author={Weber, Ren{\'e} and Mangus, J Michael and Huskey, Richard and Hopp, Frederic R and Amir, Ori and Swanson, Reid and Gordon, Andrew and Khooshabeh, Peter and Hahn, Lindsay and Tamborini, Ron},
  booktitle={Computational Methods for Communication Science},
  pages={39--59},
  year={2021},
  publisher={Routledge}
}


@article{kennedy2021moral,
  title={Moral concerns are differentially observable in language},
  author={Kennedy, Brendan and Atari, Mohammad and Davani, Aida Mostafazadeh and Hoover, Joe and Omrani, Ali and Graham, Jesse and Dehghani, Morteza},
  journal={Cognition},
  volume={212},
  pages={104696},
  year={2021},
  publisher={Elsevier}
}

@article{gantman2016see,
  title={See for yourself: Perception is attuned to morality},
  author={Gantman, Ana P and Van Bavel, Jay J},
  journal={Trends in Cognitive Sciences},
  volume={20},
  number={2},
  pages={76--77},
  year={2016},
  publisher={Elsevier}
}

@article{gantman2014moral,
  title={The moral pop-out effect: Enhanced perceptual awareness of morally relevant stimuli},
  author={Gantman, Ana P and Van Bavel, Jay J},
  journal={Cognition},
  volume={132},
  number={1},
  pages={22--29},
  year={2014},
  publisher={Elsevier}
}


@article{atari2023morality,
  title={Morality beyond the WEIRD: How the nomological network of morality varies across cultures.},
  author={Atari, Mohammad and Haidt, Jonathan and Graham, Jesse and Koleva, Sena and Stevens, Sean T and Dehghani, Morteza},
  journal={Journal of Personality and Social Psychology},
  year={2023},
  publisher={American Psychological Association}
}

@article{cheng2023c,
  title={C-MFD 2.0: Developing a Chinese Moral Foundation Dictionary},
  author={Cheng, Calvin Yixiang and Zhang, Weiyu},
  journal={Computational Communication Research},
  volume={5},
  number={2},
  pages={1},
  year={2023},
  publisher={Amsterdam University Press Amsterdam}
}

@article{atari2020foundations,
  title={Foundations of morality in Iran},
  author={Atari, Mohammad and Graham, Jesse and Dehghani, Morteza},
  journal={Evolution and Human behavior},
  volume={41},
  number={5},
  pages={367--384},
  year={2020},
  publisher={Elsevier}
}

@book{wiredu1992person,
  title={Person and community: Ghanaian philosophical studies I},
  author={Wiredu, Kwasi},
  volume={1},
  year={1992},
  publisher={CRVP}
}


@article{iyer2012understanding,
  title={Understanding libertarian morality: the psychological dispositions of self-identified libertarians},
  author={Iyer, Ravi and Koleva, Spassena and Graham, Jesse and Ditto, Peter and Haidt, Jonathan},
  journal={PloS one},
  volume={7},
  number={8},
  pages={e42366},
  year={2012}
}

@article{zakharin2021remapping,
  title={Remapping the foundations of morality: Well-fitting structural model of the Moral Foundations Questionnaire},
  author={Zakharin, Michael and Bates, Timothy C},
  journal={PloS one},
  volume={16},
  number={10},
  pages={e0258910},
  year={2021},
  publisher={Public Library of Science San Francisco, CA USA}
}

@article{dougruyol2019five,
  title={The five-factor model of the moral foundations theory is stable across WEIRD and non-WEIRD cultures},
  author={Do{\u{g}}ruyol, Burak and Alper, Sinan and Yilmaz, Onurcan},
  journal={Personality and Individual Differences},
  volume={151},
  pages={109547},
  year={2019},
  publisher={Elsevier}
}

@article{mchugh2023just,
  title={Just wrong? Or just WEIRD? Investigating the prevalence of moral dumbfounding in non-Western samples},
  author={McHugh, Cillian and Zhang, Run and Karnatak, Tanuja and Lamba, Nishtha and Khokhlova, Olga},
  journal={Memory \& Cognition},
  pages={1--18},
  year={2023},
  publisher={Springer}
}

@article{alper2019big,
  title={How is the Big Five related to moral and political convictions: The moderating role of the WEIRDness of the culture},
  author={Alper, Sinan and Yilmaz, Onurcan},
  journal={Personality and Individual Differences},
  volume={145},
  pages={32--38},
  year={2019},
  publisher={Elsevier}
}

@article{harper2021reanalysing,
  title={Reanalysing the factor structure of the moral foundations questionnaire},
  author={Harper, Craig A and Rhodes, Darren},
  journal={British Journal of Social Psychology},
  volume={60},
  number={4},
  pages={1303--1329},
  year={2021},
  publisher={Wiley Online Library}
}

@article{iurino2020testing,
  title={Testing measurement invariance of the Moral Foundations Questionnaire across 27 countries},
  author={Iurino, Kathryn and Saucier, Gerard},
  journal={Assessment},
  volume={27},
  number={2},
  pages={365--372},
  year={2020},
  publisher={Sage Publications Sage CA: Los Angeles, CA}
}

@misc{jones2010weird,
  title={A WEIRD view of human nature skews psychologists' studies},
  author={Jones, Dan},
  year={2010},
  publisher={American Association for the Advancement of Science}
}

@article{henrich2010most,
  title={Most people are not WEIRD},
  author={Henrich, Joseph and Heine, Steven J and Norenzayan, Ara},
  journal={Nature},
  volume={466},
  number={7302},
  pages={29--29},
  year={2010},
  publisher={Nature Publishing Group UK London}
}

@article{davies2014confirmatory,
  title={Confirmatory factor analysis of the Moral Foundations Questionnaire},
  author={Davies, Caitlin L and Sibley, Chris G and Liu, James H},
  journal={Social Psychology},
  year={2014},
  publisher={Hogrefe Publishing}
}

@article{graham2008moral,
  title={Moral foundations questionnaire},
  author={Graham, Jesse and Nosek, Brian A and Haidt, Jonathan and Iyer, Ravi and Spassena, Koleva and Ditto, Peter H},
  journal={Journal of Personality and Social Psychology},
  year={2008}
}


@incollection{haidt2008moral,
    author = {Haidt, Jonathan and Joseph, Craig},
    isbn = {9780195332834},
    title = "{The Moral Mind: How Five Sets of Innate Intuitions Guide the Development of Many Culture‐Specific Virtues, and Perhaps Even Modules}",
    booktitle = "{The Innate Mind, Volume 3: Foundations and the Future}",
    publisher = {Oxford University Press},
    year = {2008},
    month = {04},
    doi = {10.1093/acprof:oso/9780195332834.003.0019}
}


@article{haidt2007morality,
  title={When morality opposes justice: Conservatives have moral intuitions that liberals may not recognize},
  author={Haidt, Jonathan and Graham, Jesse},
  journal={Social justice research},
  volume={20},
  number={1},
  pages={98--116},
  year={2007},
  publisher={Springer}
}

@article{churchland2001toward,
  title={Toward a cognitive neurobiology of the moral virtues},
  author={Churchland, Paul},
  journal={The foundations of cognitive science},
  pages={77--98},
  year={2001},
  publisher={Oxford University Press}
}

@book{dewey2015human,
  title={Human Nature And Conduct-An Introduction To Social Psychology},
  author={Dewey, John},
  year={2015},
  publisher={Read Books Ltd}
}

@article{de1999good,
  title={Good natured: The origins of right and wrong in humans and other animals},
  author={de Waal, Frans},
  journal={Senior Managing Editor},
  volume={6},
  number={1},
  pages={63},
  year={1999}
}

@incollection{shweder2013big,
  title={The “big three” of morality (autonomy, community, divinity) and the “big three” explanations of suffering},
  author={Shweder, Richard A and Much, Nancy C and Mahapatra, Manamohan and Park, Lawrence},
  booktitle={Morality and health},
  pages={119--169},
  year={2013},
  publisher={Routledge}
}

@article{schwartz1990toward,
  title={Toward a theory of the universal content and structure of values: Extensions and cross-cultural replications.},
  author={Schwartz, Shalom H and Bilsky, Wolfgang},
  journal={Journal of personality and social psychology},
  volume={58},
  number={5},
  pages={878},
  year={1990},
  publisher={American Psychological Association}
}

@book{page1993structures,
  title={Structures of Social Life},
  author={Fiske, Alan P},
  year={1993},
  publisher={Simon and Schuster}
}

@article{brown2004human,
  title={Human universals, human nature \& human culture},
  author={Brown, Donald E},
  journal={Daedalus},
  volume={133},
  number={4},
  pages={47--54},
  year={2004},
  publisher={JSTOR}
}

@incollection{graham2013moral,
  title={Moral foundations theory: The pragmatic validity of moral pluralism},
  author={Graham, Jesse and Haidt, Jonathan and Koleva, Sena and Motyl, Matt and Iyer, Ravi and Wojcik, Sean P and Ditto, Peter H},
  booktitle={Advances in experimental social psychology},
  volume={47},
  pages={55--130},
  year={2013},
  publisher={Elsevier}
}

@misc{diller2015bonobo,
  title={The bonobo and the behaviorist: Frans de Waal’s bottom-up morality},
  author={Diller, James W and Boornazian, Erik S},
  year={2015},
  publisher={Springer}
}

@book{waal2013bonobo,
  title={The bonobo and the atheist: In search of humanism among the primates},
  author={Waal, Frans BM and Lodge, Henry Cabot},
  year={2013},
  publisher={WW Norton \& Company}
}

@book{marcus2004birth,
  title={The birth of the mind: How a tiny number of genes creates the complexities of human thought},
  author={Marcus, Gary Fred},
  year={2004},
  publisher={Basic Civitas Books}
}

@book{hauser2006moral,
  title={Moral minds: How nature designed our universal sense of right and wrong.},
  author={Hauser, Marc},
  year={2006},
  publisher={Ecco/HarperCollins Publishers}
}

@article{haidt2004intuitive,
  title={Intuitive ethics: How innately prepared intuitions generate culturally variable virtues},
  author={Haidt, Jonathan and Joseph, Craig},
  journal={Daedalus},
  volume={133},
  number={4},
  pages={55--66},
  year={2004},
  publisher={JSTOR}
}

@article{zhao2018gender,
  title={Gender bias in coreference resolution: Evaluation and debiasing methods},
  author={Zhao, Jieyu and Wang, Tianlu and Yatskar, Mark and Ordonez, Vicente and Chang, Kai-Wei},
  journal={arXiv preprint arXiv:1804.06876},
  year={2018}
}

@article{zhang2022artificial,
  title={Artificial intelligence and moral dilemmas: Perception of ethical decision-making in AI},
  author={Zhang, Zaixuan and Chen, Zhansheng and Xu, Liying},
  journal={Journal of Experimental Social Psychology},
  volume={101},
  pages={104327},
  year={2022},
  publisher={Elsevier}
}

@inproceedings{dhamala2021bold,
  title={Bold: Dataset and metrics for measuring biases in open-ended language generation},
  author={Dhamala, Jwala and Sun, Tony and Kumar, Varun and Krishna, Satyapriya and Pruksachatkun, Yada and Chang, Kai-Wei and Gupta, Rahul},
  booktitle={Proceedings of the 2021 ACM conference on fairness, accountability, and transparency},
  pages={862--872},
  year={2021}
}


@article{effron2022moral,
  title={The moral psychology of misinformation: Why we excuse dishonesty in a post-truth world},
  author={Effron, Daniel A and Helgason, Beth Anne},
  journal={Current opinion in Psychology},
  volume={47},
  pages={101375},
  year={2022},
  publisher={Elsevier}
}

@article{yang2024sharing,
  title={Sharing is caring? How moral foundation frames drive the sharing of corrective messages and misinformation about COVID-19 vaccines},
  author={Yang, Aimei and Zhou, Alvin and Shin, Jieun and Huang-Isherwood, Ke and Liu, Wenlin and Dong, Chuqing and Lee, Eugene and Sun, Jingyi},
  journal={Journal of Computational Social Science},
  pages={1--33},
  year={2024},
  publisher={Springer}
}

@article{brady2017emotion,
  title={Emotion shapes the diffusion of moralized content in social networks},
  author={Brady, William J and Wills, Julian A and Jost, John T and Tucker, Joshua A and Van Bavel, Jay J},
  journal={Proceedings of the National Academy of Sciences},
  volume={114},
  number={28},
  pages={7313--7318},
  year={2017},
  publisher={National Acad Sciences}
}