@inproceedings{bertasius2021space,
  title={Is space-time attention all you need for video understanding?},
  author={Bertasius, Gedas and Wang, Heng and Torresani, Lorenzo},
  booktitle={ICML},
  volume={2},
  number={3},
  pages={4},
  year={2021}
}

@inproceedings{bohte2000spikeprop,
  title={SpikeProp: backpropagation for networks of spiking neurons.},
  author={Bohte, Sander M and Kok, Joost N and La Poutr{\'e}, Johannes A},
  booktitle={ESANN},
  volume={48},
  pages={419--424},
  year={2000},
  organization={Bruges}
}

@article{cao2015spiking,
  title={Spiking deep convolutional neural networks for energy-efficient object recognition},
  author={Cao, Yongqiang and Chen, Yang and Khosla, Deepak},
  journal={International Journal of Computer Vision},
  volume={113},
  pages={54--66},
  year={2015},
  publisher={Springer}
}

@article{dosovitskiy2020image,
  title={An image is worth 16x16 words: Transformers for image recognition at scale},
  author={Dosovitskiy, Alexey},
  journal={arXiv preprint arXiv:2010.11929},
  year={2020}
}

@article{fang2021deep,
  title={Deep residual learning in spiking neural networks},
  author={Fang, Wei and Yu, Zhaofei and Chen, Yanqi and Huang, Tiejun and Masquelier, Timoth{\'e}e and Tian, Yonghong},
  journal={Advances in Neural Information Processing Systems},
  volume={34},
  pages={21056--21069},
  year={2021}
}

@inproceedings{fang2021incorporating,
  title={Incorporating learnable membrane time constant to enhance learning of spiking neural networks},
  author={Fang, Wei and Yu, Zhaofei and Chen, Yanqi and Masquelier, Timoth{\'e}e and Huang, Tiejun and Tian, Yonghong},
  booktitle={Proceedings of the IEEE/CVF international conference on computer vision},
  pages={2661--2671},
  year={2021}
}

@article{fang2024parallel,
  title={Parallel spiking neurons with high efficiency and ability to learn long-term dependencies},
  author={Fang, Wei and Yu, Zhaofei and Zhou, Zhaokun and Chen, Ding and Chen, Yanqi and Ma, Zhengyu and Masquelier, Timoth{\'e}e and Tian, Yonghong},
  journal={Advances in Neural Information Processing Systems},
  volume={36},
  year={2024}
}

@inproceedings{graham2021levit,
  title={Levit: a vision transformer in convnet's clothing for faster inference},
  author={Graham, Benjamin and El-Nouby, Alaaeldin and Touvron, Hugo and Stock, Pierre and Joulin, Armand and J{\'e}gou, Herv{\'e} and Douze, Matthijs},
  booktitle={Proceedings of the IEEE/CVF international conference on computer vision},
  pages={12259--12269},
  year={2021}
}

@article{guo2021pct,
  title={Pct: Point cloud transformer},
  author={Guo, Meng-Hao and Cai, Jun-Xiong and Liu, Zheng-Ning and Mu, Tai-Jiang and Martin, Ralph R and Hu, Shi-Min},
  journal={Computational Visual Media},
  volume={7},
  pages={187--199},
  year={2021},
  publisher={Springer}
}

@inproceedings{han2020rmp,
  title={Rmp-snn: Residual membrane potential neuron for enabling deeper high-accuracy and low-latency spiking neural network},
  author={Han, Bing and Srinivasan, Gopalakrishnan and Roy, Kaushik},
  booktitle={Proceedings of the IEEE/CVF conference on computer vision and pattern recognition},
  pages={13558--13567},
  year={2020}
}

@article{hu2021spiking,
  title={Spiking deep residual networks},
  author={Hu, Yangfan and Tang, Huajin and Pan, Gang},
  journal={IEEE Transactions on Neural Networks and Learning Systems},
  volume={34},
  number={8},
  pages={5200--5205},
  year={2021},
  publisher={IEEE}
}

@article{hu2024advancing,
  title={Advancing spiking neural networks toward deep residual learning},
  author={Hu, Yifan and Deng, Lei and Wu, Yujie and Yao, Man and Li, Guoqi},
  journal={IEEE Transactions on Neural Networks and Learning Systems},
  year={2024},
  publisher={IEEE}
}

@inproceedings{jie2023fact,
  title={Fact: Factor-tuning for lightweight adaptation on vision transformer},
  author={Jie, Shibo and Deng, Zhi-Hong},
  booktitle={Proceedings of the AAAI conference on artificial intelligence},
  volume={37},
  number={1},
  pages={1060--1068},
  year={2023}
}

@inproceedings{kenton2019bert,
  title={Bert: Pre-training of deep bidirectional transformers for language understanding},
  author={Kenton, Jacob Devlin Ming-Wei Chang and Toutanova, Lee Kristina},
  booktitle={Proceedings of naacL-HLT},
  volume={1},
  pages={2},
  year={2019},
  organization={Minneapolis, Minnesota}
}

@inproceedings{li2023rethinking,
  title={Rethinking vision transformers for mobilenet size and speed},
  author={Li, Yanyu and Hu, Ju and Wen, Yang and Evangelidis, Georgios and Salahi, Kamyar and Wang, Yanzhi and Tulyakov, Sergey and Ren, Jian},
  booktitle={Proceedings of the IEEE/CVF International Conference on Computer Vision},
  pages={16889--16900},
  year={2023}
}

@inproceedings{liu2021swin,
  title={Swin transformer: Hierarchical vision transformer using shifted windows},
  author={Liu, Ze and Lin, Yutong and Cao, Yue and Hu, Han and Wei, Yixuan and Zhang, Zheng and Lin, Stephen and Guo, Baining},
  booktitle={Proceedings of the IEEE/CVF international conference on computer vision},
  pages={10012--10022},
  year={2021}
}

@article{liu2022ecoformer,
  title={Ecoformer: Energy-saving attention with linear complexity},
  author={Liu, Jing and Pan, Zizheng and He, Haoyu and Cai, Jianfei and Zhuang, Bohan},
  journal={Advances in Neural Information Processing Systems},
  volume={35},
  pages={10295--10308},
  year={2022}
}

@article{mehta2021mobilevit,
  title={Mobilevit: light-weight, general-purpose, and mobile-friendly vision transformer},
  author={Mehta, Sachin and Rastegari, Mohammad},
  journal={arXiv preprint arXiv:2110.02178},
  year={2021}
}

@inproceedings{mei2021image,
  title={Image super-resolution with non-local sparse attention},
  author={Mei, Yiqun and Fan, Yuchen and Zhou, Yuqian},
  booktitle={Proceedings of the IEEE/CVF conference on computer vision and pattern recognition},
  pages={3517--3526},
  year={2021}
}

@inproceedings{pan2020x,
  title={X-linear attention networks for image captioning},
  author={Pan, Yingwei and Yao, Ting and Li, Yehao and Mei, Tao},
  booktitle={Proceedings of the IEEE/CVF conference on computer vision and pattern recognition},
  pages={10971--10980},
  year={2020}
}

@article{shan2024advancing,
  title={Advancing Spiking Neural Networks towards Multiscale Spatiotemporal Interaction Learning},
  author={Shan, Yimeng and Zhang, Malu and Zhu, Rui-jie and Qiu, Xuerui and Eshraghian, Jason K and Qu, Haicheng},
  journal={arXiv preprint arXiv:2405.13672},
  year={2024}
}

@inproceedings{shi2024spikingresformer,
  title={SpikingResformer: Bridging ResNet and Vision Transformer in Spiking Neural Networks},
  author={Shi, Xinyu and Hao, Zecheng and Yu, Zhaofei},
  booktitle={Proceedings of the IEEE/CVF Conference on Computer Vision and Pattern Recognition},
  pages={5610--5619},
  year={2024}
}

@article{vaswani2017attention,
  title={Attention is all you need},
  author={Vaswani, A},
  journal={Advances in Neural Information Processing Systems},
  year={2017}
}

@inproceedings{wang2023complex,
  title={Complex dynamic neurons improved spiking transformer network for efficient automatic speech recognition},
  author={Wang, Qingyu and Zhang, Tielin and Han, Minglun and Wang, Yi and Zhang, Duzhen and Xu, Bo},
  booktitle={Proceedings of the AAAI Conference on Artificial Intelligence},
  volume={37},
  number={1},
  pages={102--109},
  year={2023}
}

@article{wang2024ternary,
  title={Ternary spike-based neuromorphic signal processing system},
  author={Wang, Shuai and Zhang, Dehao and Belatreche, Ammar and Xiao, Yichen and Qing, Hongyu and We, Wenjie and Zhang, Malu and Yang, Yang},
  journal={arXiv preprint arXiv:2407.05310},
  year={2024}
}

@inproceedings{wei2023temporal,
  title={Temporal-coded spiking neural networks with dynamic firing threshold: Learning with event-driven backpropagation},
  author={Wei, Wenjie and Zhang, Malu and Qu, Hong and Belatreche, Ammar and Zhang, Jian and Chen, Hong},
  booktitle={Proceedings of the IEEE/CVF International Conference on Computer Vision},
  pages={10552--10562},
  year={2023}
}

@article{wu2018spatio,
  title={Spatio-temporal backpropagation for training high-performance spiking neural networks},
  author={Wu, Yujie and Deng, Lei and Li, Guoqi and Zhu, Jun and Shi, Luping},
  journal={Frontiers in neuroscience},
  volume={12},
  pages={331},
  year={2018},
  publisher={Frontiers Media SA}
}

@article{wu2021progressive,
  title={Progressive tandem learning for pattern recognition with deep spiking neural networks},
  author={Wu, Jibin and Xu, Chenglin and Han, Xiao and Zhou, Daquan and Zhang, Malu and Li, Haizhou and Tan, Kay Chen},
  journal={IEEE Transactions on Pattern Analysis and Machine Intelligence},
  volume={44},
  number={11},
  pages={7824--7840},
  year={2021},
  publisher={IEEE}
}

@article{yao2023attention,
  title={Attention spiking neural networks},
  author={Yao, Man and Zhao, Guangshe and Zhang, Hengyu and Hu, Yifan and Deng, Lei and Tian, Yonghong and Xu, Bo and Li, Guoqi},
  journal={IEEE transactions on pattern analysis and machine intelligence},
  volume={45},
  number={8},
  pages={9393--9410},
  year={2023},
  publisher={IEEE}
}

@article{yao2024spike,
  title={Spike-driven transformer},
  author={Yao, Man and Hu, Jiakui and Zhou, Zhaokun and Yuan, Li and Tian, Yonghong and Xu, Bo and Li, Guoqi},
  journal={Advances in neural information processing systems},
  volume={36},
  year={2024}
}

@inproceedings{yu2022metaformer,
  title={Metaformer is actually what you need for vision},
  author={Yu, Weihao and Luo, Mi and Zhou, Pan and Si, Chenyang and Zhou, Yichen and Wang, Xinchao and Feng, Jiashi and Yan, Shuicheng},
  booktitle={Proceedings of the IEEE/CVF conference on computer vision and pattern recognition},
  pages={10819--10829},
  year={2022}
}

@article{zhang2021rectified,
  title={Rectified linear postsynaptic potential function for backpropagation in deep spiking neural networks},
  author={Zhang, Malu and Wang, Jiadong and Wu, Jibin and Belatreche, Ammar and Amornpaisannon, Burin and Zhang, Zhixuan and Miriyala, Venkata Pavan Kumar and Qu, Hong and Chua, Yansong and Carlson, Trevor E and others},
  journal={IEEE transactions on neural networks and learning systems},
  volume={33},
  number={5},
  pages={1947--1958},
  year={2021},
  publisher={IEEE}
}

@inproceedings{zhang2024spike,
  title={Spike-based Neuromorphic Model for Sound Source Localization},
  author={Zhang, Dehao and Wang, Shuai and Belatreche, Ammar and Wei, Wenjie and Xiao, Yichen and Zheng, Haorui and Zhou, Zijian and Zhang, Malu and Yang, Yang},
  booktitle={The Thirty-eighth Annual Conference on Neural Information Processing Systems},
  year={2024}
}

@inproceedings{zheng2021going,
  title={Going deeper with directly-trained larger spiking neural networks},
  author={Zheng, Hanle and Wu, Yujie and Deng, Lei and Hu, Yifan and Li, Guoqi},
  booktitle={Proceedings of the AAAI conference on artificial intelligence},
  volume={35},
  number={12},
  pages={11062--11070},
  year={2021}
}

@article{zhou2023spikingformer,
  title={Spikingformer: Spike-driven residual learning for transformer-based spiking neural network},
  author={Zhou, Chenlin and Yu, Liutao and Zhou, Zhaokun and Ma, Zhengyu and Zhang, Han and Zhou, Huihui and Tian, Yonghong},
  journal={arXiv preprint arXiv:2304.11954},
  year={2023}
}

@inproceedings{zhouspikformer,
  title={Spikformer: When Spiking Neural Network Meets Transformer},
  author={Zhou, Zhaokun and Zhu, Yuesheng and He, Chao and Wang, Yaowei and Shuicheng, YAN and Tian, Yonghong and Yuan, Li},
  booktitle={The Eleventh International Conference on Learning Representations},
  year={2023}
}

@article{zhu2024tcja,
  title={Tcja-snn: Temporal-channel joint attention for spiking neural networks},
  author={Zhu, Rui-Jie and Zhang, Malu and Zhao, Qihang and Deng, Haoyu and Duan, Yule and Deng, Liang-Jian},
  journal={IEEE Transactions on Neural Networks and Learning Systems},
  year={2024},
  publisher={IEEE}
}

