@incollection{Bengio+chapter2007,
author = {Bengio, Yoshua and LeCun, Yann},
booktitle = {Large Scale Kernel Machines},
publisher = {MIT Press},
title = {Scaling Learning Algorithms Towards {AI}},
year = {2007}
}

@article{Hinton06,
author = {Hinton, Geoffrey E. and Osindero, Simon and Teh, Yee Whye},
journal = {Neural Computation},
pages = {1527--1554},
title = {A Fast Learning Algorithm for Deep Belief Nets},
volume = {18},
year = {2006}
}

@book{goodfellow2016deep,
title={Deep learning},
author={Goodfellow, Ian and Bengio, Yoshua and Courville, Aaron and Bengio, Yoshua},
volume={1},
year={2016},
publisher={MIT Press}
}
@book{em:86,
  editor  = "Engelmore, Robert and Morgan, Anthony",
  title   = "Blackboard Systems",
  year    = 1986,
  address = "Reading, Mass.",
  publisher = "Addison-Wesley",
}

@inproceedings{c:83,
  author  = "Clancey, William J.",
  year    = 1983,
  title   = "{Communication, Simulation, and Intelligent
Agents: Implications of Personal Intelligent Machines
for Medical Education}",
  booktitle="Proceedings of the Eighth International Joint Conference on Artificial Intelligence {(IJCAI-83)}", 
  pages   = "556-560",
  address = "Menlo Park, Calif",
  publisher = "{IJCAI Organization}",
}
@inproceedings{c:84,
  author  = "Clancey, William J.",
  year    = 1984,
  title   = "{Classification Problem Solving}",
  booktitle = "Proceedings of the Fourth National 
              Conference on Artificial Intelligence",
  pages   = "45-54",
  address = "Menlo Park, Calif.",
  publisher="AAAI Press",
}
@article{r:80,
  author = {Robinson, Arthur L.},
  title = {New Ways to Make Microcircuits Smaller},
  volume = {208},
  number = {4447},
  pages = {1019--1022},
  year = {1980},
  doi = {10.1126/science.208.4447.1019},
  publisher = {American Association for the Advancement of Science},
  issn = {0036-8075},
  URL = {https://science.sciencemag.org/content/208/4447/1019},
  eprint = {https://science.sciencemag.org/content/208/4447/1019.full.pdf},
  journal = {Science},
}
@article{r:80x,
  author  = "Robinson, Arthur L.",
  year    = 1980,
  title   = "{New Ways to Make Microcircuits Smaller---Duplicate Entry}",
  journal = "Science",
  volume  =  208,
  pages   = "1019-1026",
}
@article{hcr:83,
title = {Strategic explanations for a diagnostic consultation system},
journal = {International Journal of Man-Machine Studies},
volume = {20},
number = {1},
pages = {3-19},
year = {1984},
issn = {0020-7373},
doi = {https://doi.org/10.1016/S0020-7373(84)80003-6},
url = {https://www.sciencedirect.com/science/article/pii/S0020737384800036},
author = {Diane Warner Hasling and William J. Clancey and Glenn Rennels},
abstract = {This article examines the problem of automatte explanation of reasoning, especially as it relates to expert systems. By explanation we mean the ability of a program to discuss what it is doing in some understandable way. We first present a general framework in which to view explanation and review some of the research done in this area. We then focus on the explanation system for NEOMYCIN, a medical consultation program. A consultation program interactively helps a user to solve a problem. Our goal is to have NEOMYCIN explain its problem-solving strategies. An explanation of strategy describes the plan the program is using to reach a solution. Such an explanation is usually concrete, referring to aspects of the current problem situation. Abstract explanations articulate a general principle, which can be applied in different situations; such explanations are useful in teaching and in explaining by analogy. We describe the aspects of NEOMYCIN that make abstract strategic explanations possible—the representation of strategic knowledge explicitly and separately from domain knowledge— and demonstrate how this representation can be used to generate explanations.}
}
@article{hcrt:83,
  author  = "Hasling, Diane Warner and Clancey, William J. and Rennels, Glenn R. and Test, Thomas",
  year    = 1983,
  title   = "{Strategic Explanations in Consultation---Duplicate}",
  journal = "The International Journal of Man-Machine Studies",
  volume  = 20,
  number  = 1,
  pages   = "3-19",
}
@techreport{r:86,
  author  = "Rice, James",
  year    = 1986,
  title   = "{Poligon: A System for Parallel Problem Solving}",
  type    = "Technical Report", 
  number  = "KSL-86-19", 
  institution = "Dept.\ of Computer Science, Stanford Univ.",
}
@phdthesis{c:79,
  author  = "Clancey, William J.",
  year    = 1979,
  title   = "{Transfer of Rule-Based Expertise
through a Tutorial Dialogue}",
  type    = "{Ph.D.} diss.",
  school  = "Dept.\ of Computer Science, Stanford Univ.",
  address = "Stanford, Calif.",
}
@unpublished{c:21,
  author  = "Clancey, William J.",
  title   = "{The Engineering of Qualitative Models}",
  year    = 2021,
  note    = "Forthcoming",
}
@misc{c:22,
      title={Attention Is All You Need}, 
      author={Ashish Vaswani and Noam Shazeer and Niki Parmar and Jakob Uszkoreit and Llion Jones and Aidan N. Gomez and Lukasz Kaiser and Illia Polosukhin},
      year={2017},
      eprint={1706.03762},
      archivePrefix={arXiv},
      primaryClass={cs.CL}
}
@misc{c:23,
  title        = "Pluto: The 'Other' Red Planet",
  author       = "{NASA}",
  howpublished = "\url{https://www.nasa.gov/nh/pluto-the-other-red-planet}",
  year         = 2015,
  note         = "Accessed: 2018-12-06"
}


@article{fang2024parallel,
  title={Parallel spiking neurons with high efficiency and ability to learn long-term dependencies},
  author={Fang, Wei and Yu, Zhaofei and Zhou, Zhaokun and Chen, Ding and Chen, Yanqi and Ma, Zhengyu and Masquelier, Timoth{\'e}e and Tian, Yonghong},
  journal={Advances in Neural Information Processing Systems},
  volume={36},
  year={2024}
}

@article{liu2022ecoformer,
  title={Ecoformer: Energy-saving attention with linear complexity},
  author={Liu, Jing and Pan, Zizheng and He, Haoyu and Cai, Jianfei and Zhuang, Bohan},
  journal={Advances in Neural Information Processing Systems},
  volume={35},
  pages={10295--10308},
  year={2022}
}

@inproceedings{han2023flatten,
  title={Flatten transformer: Vision transformer using focused linear attention},
  author={Han, Dongchen and Pan, Xuran and Han, Yizeng and Song, Shiji and Huang, Gao},
  booktitle={Proceedings of the IEEE/CVF international conference on computer vision},
  pages={5961--5971},
  year={2023}
}

@article{wu2018spatio,
  title={Spatio-temporal backpropagation for training high-performance spiking neural networks},
  author={Wu, Yujie and Deng, Lei and Li, Guoqi and Zhu, Jun and Shi, Luping},
  journal={Frontiers in neuroscience},
  volume={12},
  pages={331},
  year={2018},
  publisher={Frontiers Media SA}
}

@article{fang2021you,
  title={You only look at one sequence: Rethinking transformer in vision through object detection},
  author={Fang, Yuxin and Liao, Bencheng and Wang, Xinggang and Fang, Jiemin and Qi, Jiyang and Wu, Rui and Niu, Jianwei and Liu, Wenyu},
  journal={Advances in Neural Information Processing Systems},
  volume={34},
  pages={26183--26197},
  year={2021}
}
@inproceedings{chen2021crossvit,
  title={Crossvit: Cross-attention multi-scale vision transformer for image classification},
  author={Chen, Chun-Fu Richard and Fan, Quanfu and Panda, Rameswar},
  booktitle={Proceedings of the IEEE/CVF international conference on computer vision},
  pages={357--366},
  year={2021}
}

@inproceedings{li2023rethinking,
  title={Rethinking vision transformers for mobilenet size and speed},
  author={Li, Yanyu and Hu, Ju and Wen, Yang and Evangelidis, Georgios and Salahi, Kamyar and Wang, Yanzhi and Tulyakov, Sergey and Ren, Jian},
  booktitle={Proceedings of the IEEE/CVF International Conference on Computer Vision},
  pages={16889--16900},
  year={2023}
}
@inproceedings{jie2023fact,
  title={Fact: Factor-tuning for lightweight adaptation on vision transformer},
  author={Jie, Shibo and Deng, Zhi-Hong},
  booktitle={Proceedings of the AAAI conference on artificial intelligence},
  volume={37},
  number={1},
  pages={1060--1068},
  year={2023}
}


@inproceedings{fang2022hybrid,
  title={A hybrid network of cnn and transformer for lightweight image super-resolution},
  author={Fang, Jinsheng and Lin, Hanjiang and Chen, Xinyu and Zeng, Kun},
  booktitle={Proceedings of the IEEE/CVF conference on computer vision and pattern recognition},
  pages={1103--1112},
  year={2022}
}

@article{majaj2018deep,
  title={Deep learning—Using machine learning to study biological vision},
  author={Majaj, Najib J and Pelli, Denis G},
  journal={Journal of vision},
  volume={18},
  number={13},
  pages={2--2},
  year={2018},
  publisher={The Association for Research in Vision and Ophthalmology}
}

@article{kriegeskorte2015deep,
  title={Deep neural networks: a new framework for modeling biological vision and brain information processing},
  author={Kriegeskorte, Nikolaus},
  journal={Annual review of vision science},
  volume={1},
  number={1},
  pages={417--446},
  year={2015},
  publisher={Annual Reviews}
}

@inproceedings{pan2020x,
  title={X-linear attention networks for image captioning},
  author={Pan, Yingwei and Yao, Ting and Li, Yehao and Mei, Tao},
  booktitle={Proceedings of the IEEE/CVF conference on computer vision and pattern recognition},
  pages={10971--10980},
  year={2020}
}

@inproceedings{liu2021swin,
  title={Swin transformer: Hierarchical vision transformer using shifted windows},
  author={Liu, Ze and Lin, Yutong and Cao, Yue and Hu, Han and Wei, Yixuan and Zhang, Zheng and Lin, Stephen and Guo, Baining},
  booktitle={Proceedings of the IEEE/CVF international conference on computer vision},
  pages={10012--10022},
  year={2021}
}

@inproceedings{cao2022swin,
  title={Swin-unet: Unet-like pure transformer for medical image segmentation},
  author={Cao, Hu and Wang, Yueyue and Chen, Joy and Jiang, Dongsheng and Zhang, Xiaopeng and Tian, Qi and Wang, Manning},
  booktitle={European conference on computer vision},
  pages={205--218},
  year={2022},
  organization={Springer}
}
wei2024event,guo2024ternary
@article{wei2024event,
  title={Event-driven learning for spiking neural networks},
  author={Wei, Wenjie and Zhang, Malu and Zhang, Jilin and Belatreche, Ammar and Wu, Jibin and Xu, Zijing and Qiu, Xuerui and Chen, Hong and Yang, Yang and Li, Haizhou},
  journal={arXiv preprint arXiv:2403.00270},
  year={2024}
}

@inproceedings{guo2024ternary,
  title={Ternary spike: Learning ternary spikes for spiking neural networks},
  author={Guo, Yufei and Chen, Yuanpei and Liu, Xiaode and Peng, Weihang and Zhang, Yuhan and Huang, Xuhui and Ma, Zhe},
  booktitle={Proceedings of the AAAI Conference on Artificial Intelligence},
  volume={38},
  number={11},
  pages={12244--12252},
  year={2024}
}

@article{lindsay2021convolutional,
  title={Convolutional neural networks as a model of the visual system: Past, present, and future},
  author={Lindsay, Grace W},
  journal={Journal of cognitive neuroscience},
  volume={33},
  number={10},
  pages={2017--2031},
  year={2021},
  publisher={MIT Press One Rogers Street, Cambridge, MA 02142-1209, USA journals-info~…}
}

@article{lindsay2018biological,
  title={How biological attention mechanisms improve task performance in a large-scale visual system model},
  author={Lindsay, Grace W and Miller, Kenneth D},
  journal={ELife},
  volume={7},
  pages={e38105},
  year={2018},
  publisher={eLife Sciences Publications, Ltd}
}

@article{yamazaki2022spiking,
  title={Spiking neural networks and their applications: A review},
  author={Yamazaki, Kashu and Vo-Ho, Viet-Khoa and Bulsara, Darshan and Le, Ngan},
  journal={Brain Sciences},
  volume={12},
  number={7},
  pages={863},
  year={2022},
  publisher={MDPI}
}

@article{wang2020supervised,
  title={Supervised learning in spiking neural networks: A review of algorithms and evaluations},
  author={Wang, Xiangwen and Lin, Xianghong and Dang, Xiaochao},
  journal={Neural Networks},
  volume={125},
  pages={258--280},
  year={2020},
  publisher={Elsevier}
}

@article{bu2023optimal,
  title={Optimal ANN-SNN conversion for high-accuracy and ultra-low-latency spiking neural networks},
  author={Bu, Tong and Fang, Wei and Ding, Jianhao and Dai, PengLin and Yu, Zhaofei and Huang, Tiejun},
  journal={arXiv preprint arXiv:2303.04347},
  year={2023}
}

@article{wang2024global,
  title={Global-Local Convolution with Spiking Neural Networks for Energy-efficient Keyword Spotting},
  author={Wang, Shuai and Zhang, Dehao and Shi, Kexin and Wang, Yuchen and Wei, Wenjie and Wu, Jibin and Zhang, Malu},
  journal={arXiv preprint arXiv:2406.13179},
  year={2024}
}

@inproceedings{caviglia2014asynchronous,
  title={Asynchronous, event-driven readout of POSFET devices for tactile sensing},
  author={Caviglia, Stefano and Valle, Maurizio and Bartolozzi, Chiara},
  booktitle={2014 IEEE International Symposium on Circuits and Systems (ISCAS)},
  pages={2648--2651},
  year={2014},
  organization={IEEE},
    note={doi:{
	\href{https://doi.org/10.1109/iscas.2014.6865717}
	{ 10.1109/iscas.2014.6865717 }}}
}

@inproceedings{xing2019homeostasis,
  title={Homeostasis-based cnn-to-snn conversion of inception and residual architectures},
  author={Xing, Fu and Yuan, Ye and Huo, Hong and Fang, Tao},
  booktitle={Neural Information Processing: 26th International Conference, ICONIP 2019, Sydney, NSW, Australia, December 12--15, 2019, Proceedings, Part III 26},
  pages={173--184},
  year={2019},
  organization={Springer}
}


@inproceedings{wang2023complex,
  title={Complex dynamic neurons improved spiking transformer network for efficient automatic speech recognition},
  author={Wang, Qingyu and Zhang, Tielin and Han, Minglun and Wang, Yi and Zhang, Duzhen and Xu, Bo},
  booktitle={Proceedings of the AAAI Conference on Artificial Intelligence},
  volume={37},
  number={1},
  pages={102--109},
  year={2023}
}

@inproceedings{leroux2023online,
  title={Online transformers with spiking neurons for fast prosthetic hand control},
  author={Leroux, Nathan and Finkbeiner, Jan and Neftci, Emre},
  booktitle={2023 IEEE Biomedical Circuits and Systems Conference (BioCAS)},
  pages={1--6},
  year={2023},
  organization={IEEE}
}

@inproceedings{zhouspikformer,
  title={Spikformer: When Spiking Neural Network Meets Transformer},
  author={Zhou, Zhaokun and Zhu, Yuesheng and He, Chao and Wang, Yaowei and Shuicheng, YAN and Tian, Yonghong and Yuan, Li},
  booktitle={The Eleventh International Conference on Learning Representations},
  year={2023}
}
yao2024spike,yao2024spike,

@article{yao2024spike,
  title={Spike-driven transformer},
  author={Yao, Man and Hu, Jiakui and Zhou, Zhaokun and Yuan, Li and Tian, Yonghong and Xu, Bo and Li, Guoqi},
  journal={Advances in neural information processing systems},
  volume={36},
  year={2024}
}

@article{yao2024spikev2,
  title={Spike-driven transformer v2: Meta spiking neural network architecture inspiring the design of next-generation neuromorphic chips},
  author={Yao, Man and Hu, Jiakui and Hu, Tianxiang and Xu, Yifan and Zhou, Zhaokun and Tian, Yonghong and Xu, Bo and Li, Guoqi},
  journal={arXiv preprint arXiv:2404.03663},
  year={2024}
}

@inproceedings{shi2024spikingresformer,
  title={SpikingResformer: Bridging ResNet and Vision Transformer in Spiking Neural Networks},
  author={Shi, Xinyu and Hao, Zecheng and Yu, Zhaofei},
  booktitle={Proceedings of the IEEE/CVF Conference on Computer Vision and Pattern Recognition},
  pages={5610--5619},
  year={2024}
}
yu2022metaformer,yu2023metaformer,
@inproceedings{yu2022metaformer,
  title={Metaformer is actually what you need for vision},
  author={Yu, Weihao and Luo, Mi and Zhou, Pan and Si, Chenyang and Zhou, Yichen and Wang, Xinchao and Feng, Jiashi and Yan, Shuicheng},
  booktitle={Proceedings of the IEEE/CVF conference on computer vision and pattern recognition},
  pages={10819--10829},
  year={2022}
}

@article{yu2023metaformer,
  title={Metaformer baselines for vision},
  author={Yu, Weihao and Si, Chenyang and Zhou, Pan and Luo, Mi and Zhou, Yichen and Feng, Jiashi and Yan, Shuicheng and Wang, Xinchao},
  journal={IEEE Transactions on Pattern Analysis and Machine Intelligence},
  year={2023},
  publisher={IEEE}
}

@article{zhang2021rectified,
  title={Rectified linear postsynaptic potential function for backpropagation in deep spiking neural networks},
  author={Zhang, Malu and Wang, Jiadong and Wu, Jibin and Belatreche, Ammar and Amornpaisannon, Burin and Zhang, Zhixuan and Miriyala, Venkata Pavan Kumar and Qu, Hong and Chua, Yansong and Carlson, Trevor E and others},
  journal={IEEE transactions on neural networks and learning systems},
  volume={33},
  number={5},
  pages={1947--1958},
  year={2021},
  publisher={IEEE}
}

@article{binda2018vision,
  title={Vision during saccadic eye movements},
  author={Binda, Paola and Morrone, Maria Concetta},
  journal={Annual review of vision science},
  volume={4},
  number={1},
  pages={193--213},
  year={2018},
  publisher={Annual Reviews}
}

@article{idrees2020perceptual,
  title={Perceptual saccadic suppression starts in the retina},
  author={Idrees, Saad and Baumann, Matthias P and Franke, Felix and M{\"u}nch, Thomas A and Hafed, Ziad M},
  journal={Nature communications},
  volume={11},
  number={1},
  pages={1977},
  year={2020},
  publisher={Nature Publishing Group UK London}
}

@article{hanning2023dissociable,
  title={Dissociable roles of human frontal eye fields and early visual cortex in presaccadic attention},
  author={Hanning, Nina M and Fern{\'a}ndez, Antonio and Carrasco, Marisa},
  journal={Nature communications},
  volume={14},
  number={1},
  pages={5381},
  year={2023},
  publisher={Nature Publishing Group UK London}
}


@article{zhou2023enhancing,
  title={Enhancing the Performance of Transformer-based Spiking Neural Networks by SNN-optimized Downsampling with Precise Gradient Backpropagation},
  author={Zhou, Chenlin and Zhang, Han and Zhou, Zhaokun and Yu, Liutao and Ma, Zhengyu and Zhou, Huihui and Fan, Xiaopeng and Tian, Yonghong},
  journal={arXiv preprint arXiv:2305.05954},
  year={2023}
}

@article{zhou2023spikingformer,
  title={Spikingformer: Spike-driven residual learning for transformer-based spiking neural network},
  author={Zhou, Chenlin and Yu, Liutao and Zhou, Zhaokun and Ma, Zhengyu and Zhang, Han and Zhou, Huihui and Tian, Yonghong},
  journal={arXiv preprint arXiv:2304.11954},
  year={2023}
}

@article{han2022survey,
  title={A survey on vision transformer},
  author={Han, Kai and Wang, Yunhe and Chen, Hanting and Chen, Xinghao and Guo, Jianyuan and Liu, Zhenhua and Tang, Yehui and Xiao, An and Xu, Chunjing and Xu, Yixing and others},
  journal={IEEE transactions on pattern analysis and machine intelligence},
  volume={45},
  number={1},
  pages={87--110},
  year={2022},
  publisher={IEEE}
}

@article{hu2024advancing,
  title={Advancing spiking neural networks toward deep residual learning},
  author={Hu, Yifan and Deng, Lei and Wu, Yujie and Yao, Man and Li, Guoqi},
  journal={IEEE Transactions on Neural Networks and Learning Systems},
  year={2024},
  publisher={IEEE}
}



@inproceedings{zhang202322,
  title={22.6 anp-i: A 28nm 1.5 pj/sop asynchronous spiking neural network processor enabling sub-o. 1 $\mu$j/sample on-chip learning for edge-ai applications},
  author={Zhang, Jilin and Huo, Dexuan and Zhang, Jian and Qian, Chunqi and Liu, Qi and Pan, Liyang and Wang, Zhihua and Qiao, Ning and Tang, Kea-Tiong and Chen, Hong},
  booktitle={2023 IEEE International Solid-State Circuits Conference (ISSCC)},
  pages={21--23},
  year={2023},
  organization={IEEE}
}
@article{fang2021deep,
  title={Deep residual learning in spiking neural networks},
  author={Fang, Wei and Yu, Zhaofei and Chen, Yanqi and Huang, Tiejun and Masquelier, Timoth{\'e}e and Tian, Yonghong},
  journal={Advances in Neural Information Processing Systems},
  volume={34},
  pages={21056--21069},
  year={2021}
}

@article{li2021differentiable,
  title={Differentiable spike: Rethinking gradient-descent for training spiking neural networks},
  author={Li, Yuhang and Guo, Yufei and Zhang, Shanghang and Deng, Shikuang and Hai, Yongqing and Gu, Shi},
  journal={Advances in Neural Information Processing Systems},
  volume={34},
  pages={23426--23439},
  year={2021}
}

@inproceedings{fang2021incorporating,
  title={Incorporating learnable membrane time constant to enhance learning of spiking neural networks},
  author={Fang, Wei and Yu, Zhaofei and Chen, Yanqi and Masquelier, Timoth{\'e}e and Huang, Tiejun and Tian, Yonghong},
  booktitle={Proceedings of the IEEE/CVF international conference on computer vision},
  pages={2661--2671},
  year={2021}
}

@inproceedings{zheng2021going,
  title={Going deeper with directly-trained larger spiking neural networks},
  author={Zheng, Hanle and Wu, Yujie and Deng, Lei and Hu, Yifan and Li, Guoqi},
  booktitle={Proceedings of the AAAI conference on artificial intelligence},
  volume={35},
  number={12},
  pages={11062--11070},
  year={2021}
}

@article{deng2022temporal,
  title={Temporal efficient training of spiking neural network via gradient re-weighting},
  author={Deng, Shikuang and Li, Yuhang and Zhang, Shanghang and Gu, Shi},
  journal={arXiv preprint arXiv:2202.11946},
  year={2022}
}


@inproceedings{wang2023spatial,
  title={Spatial-Temporal Self-Attention for Asynchronous Spiking Neural Networks.},
  author={Wang, Yuchen and Shi, Kexin and Lu, Chengzhuo and Liu, Yuguo and Zhang, Malu and Qu, Hong},
  booktitle={IJCAI},
  pages={3085--3093},
  year={2023}
}

@inproceedings{kim2021lipschitz,
  title={The lipschitz constant of self-attention},
  author={Kim, Hyunjik and Papamakarios, George and Mnih, Andriy},
  booktitle={International Conference on Machine Learning},
  pages={5562--5571},
  year={2021},
  organization={PMLR}
}

@article{maass1997networks,
  title={Networks of spiking neurons: the third generation of neural network models},
  author={Maass, Wolfgang},
  journal={Neural networks},
  volume={10},
  number={9},
  pages={1659--1671},
  year={1997},
  publisher={Elsevier}
}

@book{gerstner2002spiking,
  title={Spiking neuron models: Single neurons, populations, plasticity},
  author={Gerstner, Wulfram and Kistler, Werner M},
  year={2002},
  publisher={Cambridge university press}
}

@article{izhikevich2003simple,
  title={Simple model of spiking neurons},
  author={Izhikevich, Eugene M},
  journal={IEEE Transactions on neural networks},
  volume={14},
  number={6},
  pages={1569--1572},
  year={2003},
  publisher={IEEE}
}

@article{xu2019understanding,
  title={Understanding and improving layer normalization},
  author={Xu, Jingjing and Sun, Xu and Zhang, Zhiyuan and Zhao, Guangxiang and Lin, Junyang},
  journal={Advances in neural information processing systems},
  volume={32},
  year={2019}
}

@article{dosovitskiy2020image,
  title={An image is worth 16x16 words: Transformers for image recognition at scale},
  author={Dosovitskiy, Alexey},
  journal={arXiv preprint arXiv:2010.11929},
  year={2020}
}

@inproceedings{touvron2021training,
  title={Training data-efficient image transformers \& distillation through attention},
  author={Touvron, Hugo and Cord, Matthieu and Douze, Matthijs and Massa, Francisco and Sablayrolles, Alexandre and J{\'e}gou, Herv{\'e}},
  booktitle={International conference on machine learning},
  pages={10347--10357},
  year={2021},
  organization={PMLR}
}

@inproceedings{carion2020end,
  title={End-to-end object detection with transformers},
  author={Carion, Nicolas and Massa, Francisco and Synnaeve, Gabriel and Usunier, Nicolas and Kirillov, Alexander and Zagoruyko, Sergey},
  booktitle={European conference on computer vision},
  pages={213--229},
  year={2020},
  organization={Springer}
}



@inproceedings{zheng2021rethinking,
  title={Rethinking semantic segmentation from a sequence-to-sequence perspective with transformers},
  author={Zheng, Sixiao and Lu, Jiachen and Zhao, Hengshuang and Zhu, Xiatian and Luo, Zekun and Wang, Yabiao and Fu, Yanwei and Feng, Jianfeng and Xiang, Tao and Torr, Philip HS and others},
  booktitle={Proceedings of the IEEE/CVF conference on computer vision and pattern recognition},
  pages={6881--6890},
  year={2021}
}

@inproceedings{wu2022tinyvit,
  title={Tinyvit: Fast pretraining distillation for small vision transformers},
  author={Wu, Kan and Zhang, Jinnian and Peng, Houwen and Liu, Mengchen and Xiao, Bin and Fu, Jianlong and Yuan, Lu},
  booktitle={European conference on computer vision},
  pages={68--85},
  year={2022},
  organization={Springer}
}

@inproceedings{graham2021levit,
  title={Levit: a vision transformer in convnet's clothing for faster inference},
  author={Graham, Benjamin and El-Nouby, Alaaeldin and Touvron, Hugo and Stock, Pierre and Joulin, Armand and J{\'e}gou, Herv{\'e} and Douze, Matthijs},
  booktitle={Proceedings of the IEEE/CVF international conference on computer vision},
  pages={12259--12269},
  year={2021}
}

@article{cai2019once,
  title={Once-for-all: Train one network and specialize it for efficient deployment},
  author={Cai, Han and Gan, Chuang and Wang, Tianzhe and Zhang, Zhekai and Han, Song},
  journal={arXiv preprint arXiv:1908.09791},
  year={2019}
}

@inproceedings{han2020ghostnet,
  title={Ghostnet: More features from cheap operations},
  author={Han, Kai and Wang, Yunhe and Tian, Qi and Guo, Jianyuan and Xu, Chunjing and Xu, Chang},
  booktitle={Proceedings of the IEEE/CVF conference on computer vision and pattern recognition},
  pages={1580--1589},
  year={2020}
}

@article{mehta2021mobilevit,
  title={Mobilevit: light-weight, general-purpose, and mobile-friendly vision transformer},
  author={Mehta, Sachin and Rastegari, Mohammad},
  journal={arXiv preprint arXiv:2110.02178},
  year={2021}
}

@inproceedings{wang2022signed,
  title={Signed Neuron with Memory: Towards Simple, Accurate and High-Efficient ANN-SNN Conversion.},
  author={Wang, Yuchen and Zhang, Malu and Chen, Yi and Qu, Hong},
  booktitle={IJCAI},
  pages={2501--2508},
  year={2022}
}

@article{cao2015spiking,
  title={Spiking deep convolutional neural networks for energy-efficient object recognition},
  author={Cao, Yongqiang and Chen, Yang and Khosla, Deepak},
  journal={International Journal of Computer Vision},
  volume={113},
  pages={54--66},
  year={2015},
  publisher={Springer}
}

@inproceedings{han2020rmp,
  title={Rmp-snn: Residual membrane potential neuron for enabling deeper high-accuracy and low-latency spiking neural network},
  author={Han, Bing and Srinivasan, Gopalakrishnan and Roy, Kaushik},
  booktitle={Proceedings of the IEEE/CVF conference on computer vision and pattern recognition},
  pages={13558--13567},
  year={2020}
}

@article{hu2021spiking,
  title={Spiking deep residual networks},
  author={Hu, Yangfan and Tang, Huajin and Pan, Gang},
  journal={IEEE Transactions on Neural Networks and Learning Systems},
  volume={34},
  number={8},
  pages={5200--5205},
  year={2021},
  publisher={IEEE}
}

@article{yao2023attention,
  title={Attention spiking neural networks},
  author={Yao, Man and Zhao, Guangshe and Zhang, Hengyu and Hu, Yifan and Deng, Lei and Tian, Yonghong and Xu, Bo and Li, Guoqi},
  journal={IEEE transactions on pattern analysis and machine intelligence},
  volume={45},
  number={8},
  pages={9393--9410},
  year={2023},
  publisher={IEEE}
}

@article{zhu2024tcja,
  title={Tcja-snn: Temporal-channel joint attention for spiking neural networks},
  author={Zhu, Rui-Jie and Zhang, Malu and Zhao, Qihang and Deng, Haoyu and Duan, Yule and Deng, Liang-Jian},
  journal={IEEE Transactions on Neural Networks and Learning Systems},
  year={2024},
  publisher={IEEE}
}

@article{li2017cifar10,
  title={Cifar10-dvs: an event-stream dataset for object classification},
  author={Li, Hongmin and Liu, Hanchao and Ji, Xiangyang and Li, Guoqi and Shi, Luping},
  journal={Frontiers in neuroscience},
  volume={11},
  pages={309},
  year={2017},
  publisher={Frontiers Media SA}
}

@inproceedings{amir2017low,
  title={A low power, fully event-based gesture recognition system},
  author={Amir, Arnon and Taba, Brian and Berg, David and Melano, Timothy and McKinstry, Jeffrey and Di Nolfo, Carmelo and Nayak, Tapan and Andreopoulos, Alexander and Garreau, Guillaume and Mendoza, Marcela and others},
  booktitle={Proceedings of the IEEE conference on computer vision and pattern recognition},
  pages={7243--7252},
  year={2017}
}

@article{cheng2016learning,
  title={Learning rotation-invariant convolutional neural networks for object detection in VHR optical remote sensing images},
  author={Cheng, Gong and Zhou, Peicheng and Han, Junwei},
  journal={IEEE transactions on geoscience and remote sensing},
  volume={54},
  number={12},
  pages={7405--7415},
  year={2016},
  publisher={IEEE}
}

@article{liu2021abnet,
  title={ABNet: Adaptive balanced network for multiscale object detection in remote sensing imagery},
  author={Liu, Yanfeng and Li, Qiang and Yuan, Yuan and Du, Qian and Wang, Qi},
  journal={IEEE transactions on geoscience and remote sensing},
  volume={60},
  pages={1--14},
  year={2021},
  publisher={IEEE}
}

@inproceedings{su2023deep,
  title={Deep directly-trained spiking neural networks for object detection},
  author={Su, Qiaoyi and Chou, Yuhong and Hu, Yifan and Li, Jianing and Mei, Shijie and Zhang, Ziyang and Li, Guoqi},
  booktitle={Proceedings of the IEEE/CVF International Conference on Computer Vision},
  pages={6555--6565},
  year={2023}
}

@article{fu2020anchor,
  title={An anchor-free method based on feature balancing and refinement network for multiscale ship detection in SAR images},
  author={Fu, Jiamei and Sun, Xian and Wang, Zhirui and Fu, Kun},
  journal={IEEE Transactions on Geoscience and Remote Sensing},
  volume={59},
  number={2},
  pages={1331--1344},
  year={2020},
  publisher={IEEE}
}

@article{masquelier2008spike,
  title={Spike timing dependent plasticity finds the start of repeating patterns in continuous spike trains},
  author={Masquelier, Timoth{\'e}e and Guyonneau, Rudy and Thorpe, Simon J},
  journal={PloS one},
  volume={3},
  number={1},
  pages={e1377},
  year={2008},
  publisher={Public Library of Science San Francisco, USA}
}


@article{cheng2017remote,
  title={Remote sensing image scene classification: Benchmark and state of the art},
  author={Cheng, Gong and Han, Junwei and Lu, Xiaoqiang},
  journal={Proceedings of the IEEE},
  volume={105},
  number={10},
  pages={1865--1883},
  year={2017},
  publisher={IEEE}
}

@article{wang2019sar,
  title={A SAR dataset of ship detection for deep learning under complex backgrounds},
  author={Wang, Yuanyuan and Wang, Chao and Zhang, Hong and Dong, Yingbo and Wei, Sisi},
  journal={remote sensing},
  volume={11},
  number={7},
  pages={765},
  year={2019},
  publisher={MDPI}
}

@article{krizhevsky2009learning,
  title={Learning multiple layers of features from tiny images},
  author={Krizhevsky, Alex and Hinton, Geoffrey and others},
  year={2009},
  publisher={Toronto, ON, Canada}
}

@article{vaswani2017attention,
  title={Attention is all you need},
  author={Vaswani, A},
  journal={Advances in Neural Information Processing Systems},
  year={2017}
}

@inproceedings{kenton2019bert,
  title={Bert: Pre-training of deep bidirectional transformers for language understanding},
  author={Kenton, Jacob Devlin Ming-Wei Chang and Toutanova, Lee Kristina},
  booktitle={Proceedings of naacL-HLT},
  volume={1},
  pages={2},
  year={2019},
  organization={Minneapolis, Minnesota}
}

@article{wang2022pvt,
  title={Pvt v2: Improved baselines with pyramid vision transformer},
  author={Wang, Wenhai and Xie, Enze and Li, Xiang and Fan, Deng-Ping and Song, Kaitao and Liang, Ding and Lu, Tong and Luo, Ping and Shao, Ling},
  journal={Computational Visual Media},
  volume={8},
  number={3},
  pages={415--424},
  year={2022},
  publisher={Springer}
}

@inproceedings{bohte2000spikeprop,
  title={SpikeProp: backpropagation for networks of spiking neurons.},
  author={Bohte, Sander M and Kok, Joost N and La Poutr{\'e}, Johannes A},
  booktitle={ESANN},
  volume={48},
  pages={419--424},
  year={2000},
  organization={Bruges}
}

@inproceedings{deng2009imagenet,
  title={Imagenet: A large-scale hierarchical image database},
  author={Deng, Jia and Dong, Wei and Socher, Richard and Li, Li-Jia and Li, Kai and Fei-Fei, Li},
  booktitle={2009 IEEE conference on computer vision and pattern recognition},
  pages={248--255},
  year={2009},
  organization={Ieee}
}

@inproceedings{zhai2022scaling,
  title={Scaling vision transformers},
  author={Zhai, Xiaohua and Kolesnikov, Alexander and Houlsby, Neil and Beyer, Lucas},
  booktitle={Proceedings of the IEEE/CVF conference on computer vision and pattern recognition},
  pages={12104--12113},
  year={2022}
}

@inproceedings{mei2021image,
  title={Image super-resolution with non-local sparse attention},
  author={Mei, Yiqun and Fan, Yuchen and Zhou, Yuqian},
  booktitle={Proceedings of the IEEE/CVF conference on computer vision and pattern recognition},
  pages={3517--3526},
  year={2021}
}

@inproceedings{bertasius2021space,
  title={Is space-time attention all you need for video understanding?},
  author={Bertasius, Gedas and Wang, Heng and Torresani, Lorenzo},
  booktitle={ICML},
  volume={2},
  number={3},
  pages={4},
  year={2021}
}

@article{guo2021pct,
  title={Pct: Point cloud transformer},
  author={Guo, Meng-Hao and Cai, Jun-Xiong and Liu, Zheng-Ning and Mu, Tai-Jiang and Martin, Ralph R and Hu, Shi-Min},
  journal={Computational Visual Media},
  volume={7},
  pages={187--199},
  year={2021},
  publisher={Springer}
}

@article{wu2021progressive,
  title={Progressive tandem learning for pattern recognition with deep spiking neural networks},
  author={Wu, Jibin and Xu, Chenglin and Han, Xiao and Zhou, Daquan and Zhang, Malu and Li, Haizhou and Tan, Kay Chen},
  journal={IEEE Transactions on Pattern Analysis and Machine Intelligence},
  volume={44},
  number={11},
  pages={7824--7840},
  year={2021},
  publisher={IEEE}
}
 melcher2003spatiotopic, guadron2022speed
@article{guadron2022speed,
  title={Speed-accuracy tradeoffs influence the main sequence of saccadic eye movements},
  author={Guadron, Leslie and van Opstal, A John and Goossens, Jeroen},
  journal={Scientific reports},
  volume={12},
  number={1},
  pages={5262},
  year={2022},
  publisher={Nature Publishing Group UK London}
}
@article{melcher2003spatiotopic,
  title={Spatiotopic temporal integration of visual motion across saccadic eye movements},
  author={Melcher, David and Morrone, M Concetta},
  journal={Nature neuroscience},
  volume={6},
  number={8},
  pages={877--881},
  year={2003},
  publisher={Nature Publishing Group US New York}
}

@article{zhao2021reconstructing,
  title={Reconstructing clear image for high-speed motion scene with a retina-inspired spike camera},
  author={Zhao, Jing and Xiong, Ruiqin and Xie, Jiyu and Shi, Boxin and Yu, Zhaofei and Gao, Wen and Huang, Tiejun},
  journal={IEEE Transactions on Computational Imaging},
  volume={8},
  pages={12--27},
  year={2021},
  publisher={IEEE}
}

@article{mcintosh2016deep,
  title={Deep learning models of the retinal response to natural scenes},
  author={McIntosh, Lane and Maheswaranathan, Niru and Nayebi, Aran and Ganguli, Surya and Baccus, Stephen},
  journal={Advances in neural information processing systems},
  volume={29},
  year={2016}
}

@article{tanaka2019deep,
  title={From deep learning to mechanistic understanding in neuroscience: the structure of retinal prediction},
  author={Tanaka, Hidenori and Nayebi, Aran and Maheswaranathan, Niru and McIntosh, Lane and Baccus, Stephen and Ganguli, Surya},
  journal={Advances in neural information processing systems},
  volume={32},
  year={2019}
}

@article{chen2023cs,
  title={CS n Net: a remote sensing detection network breaking the second-order limitation of transformers with recursive convolutions},
  author={Chen, Chengcheng and Zeng, Weiming and Zhang, Xiliang and Zhou, Yuhao},
  journal={IEEE Transactions on Geoscience and Remote Sensing},
  year={2023},
  publisher={IEEE}
}

@article{wang2024ternary,
  title={Ternary spike-based neuromorphic signal processing system},
  author={Wang, Shuai and Zhang, Dehao and Belatreche, Ammar and Xiao, Yichen and Qing, Hongyu and We, Wenjie and Zhang, Malu and Yang, Yang},
  journal={arXiv preprint arXiv:2407.05310},
  year={2024}
}

@article{shan2024advancing,
  title={Advancing Spiking Neural Networks towards Multiscale Spatiotemporal Interaction Learning},
  author={Shan, Yimeng and Zhang, Malu and Zhu, Rui-jie and Qiu, Xuerui and Eshraghian, Jason K and Qu, Haicheng},
  journal={arXiv preprint arXiv:2405.13672},
  year={2024}
}

@inproceedings{zhang2024spike,
  title={Spike-based Neuromorphic Model for Sound Source Localization},
  author={Zhang, Dehao and Wang, Shuai and Belatreche, Ammar and Wei, Wenjie and Xiao, Yichen and Zheng, Haorui and Zhou, Zijian and Zhang, Malu and Yang, Yang},
  booktitle={The Thirty-eighth Annual Conference on Neural Information Processing Systems},
  year={2024}
}

@inproceedings{wei2023temporal,
  title={Temporal-coded spiking neural networks with dynamic firing threshold: Learning with event-driven backpropagation},
  author={Wei, Wenjie and Zhang, Malu and Qu, Hong and Belatreche, Ammar and Zhang, Jian and Chen, Hong},
  booktitle={Proceedings of the IEEE/CVF International Conference on Computer Vision},
  pages={10552--10562},
  year={2023}
}