@ARTICLE{8440090,
  author={Wang, Qing and Zeng, Chunqiu and Zhou, Wubai and Li, Tao and Iyengar, S. S. and Shwartz, Larisa and Grabarnik, Genady Ya.},
  journal={IEEE Transactions on Knowledge and Data Engineering}, 
  title={Online Interactive Collaborative Filtering Using Multi-Armed Bandit with Dependent Arms}, 
  year={2019},
  volume={31},
  number={8},
  pages={1569-1580},
  keywords={Collaborative filtering;Recommender systems;Learning (artificial intelligence);Recommender systems;interactive collaborative filtering;topic modeling;cold-start problem;particle learning},
  doi={10.1109/TKDE.2018.2866041}}

@article{abbe2018community,
  title={Community detection and stochastic block models: recent developments},
  author={Abbe, Emmanuel},
  journal={Journal of Machine Learning Research},
  volume={18},
  number={177},
  pages={1--86},
  year={2018}
}

@article{abbe2022,
  title={An lp theory of PCA and spectral clustering},
  author={Abbe, Emmanuel and Fan, Jianqing and Wang, Kaizheng},
  journal={The Annals of Statistics},
  volume={50},
  number={4},
  pages={2359--2385},
  year={2022},
  publisher={Institute of Mathematical Statistics}
}

@article{agarwal2022multi,
  title     = {Multi-agent multi-armed bandits with limited communication},
  author    = {Agarwal, Mridul and Aggarwal, Vaneet and Azizzadenesheli, Kamyar},
  year      = 2022,
  journal   = {The Journal of Machine Learning Research},
  publisher = {JMLRORG},
  volume    = 23,
  number    = 1,
  pages     = {9529--9552}
}

@inproceedings{ban2024meta,
  title={Meta clustering of neural bandits},
  author={Ban, Yikun and Qi, Yunzhe and Wei, Tianxin and Liu, Lihui and He, Jingrui},
  booktitle={Proceedings of the 30th ACM SIGKDD Conference on Knowledge Discovery and Data Mining},
  pages={95--106},
  year={2024}
}

@inproceedings{blaser2024federated,
  title={Federated Linear Contextual Bandits with Heterogeneous Clients},
  author={Blaser, Ethan and Li, Chuanhao and Wang, Hongning},
  booktitle={International Conference on Artificial Intelligence and Statistics},
  pages={631--639},
  year={2024},
  organization={PMLR}
}

@inproceedings{braun2022iterative,
  title={An iterative clustering algorithm for the contextual stochastic block model with optimality guarantees},
  author={Braun, Guillaume and Tyagi, Hemant and Biernacki, Christophe},
  booktitle={International Conference on Machine Learning},
  pages={2257--2291},
  year={2022},
  organization={PMLR}
}

@inproceedings{chawla2020gossiping,
  title        = {The gossiping insert-eliminate algorithm for multi-agent bandits},
  author       = {Chawla, Ronshee and Sankararaman, Abishek and Ganesh, Ayalvadi and Shakkottai, Sanjay},
  year         = 2020,
  booktitle    = {International conference on artificial intelligence and statistics},
  pages        = {3471--3481},
  organization = {PMLR}
}

@article{deshpande2018contextual,
  title={Contextual stochastic block models},
  author={Deshpande, Yash and Sen, Subhabrata and Montanari, Andrea and Mossel, Elchanan},
  journal={Advances in Neural Information Processing Systems},
  volume={31},
  year={2018}
}

@article{dreveton2024exact,
  title   = {Exact recovery and Bregman hard clustering of node-attributed Stochastic Block Model},
  author  = {Dreveton, Maximilien and Fernandes, Felipe and Figueiredo, Daniel},
  journal = {Advances in Neural Information Processing Systems},
  volume  = {36},
  year    = {2024}
}

@inproceedings{gentile2014online,
  title={Online clustering of bandits},
  author={Gentile, Claudio and Li, Shuai and Zappella, Giovanni},
  booktitle={International conference on machine learning},
  pages={757--765},
  year={2014},
  organization={PMLR}
}

@inproceedings{gentile2017context,
  title={On context-dependent clustering of bandits},
  author={Gentile, Claudio and Li, Shuai and Kar, Purushottam and Karatzoglou, Alexandros and Zappella, Giovanni and Etrue, Evans},
  booktitle={International Conference on machine learning},
  pages={1253--1262},
  year={2017},
  organization={PMLR}
}

@article{holland1983stochastic,
  title={Stochastic blockmodels: First steps},
  author={Holland, Paul W and Laskey, Kathryn Blackmond and Leinhardt, Samuel},
  journal={Social networks},
  volume={5},
  number={2},
  pages={109--137},
  year={1983},
  publisher={Elsevier}
}

@article{jiang2023multi,
  title     = {Multi-agent bandit with agent-dependent expected rewards},
  author    = {Jiang, Fan and Cheng, Hui},
  year      = {1--33, 2023},
  journal   = {Swarm Intelligence},
  publisher = {Springer}
}

@inproceedings{korda2016distributed,
  title={Distributed clustering of linear bandits in peer to peer networks},
  author={Korda, Nathan and Szorenyi, Balazs and Li, Shuai},
  booktitle={International conference on machine learning},
  pages={1301--1309},
  year={2016},
  organization={PMLR}
}

@inproceedings{landgren2016distributed,
  title        = {On distributed cooperative decision-making in multiarmed bandits},
  author       = {Landgren, Peter and Srivastava, Vaibhav and Leonard, Naomi Ehrich},
  year         = {2016},
  booktitle    = {2016 European Control Conference},
  organization = {243--248. IEEE}
}

@inproceedings{landgren2016distributed_2,
  title        = {Distributed cooperative decision-making in multiarmed bandits: Frequentist and {B}ayesian algorithms},
  author       = {Landgren, Peter and Srivastava, Vaibhav and Leonard, Naomi Ehrich},
  year         = {2016},
  booktitle    = {2016 IEEE 55th Conference on Decision and Control},
  organization = {167--172. IEEE}
}

@article{landgren2021distributed,
  title     = {Distributed cooperative decision making in multi-agent multi-armed bandits},
  author    = {Landgren, Peter and Srivastava, Vaibhav and Leonard, Naomi Ehrich},
  year      = 2021,
  journal   = {Automatica},
  publisher = {Elsevier},
  volume    = 125,
  pages     = 109445
}

@inproceedings{li2016collaborative,
  title={Collaborative filtering bandits},
  author={Li, Shuai and Karatzoglou, Alexandros and Gentile, Claudio},
  booktitle={Proceedings of the 39th International ACM SIGIR conference on Research and Development in Information Retrieval},
  pages={539--548},
  year={2016}
}

@article{li2016online,
  title={Online context-dependent clustering in recommendations based on exploration-exploitation algorithms},
  author={Li, Shuai and Gentile, Claudio and Karatzoglou, Alexandros and Zappella, Giovanni},
  journal={ArXiv, abs/1608.03544},
  year={2016}
}

@inproceedings{li2018online,
  title={Online clustering of contextual cascading bandits},
  author={Li, Shuai and Zhang, Shengyu},
  booktitle={Proceedings of the AAAI Conference on Artificial Intelligence},
  volume={32},
  number={1},
  year={2018}
}

@article{li2019improved,
  title={Improved algorithm on online clustering of bandits},
  author={Li, Shuai and Chen, Wei and Leung, Kwong-Sak},
  journal={arXiv preprint arXiv:1902.09162},
  year={2019}
}

@article{li2022privacy,
  title={Privacy-preserving communication-efficient federated multi-armed bandits},
  author={Li, Tan and Song, Linqi},
  journal={IEEE Journal on Selected Areas in Communications},
  volume={40},
  number={3},
  pages={773--787},
  year={2022},
  publisher={IEEE}
}

@article{li2023clustering,
  title={Clustering of conversational bandits with posterior sampling for user preference learning and elicitation},
  author={Li, Qizhi and Zhao, Canzhe and Yu, Tong and Wu, Junda and Li, Shuai},
  journal={User Modeling and User-Adapted Interaction},
  volume={33},
  number={5},
  pages={1065--1112},
  year={2023},
  publisher={Springer}
}

@article{li2025demystifying,
  title={Demystifying Online Clustering of Bandits: Enhanced Exploration Under Stochastic and Smoothed Adversarial Contexts},
  author={Li, Zhuohua and Liu, Maoli and Dai, Xiangxiang and Lui, John},
  journal={arXiv preprint arXiv:2501.00891},
  year={2025}
}

@inproceedings{liu2022federated,
  title={Federated online clustering of bandits},
  author={Liu, Xutong and Zhao, Haoru and Yu, Tong and Li, Shuai and Lui, John CS},
  booktitle={Uncertainty in Artificial Intelligence},
  pages={1221--1231},
  year={2022},
  organization={PMLR}
}

@article{martinez2019decentralized,
  title   = {Decentralized cooperative stochastic bandits},
  author  = {Mart{\'\i}nez-Rubio, David and Kanade, Varun and Rebeschini, Patrick},
  year    = 2019,
  journal = {Advances in Neural Information Processing Systems},
  volume  = 32
}

@inproceedings{nguyen2014dynamic,
  title={Dynamic clustering of contextual multi-armed bandits},
  author={Nguyen, Trong T and Lauw, Hady W},
  booktitle={Proceedings of the 23rd ACM international conference on conference on information and knowledge management},
  pages={1959--1962},
  year={2014}
}

@article{pal2024blocked,
  title={Blocked collaborative bandits: online collaborative filtering with per-item budget constraints},
  author={Pal, Soumyabrata and Suggala, Arun and Shanmugam, Karthikeyan and Jain, Prateek},
  journal={Advances in Neural Information Processing Systems},
  volume={36},
  year={2024}
}

@article{roman2013features,
  title={On the features and challenges of security and privacy in distributed internet of things},
  author={Roman, Rodrigo and Zhou, Jianying and Lopez, Javier},
  journal={Computer networks},
  volume={57},
  number={10},
  pages={2266--2279},
  year={2013},
  publisher={Elsevier}
}

@article{sankararaman2019social,
  title={Social learning in multi agent multi armed bandits},
  author={Sankararaman, Abishek and Ganesh, Ayalvadi and Shakkottai, Sanjay},
  journal={Proceedings of the ACM on Measurement and Analysis of Computing Systems},
  volume={3},
  number={3},
  pages={1--35},
  year={2019},
  publisher={ACM New York, NY, USA}
}

@inproceedings{wang2021multitask,
  title     = {Multitask bandit learning through heterogeneous feedback aggregation},
  author    = {Wang, Zhi and Zhang, Chicheng and Singh, Manish Kumar and Riek, Laurel and Chaudhuri, Kamalika},
  year      = {1531--1539, 2021},
  booktitle = {International Conference on Artificial Intelligence and Statistics}
}

@inproceedings{wangp2020optimal,
  title={Optimal algorithms for multiplayer multi-armed bandits},
  author={Wang, Po-An and Proutiere, Alexandre and Ariu, Kaito and Jedra, Yassir and Russo, Alessio},
  booktitle={International Conference on Artificial Intelligence and Statistics},
  pages={4120--4129},
  year={2020},
  organization={PMLR}
}

@inproceedings{wangx2022achieving,
  title={Achieving Near-Optimal Individual Regret \& Low Communications in Multi-Agent Bandits},
  author={Wang, Xuchuang and Yang, Lin and Chen, Yu-Zhen Janice and Liu, Xutong and Hajiesmaili, Mohammad and Towsley, Don and Lui, John CS},
  booktitle={The Eleventh International Conference on Learning Representations},
  year={2022}
}

@inproceedings{wu2021clustering,
  title={Clustering of conversational bandits for user preference learning and elicitation},
  author={Wu, Junda and Zhao, Canzhe and Yu, Tong and Li, Jingyang and Li, Shuai},
  booktitle={Proceedings of the 30th ACM International Conference on Information \& Knowledge Management},
  pages={2129--2139},
  year={2021}
}

@article{xu2023decentralized,
  title     = {Decentralized Randomly Distributed Multi-agent Multi-armed Bandit with Heterogeneous Rewards},
  author    = {Xu, Mengfan and Klabjan, Diego},
  journal = {Advances on Neural Information Processing Systems},
  year      = {2023}
}

@inproceedings{yang2024federated,
  title={Federated Contextual Cascading Bandits with Asynchronous Communication and Heterogeneous Users},
  author={Yang, Hantao and Liu, Xutong and Wang, Zhiyong and Xie, Hong and Lui, John CS and Lian, Defu and Chen, Enhong},
  booktitle={Proceedings of the AAAI Conference on Artificial Intelligence},
  volume={38},
  number={18},
  pages={20596--20603},
  year={2024}
}

@article{zhao2020privacy,
  title     = {Privacy-preserving blockchain-based federated learning for IoT devices},
  author    = {Zhao, Yang and Zhao, Jun and Jiang, Linshan and Tan, Rui and Niyato, Dusit and Li, Zengxiang and Lyu, Lingjuan and Liu, Yingbo},
  journal   = {IEEE Internet of Things Journal},
  volume    = {8},
  number    = {3},
  pages     = {1817--1829},
  year      = {2020},
  publisher = {IEEE}
}

@inproceedings{zhu2020distributed,
  title        = {A distributed algorithm for sequential decision making in multi-armed bandit with homogeneous rewards},
  author       = {Zhu, Jingxuan and Sandhu, Romeil and Liu, Ji},
  year         = {2020},
  booktitle    = {59th IEEE Conference on Decision and Control},
  organization = {3078--3083. IEEE}
}

@article{zhu2021decentralized,
  title   = {Decentralized multi-armed bandit can outperform classic upper confidence bound},
  author  = {Zhu, Jingxuan and Mulle, Ethan and Smith, Christopher Salomon and Liu, Ji},
  year    = 2021,
  journal = {arXiv preprint arXiv:2111.10933}
}

@inproceedings{zhu2021federated,
  title     = {Federated bandit: A gossiping approach},
  author    = {Zhu, Zhaowei and Zhu, Jingxuan and Liu, Ji and Liu, Yang},
  year      = {3--4, 2021},
  booktitle = {Abstract Proceedings of the 2021 ACM SIGMETRICS/International Conference on Measurement and Modeling of Computer Systems}
}

@article{zhu2023distributed,
  title     = {Distributed Multi-Armed Bandits},
  author    = {Zhu, Jingxuan and Liu, Ji},
  year      = 2023,
  journal   = {IEEE Transactions on Automatic Control},
  publisher = {IEEE}
}

