@article{zachary1977information,
  title={An information flow model for conflict and fission in small groups},
  author={Zachary, Wayne W},
  journal={Journal of anthropological research},
  volume={33},
  number={4},
  pages={452--473},
  year={1977},
  publisher={University of New Mexico}
}

@article{abbe2022,
  title={An lp theory of PCA and spectral clustering},
  author={Abbe, Emmanuel and Fan, Jianqing and Wang, Kaizheng},
  journal={The Annals of Statistics},
  volume={50},
  number={4},
  pages={2359--2385},
  year={2022},
  publisher={Institute of Mathematical Statistics}
}


@article{holland1983stochastic,
  title={Stochastic blockmodels: First steps},
  author={Holland, Paul W and Laskey, Kathryn Blackmond and Leinhardt, Samuel},
  journal={Social networks},
  volume={5},
  number={2},
  pages={109--137},
  year={1983},
  publisher={Elsevier}
}

@inproceedings{braun2022iterative,
  title={An iterative clustering algorithm for the contextual stochastic block model with optimality guarantees},
  author={Braun, Guillaume and Tyagi, Hemant and Biernacki, Christophe},
  booktitle={International Conference on Machine Learning},
  pages={2257--2291},
  year={2022},
  organization={PMLR}
}

@article{dreveton2024exact,
  title   = {Exact recovery and Bregman hard clustering of node-attributed Stochastic Block Model},
  author  = {Dreveton, Maximilien and Fernandes, Felipe and Figueiredo, Daniel},
  journal = {Advances in Neural Information Processing Systems},
  volume  = {36},
  year    = {2024}
}

@inproceedings{abbe2015community,
  title        = {Community detection in general stochastic block models: Fundamental limits and efficient algorithms for recovery},
  author       = {Abbe, Emmanuel and Sandon, Colin},
  booktitle    = {2015 IEEE 56th Annual Symposium on Foundations of Computer Science},
  pages        = {670--688},
  year         = {2015},
  organization = {IEEE}
}

@inproceedings{fox2018dora,
  title     = {DORA the explorer: directed outreaching reinforcement action-selection.},
  author    = {Fox, Lior and Choshen, Leshem and Loewenstein, Yonatan},
  year      = 2018,
  booktitle = {International Conference on Learning Representations}
}
@inproceedings{tokic2010adaptive,
  title        = {Adaptive $\varepsilon$-greedy exploration in reinforcement learning based on value differences.},
  author       = {Tokic, Michel},
  year         = 2010,
  booktitle    = {Annual Conference on Artificial Intelligence},
  pages        = {203--210},
  organization = {Springer}
}
@article{mileounis2010adaptive,
  title     = {An adaptive greedy algorithm with application to nonlinear communications.},
  author    = {Mileounis, Gerasimos and Babadi, Behtash and Kalouptsidis, Nicholas and Tarokh, Vahid},
  year      = 2010,
  journal   = {IEEE Transactions on Signal Processing},
  publisher = {IEEE},
  volume    = 58,
  number    = 6,
  pages     = {2998--3007}
}
@article{dos2017adaptive,
  title     = {An adaptive implementation of $\varepsilon$-Greedy in reinforcement Learning.},
  author    = {dos Santos Mignon, Alexandre and da Rocha, Ricardo Luis de Azevedo},
  year      = 2017,
  journal   = {Procedia Computer Science},
  publisher = {Elsevier},
  volume    = 109,
  pages     = {1146--1151}
}
@article{strehl2008analysis,
  title     = {An analysis of model-based interval estimation for Markov decision processes.},
  author    = {Strehl, Alexander L and Littman, Michael L},
  year      = 2008,
  journal   = {Journal of Computer and System Sciences},
  publisher = {Academic Press},
  volume    = 74,
  number    = 8,
  pages     = {1309--1331}
}
@inproceedings{bellemare2016unifying,
  title     = {Unifying count-based exploration and intrinsic motivation.},
  author    = {Bellemare, Marc and Srinivasan, Sriram and Ostrovski, Georg and Schaul, Tom and Saxton, David and Munos, Remi},
  year      = 2016,
  booktitle = {Advances in Neural Information Processing Systems},
  pages     = {1471--1479}
}
@inproceedings{osband2016deep,
  title     = {Deep exploration via bootstrapped DQN.},
  author    = {Osband, Ian and Blundell, Charles and Pritzel, Alexander and Van Roy, Benjamin},
  year      = 2016,
  booktitle = {Advances in Neural Information Processing Systems},
  pages     = {4026--4034}
}
@inproceedings{chapelle2011empirical,
  title     = {An empirical evaluation of thompson sampling.},
  author    = {Chapelle, Olivier and Li, Lihong},
  year      = 2011,
  booktitle = {Advances in neural information processing systems},
  pages     = {2249--2257}
}
@inproceedings{osband2018randomized,
  title     = {Randomized prior functions for deep reinforcement learning.},
  author    = {Osband, Ian and Aslanides, John and Cassirer, Albin},
  year      = 2018,
  booktitle = {Advances in Neural Information Processing Systems},
  pages     = {8617--8629}
}
@inproceedings{van2016deep,
  title     = {Deep reinforcement learning with double q-learning.},
  author    = {Van Hasselt, Hado and Guez, Arthur and Silver, David},
  year      = 2016,
  booktitle = {Thirtieth AAAI conference on artificial intelligence}
}
@article{stadie2015incentivizing,
  title   = {Incentivizing exploration in reinforcement learning with deep predictive models.},
  author  = {Stadie, Bradly C and Levine, Sergey and Abbeel, Pieter},
  year    = 2015,
  journal = {arXiv preprint arXiv:1507.00814}
}
@article{ecoffet2019go,
  title   = {Go-explore: a new approach for hard-exploration problems.},
  author  = {Ecoffet, Adrien and Huizinga, Joost and Lehman, Joel and Stanley, Kenneth O and Clune, Jeff},
  year    = 2019,
  journal = {arXiv preprint arXiv:1901.10995}
}
@article{auer2002nonstochastic,
  title     = {The nonstochastic multiarmed bandit problem.},
  author    = {Auer, Peter and Cesa-Bianchi, Nicolo and Freund, Yoav and Schapire, Robert E},
  year      = 2002,
  journal   = {SIAM Journal on Computing},
  publisher = {SIAM},
  volume    = 32,
  number    = 1,
  pages     = {48--77}
}
@article{auer2002finite,
  title     = {Finite-time analysis of the multiarmed bandit problem},
  author    = {Auer, Peter and Cesa-Bianchi, Nicolo and Fischer, Paul},
  year      = 2002,
  journal   = {Machine Learning},
  publisher = {Springer},
  volume    = 47,
  number    = {2-3},
  pages     = {235--256}
}
@article{thompson1933likelihood,
  title     = {On the likelihood that one unknown probability exceeds another in view of the evidence of two samples.},
  author    = {Thompson, William R},
  year      = 1933,
  journal   = {Biometrika},
  publisher = {JSTOR},
  volume    = 25,
  number    = {3/4},
  pages     = {285--294}
}
@inproceedings{beygelzimer2011contextual,
  title     = {Contextual bandit algorithms with supervised learning guarantees.},
  author    = {Beygelzimer, Alina and Langford, John and Li, Lihong and Reyzin, Lev and Schapire, Robert},
  year      = 2011,
  booktitle = {Proceedings of the Fourteenth International Conference on Artificial Intelligence and Statistics},
  pages     = {19--26}
}
@inproceedings{burda2018exploration,
  title     = {Exploration by random network distillation.},
  author    = {Burda, Yuri and Edwards, Harrison and Storkey, Amos and Klimov, Oleg},
  year      = 2018,
  booktitle = {International Conference on Learning Representations}
}
@article{mnih2013playing,
  title   = {Playing Atari with deep reinforcement learning.},
  author  = {Mnih, Volodymyr and Kavukcuoglu, Koray and Silver, David and Graves, Alex and Antonoglou, Ioannis and Wierstra, Daan and Riedmiller, Martin},
  year    = 2013,
  journal = {arXiv preprint arXiv:1312.5602}
}
@article{schulman2017proximal,
  title   = {Proximal policy optimization algorithms.},
  author  = {Schulman, John and Wolski, Filip and Dhariwal, Prafulla and Radford, Alec and Klimov, Oleg},
  year    = 2017,
  journal = {arXiv preprint arXiv:1707.06347}
}
@article{bubeck2012regret,
  title     = {Regret analysis of stochastic and nonstochastic multi-armed bandit Problems.},
  author    = {Bubeck, S{\'e}bastien and Nicol{\`o}, Cesa-Bianchi},
  year      = 2012,
  publisher = {Now Foundations and Trends}
}
@inproceedings{qin2017improving,
  title     = {Improving the expected improvement algorithm.},
  author    = {Qin, Chao and Klabjan, Diego and Russo, Daniel},
  year      = 2017,
  booktitle = {Advances in Neural Information Processing Systems},
  pages     = {5381--5391}
}
@inproceedings{srinivas2010gaussian,
  title     = {Gaussian process optimization in the bandit setting: no regret and experimental design.},
  author    = {Srinivas, Niranjan and Krause, Andreas and Kakade, Sham and Seeger, Matthias},
  year      = 2010,
  booktitle = {Proceedings of the 27th International Conference on Machine Learning}
}
@article{xia2011ensemble,
  title     = {Ensemble of feature sets and classification algorithms for sentiment classification.},
  author    = {Xia, Rui and Zong, Chengqing and Li, Shoushan},
  year      = 2011,
  journal   = {Information Sciences},
  publisher = {Elsevier},
  volume    = 181,
  number    = 6,
  pages     = {1138--1152}
}
@article{jones1998efficient,
  title     = {Efficient global optimization of expensive black-box functions.},
  author    = {Jones, Donald R and Schonlau, Matthias and Welch, William J},
  year      = 1998,
  journal   = {Journal of Global optimization},
  publisher = {Springer},
  volume    = 13,
  number    = 4,
  pages     = {455--492}
}
@article{mnih2015human,
  title     = {Human-level control through deep reinforcement learning.},
  author    = {Mnih, Volodymyr and Kavukcuoglu, Koray and Silver, David and Rusu, Andrei A and Veness, Joel and Bellemare, Marc G and Graves, Alex and Riedmiller, Martin and Fidjeland, Andreas K and Ostrovski, Georg and Petersen, S.},
  year      = 2015,
  journal   = {Nature},
  publisher = {Nature Publishing Group},
  volume    = 518,
  number    = 7540,
  pages     = {529--533}
}
@misc{RCB11,
  title        = {8803 Machine learning theory},
  author       = {Maria Florina Balcan},
  year         = 2011,
  publisher    = {Georgia Tech},
  howpublished = {\url{http://cs.cmu.edu/~ninamf/ML11/lect1117.pdf}}
}
@misc{duchiprobability,
  title        = {Probability bounds},
  author       = {Duchi, John},
  year         = 2009,
  howpublished = {\url{http://ai.stanford.edu/~jduchi/projects/probability_bounds.pdf}}
}
@article{devroye2018total,
  title   = {The total variation distance between high-dimensional Gaussians.},
  author  = {Devroye, Luc and Mehrabian, Abbas and Reddad, Tommy},
  year    = 2018,
  journal = {arXiv preprint arXiv:1810.08693}
}
@inproceedings{grunewalder2010regret,
  title     = {Regret bounds for Gaussian process bandit problems.},
  author    = {Grünewälder, Steffen and Audibert, Jean Yves and Opper, Manfred and Shawe--Taylor, John},
  year      = 2010,
  booktitle = {Proceedings of the Thirteenth International Conference on Artificial Intelligence and Statistics},
  pages     = {273--280}
}
@inproceedings{krizhevsky2012imagenet,
  title     = {Imagenet classification with deep convolutional neural networks.},
  author    = {Krizhevsky, Alex and Sutskever, Ilya and Hinton, Geoffrey E},
  year      = 2012,
  booktitle = {Advances in Neural Information Processing Systems},
  pages     = {1097--1105}
}
@inproceedings{deng2009imagenet,
  title        = {Imagenet: a large-scale hierarchical image database.},
  author       = {Deng, Jia and Dong, Wei and Socher, Richard and Li, Li-Jia and Li, Kai and Fei-Fei, Li},
  year         = 2009,
  booktitle    = {2009 IEEE conference on Computer Vision and Pattern Recognition},
  pages        = {248--255},
  organization = {IEEE}
}
@book{chatterjee2014superconcentration,
  title     = {Superconcentration and related topics},
  author    = {Chatterjee, Sourav},
  year      = 2014,
  publisher = {Cham: Springer},
  volume    = 15
}
@misc{orrivlin2019,
  title        = {MountainCar\_DQN\_RND},
  author       = {Or Rivlin},
  year         = 2019,
  journal      = {GitHub repository},
  publisher    = {GitHub},
  howpublished = {\url{https://github.com/orrivlin/MountainCar_DQN_RND}}
}
@inproceedings{bubeck2012best,
  title        = {The best of both worlds: Stochastic and adversarial bandits},
  author       = {Bubeck, S{\'e}bastien and Slivkins, Aleksandrs},
  year         = 2012,
  booktitle    = {Conference on Learning Theory},
  pages        = {42--1},
  organization = {JMLR Workshop and Conference Proceedings}
}
@inproceedings{busa2017multi,
  title        = {Multi-objective bandits: Optimizing the generalized gini index},
  author       = {Busa-Fekete, R{\'o}bert and Sz{\"o}r{\'e}nyi, Bal{\'a}zs and Weng, Paul and Mannor, Shie},
  year         = 2017,
  booktitle    = {International Conference on Machine Learning},
  pages        = {625--634},
  organization = {PMLR}
}
@article{oner2018combinatorial,
  title   = {Combinatorial multi-objective multi-armed bandit problem},
  author  = {{\"O}ner, Doruk and Karakurt, Altu{\u{g}} and Ery{\i}lmaz, Atilla and Tekin, Cem},
  year    = 2018,
  journal = {arXiv preprint arXiv:1803.04039}
}
@article{groetzner2022multiobjective,
  title     = {Multiobjective optimization under uncertainty: A multiobjective robust (relative) regret approach},
  author    = {Groetzner, Patrick and Werner, Ralf},
  year      = 2022,
  journal   = {European Journal of Operational Research},
  publisher = {Elsevier},
  volume    = 296,
  number    = 1,
  pages     = {101--115}
}
@article{hong2021evolutionary,
  title     = {Evolutionary computation for large-scale multi-objective optimization: A decade of progresses},
  author    = {Hong, Wen-Jing and Yang, Peng and Tang, Ke},
  year      = 2021,
  journal   = {International Journal of Automation and Computing},
  publisher = {Springer},
  volume    = 18,
  number    = 2,
  pages     = {155--169}
}
@inproceedings{yahyaa2014annealing,
  title        = {Annealing-pareto multi-objective multi-armed bandit algorithm},
  author       = {Yahyaa, Saba Q and Drugan, Madalina M and Manderick, Bernard},
  year         = 2014,
  booktitle    = {2014 IEEE Symposium on Adaptive Dynamic Programming and Reinforcement Learning (ADPRL)},
  pages        = {1--8},
  organization = {IEEE}
}
@inproceedings{mehrotra2020bandit,
  title     = {Bandit based optimization of multiple objectives on a music streaming platform},
  author    = {Mehrotra, Rishabh and Xue, Niannan and Lalmas, Mounia},
  year      = 2020,
  booktitle = {Proceedings of the 26th ACM SIGKDD international conference on knowledge discovery \& data mining},
  pages     = {3224--3233}
}
@inproceedings{seldin2014one,
  title        = {One practical algorithm for both stochastic and adversarial bandits},
  author       = {Seldin, Yevgeny and Slivkins, Aleksandrs},
  year         = 2014,
  booktitle    = {International Conference on Machine Learning},
  pages        = {1287--1295},
  organization = {PMLR}
}
@inproceedings{auer2016algorithm,
  title        = {An algorithm with nearly optimal pseudo-regret for both stochastic and adversarial bandits},
  author       = {Auer, Peter and Chiang, Chao-Kai},
  year         = 2016,
  booktitle    = {Conference on Learning Theory},
  pages        = {116--120},
  organization = {PMLR}
}
@inproceedings{drugan2014pareto,
  title        = {Pareto upper confidence bounds algorithms: an empirical study},
  author       = {Drugan, M{\u{a}}d{\u{a}}lina M and Now{\'e}, Ann and Manderick, Bernard},
  year         = 2014,
  booktitle    = {2014 IEEE Symposium on Adaptive Dynamic Programming and Reinforcement Learning (ADPRL)},
  pages        = {1--8},
  organization = {IEEE}
}
@inproceedings{drugan2013designing,
  title        = {Designing multi-objective multi-armed bandits algorithms: A study},
  author       = {Drugan, Madalina M and Nowe, Ann},
  year         = 2013,
  booktitle    = {The 2013 International Joint Conference on Neural Networks (IJCNN)},
  pages        = {1--8},
  organization = {IEEE}
}
@article{jun2018adversarial,
  title   = {Adversarial attacks on stochastic bandits},
  author  = {Jun, Kwang-Sung and Li, Lihong and Ma, Yuzhe and Zhu, Jerry},
  year    = 2018,
  journal = {Advances in neural information processing systems},
  volume  = 31
}
@inbook{lattimore_szepesvari_2020:ch16,
  title     = {Bandit Algorithms},
  author    = {Lattimore, Tor and Szepesv{\'a}ri, Csaba},
  year      = 2020,
  publisher = {Cambridge University Press},
  doi       = {10.1017/9781108571401}
}
@article{gerchinovitz2016refined,
  title   = {Refined lower bounds for adversarial bandits},
  author  = {Gerchinovitz, S{\'e}bastien and Lattimore, Tor},
  year    = 2016,
  journal = {Advances in Neural Information Processing Systems},
  volume  = 29
}
@article{li2013adaptive,
  title     = {Adaptive operator selection with bandits for a multiobjective evolutionary algorithm based on decomposition},
  author    = {Li, Ke and Fialho, Alvaro and Kwong, Sam and Zhang, Qingfu},
  year      = 2013,
  journal   = {IEEE Transactions on Evolutionary Computation},
  publisher = {IEEE},
  volume    = 18,
  number    = 1,
  pages     = {114--130}
}
@article{zhang2007moea,
  title     = {MOEA/D: A multiobjective evolutionary algorithm based on decomposition},
  author    = {Zhang, Qingfu and Li, Hui},
  year      = 2007,
  journal   = {IEEE Transactions on evolutionary computation},
  publisher = {IEEE},
  volume    = 11,
  number    = 6,
  pages     = {712--731}
}
@article{huyuk2021multi,
  title     = {Multi-objective multi-armed bandit with lexicographically ordered and satisficing objectives},
  author    = {H{\"u}y{\"u}k, Alihan and Tekin, Cem},
  year      = 2021,
  journal   = {Machine Learning},
  publisher = {Springer},
  volume    = 110,
  number    = 6,
  pages     = {1233--1266}
}
@article{zhu2020regret,
  title   = {On regret with multiple best arms},
  author  = {Zhu, Yinglun and Nowak, Robert},
  year    = 2020,
  journal = {Advances in Neural Information Processing Systems},
  volume  = 33,
  pages   = {9050--9060}
}
@inproceedings{audibert2009minimax,
  title     = {Minimax Policies for Adversarial and Stochastic Bandits.},
  author    = {Audibert, Jean-Yves and Bubeck, S{\'e}bastien and others},
  year      = 2009,
  booktitle = {COLT},
  volume    = 7,
  pages     = {1--122}
}
@inproceedings{van2014multi,
  title        = {Multi-objective $\chi$-armed bandits},
  author       = {Van Moffaert, Kristof and Van Vaerenbergh, Kevin and Vrancx, Peter and Now{\'e}, Ann},
  year         = 2014,
  booktitle    = {2014 International Joint Conference on Neural Networks (IJCNN)},
  pages        = {2331--2338},
  organization = {IEEE}
}
@inproceedings{zimmert2019optimal,
  title        = {An optimal algorithm for stochastic and adversarial bandits},
  author       = {Zimmert, Julian and Seldin, Yevgeny},
  year         = 2019,
  booktitle    = {The 22nd International Conference on Artificial Intelligence and Statistics},
  pages        = {467--475},
  organization = {PMLR}
}
@inproceedings{seldin2017improved,
  title        = {An improved parametrization and analysis of the EXP3++ algorithm for stochastic and adversarial bandits},
  author       = {Seldin, Yevgeny and Lugosi, G{\'a}bor},
  year         = 2017,
  booktitle    = {Conference on Learning Theory},
  pages        = {1743--1759},
  organization = {PMLR}
}
@article{zuo2020near,
  title   = {Near optimal adversarial attack on {U}{C}{B} bandits},
  author  = {Zuo, Shiliang},
  year    = 2020,
  journal = {arXiv preprint arXiv:2008.09312}
}
@article{neu2015explore,
  title   = {Explore no more: Improved high-probability regret bounds for non-stochastic bandits},
  author  = {Neu, Gergely},
  year    = 2015,
  journal = {Advances in Neural Information Processing Systems},
  volume  = 28
}
@inproceedings{agarwal2017corralling,
  title        = {Corralling a band of bandit algorithms},
  author       = {Agarwal, Alekh and Luo, Haipeng and Neyshabur, Behnam and Schapire, Robert E},
  year         = 2017,
  booktitle    = {Conference on Learning Theory},
  pages        = {12--38},
  organization = {PMLR}
}
@article{chung2012chernoff,
  title   = {Chernoff-Hoeffding bounds for Markov chains: Generalized and simplified},
  author  = {Chung, Kai-Min and Lam, Henry and Liu, Zhenming and Mitzenmacher, Michael},
  year    = 2012,
  journal = {arXiv preprint arXiv:1201.0559}
}
@article{fan2021hoeffding,
  title     = {Hoeffding's inequality for general Markov chains and its applications to statistical learning},
  author    = {Fan, Jianqing and Jiang, Bai and Sun, Qiang},
  year      = 2021,
  journal   = {The Journal of Machine Learning Research},
  publisher = {JMLRORG},
  volume    = 22,
  number    = 1,
  pages     = {6185--6219}
}
@article{tinhofer1990generating,
  title     = {Generating graphs uniformly at random},
  author    = {Tinhofer, G},
  year      = 1990,
  journal   = {Computational graph theory},
  publisher = {Springer},
  pages     = {235--255}
}
@article{mcnew2011eigenvalue,
  title     = {The eigenvalue gap and mixing time},
  author    = {McNew, Nathan},
  year      = 2011,
  publisher = {Citeseer}
}
@misc{key,
  title  = {C{S} 174 Randomized Algorithms},
  author = {Luca Trevisan},
  url    = {http://theory.stanford.edu/~trevisan/cs174/}
}
@article{zhu2021decentralized,
  title   = {Decentralized multi-armed bandit can outperform classic upper confidence bound},
  author  = {Zhu, Jingxuan and Mulle, Ethan and Smith, Christopher Salomon and Liu, Ji},
  year    = 2021,
  journal = {arXiv preprint arXiv:2111.10933}
}
@inproceedings{zhu2021federated,
  title     = {Federated bandit: A gossiping approach},
  author    = {Zhu, Zhaowei and Zhu, Jingxuan and Liu, Ji and Liu, Yang},
  year      = {3--4, 2021},
  booktitle = {Abstract Proceedings of the 2021 ACM SIGMETRICS/International Conference on Measurement and Modeling of Computer Systems}
}
@inproceedings{landgren2016distributed,
  title        = {On distributed cooperative decision-making in multiarmed bandits},
  author       = {Landgren, Peter and Srivastava, Vaibhav and Leonard, Naomi Ehrich},
  year         = {2016},
  booktitle    = {2016 European Control Conference},
  organization = {243--248. IEEE}
}
@article{martinez2019decentralized,
  title   = {Decentralized cooperative stochastic bandits},
  author  = {Mart{\'\i}nez-Rubio, David and Kanade, Varun and Rebeschini, Patrick},
  year    = 2019,
  journal = {Advances in Neural Information Processing Systems},
  volume  = 32
}
@inproceedings{landgren2016distributed_2,
  title        = {Distributed cooperative decision-making in multiarmed bandits: Frequentist and {B}ayesian algorithms},
  author       = {Landgren, Peter and Srivastava, Vaibhav and Leonard, Naomi Ehrich},
  year         = {2016},
  booktitle    = {2016 IEEE 55th Conference on Decision and Control},
  organization = {167--172. IEEE}
}
@article{landgren2021distributed,
  title     = {Distributed cooperative decision making in multi-agent multi-armed bandits},
  author    = {Landgren, Peter and Srivastava, Vaibhav and Leonard, Naomi Ehrich},
  year      = 2021,
  journal   = {Automatica},
  publisher = {Elsevier},
  volume    = 125,
  pages     = 109445
}
@inproceedings{zhu2020distributed,
  title        = {A distributed algorithm for sequential decision making in multi-armed bandit with homogeneous rewards},
  author       = {Zhu, Jingxuan and Sandhu, Romeil and Liu, Ji},
  year         = {2020},
  booktitle    = {59th IEEE Conference on Decision and Control},
  organization = {3078--3083. IEEE}
}
@article{zhu2023distributed,
  title     = {Distributed Multi-Armed Bandits},
  author    = {Zhu, Jingxuan and Liu, Ji},
  year      = 2023,
  journal   = {IEEE Transactions on Automatic Control},
  publisher = {IEEE}
}
@inproceedings{shi2021federated,
  title        = {Federated multi-armed bandits with personalization},
  author       = {Shi, Chengshuai and Shen, Cong and Yang, Jing},
  year         = 2021,
  booktitle    = {International Conference on Artificial Intelligence and Statistics},
  pages        = {2917--2925},
  organization = {PMLR}
}
@article{bistritz2018distributed,
  title   = {Distributed multi-player bandits-a game of thrones approach},
  author  = {Bistritz, Ilai and Leshem, Amir},
  year    = 2018,
  journal = {Advances in Neural Information Processing Systems},
  volume  = 31
}
@article{huang2021federated,
  title   = {Federated linear contextual bandits},
  author  = {Huang, Ruiquan and Wu, Weiqiang and Yang, Jing and Shen, Cong},
  year    = 2021,
  journal = {Advances in Neural Information Processing Systems},
  volume  = 34,
  pages   = {27057--27068}
}
@article{mitra2021exploiting,
  title   = {Exploiting heterogeneity in robust federated best-arm identification},
  author  = {Mitra, Aritra and Hassani, Hamed and Pappas, George},
  year    = 2021,
  journal = {arXiv preprint arXiv:2109.05700}
}
@article{jiang2023multi,
  title     = {Multi-agent bandit with agent-dependent expected rewards},
  author    = {Jiang, Fan and Cheng, Hui},
  year      = {1--33, 2023},
  journal   = {Swarm Intelligence},
  publisher = {Springer}
}
@inproceedings{wang2021multitask,
  title     = {Multitask bandit learning through heterogeneous feedback aggregation},
  author    = {Wang, Zhi and Zhang, Chicheng and Singh, Manish Kumar and Riek, Laurel and Chaudhuri, Kamalika},
  year      = {1531--1539, 2021},
  booktitle = {International Conference on Artificial Intelligence and Statistics}
}
@inproceedings{mcmahan2017communication,
  title     = {Communication-efficient learning of deep networks from decentralized data},
  author    = {McMahan, Brendan and Moore, Eider and Ramage, Daniel and Hampson, Seth and Arcas, Blaise Aguera Y},
  year      = {1273--1282, 2017},
  booktitle = {Artificial {I}ntelligence and {S}tatistics}
}
@book{frieze2016introduction,
  title     = {Introduction to random graphs},
  author    = {Frieze, Alan and Karo{\'n}ski, Micha{\l}},
  year      = 2016,
  publisher = {Cambridge University Press}
}
@article{jia2021multi,
  title     = {Multi-armed bandit with sub-exponential rewards},
  author    = {Jia, Huiwen and Shi, Cong and Shen, Siqian},
  year      = 2021,
  journal   = {Operations Research Letters},
  publisher = {Elsevier},
  volume    = 49,
  number    = 5,
  pages     = {728--733}
}
@article{gray2019generating,
  title     = {Generating connected random graphs},
  author    = {Gray, Caitlin and Mitchell, Lewis and Roughan, Matthew},
  year      = 2019,
  journal   = {Journal of Complex Networks},
  publisher = {Oxford University Press},
  volume    = 7,
  number    = 6,
  pages     = {896--912}
}
@inproceedings{tao2022optimal,
  title     = {Optimal rates of (locally) differentially private heavy-tailed multi-armed bandits},
  author    = {Tao, Youming and Wu, Yulian and Zhao, Peng and Wang, Di},
  year      = {1546--1574, 2022},
  booktitle = {International Conference on Artificial Intelligence and Statistics}
}
@inproceedings{dubey2020cooperative,
  title     = {Cooperative multi-agent bandits with heavy tails},
  author    = {Dubey, Abhimanyu and Pentland, Alex},
  year      = {2730--2739, 2020},
  booktitle = {International Conference on Machine Learning}
}
@inproceedings{reda2022near,
  title     = {Near-Optimal Collaborative Learning in Bandits},
  author    = {R{\'e}da, Cl{\'e}mence and Vakili, Sattar and Kaufmann, Emilie},
  year      = 2022,
  booktitle = {2022-36th Conference on Neural Information Processing System}
}
@inproceedings{yan2022federated,
  title        = {Federated multi-armed bandit via uncoordinated exploration},
  author       = {Yan, Zirui and Xiao, Quan and Chen, Tianyi and Tajer, Ali},
  year         = {2022},
  booktitle    = {IEEE International Conference on Acoustics, Speech and Signal Processing},
  organization = {5248--5252. IEEE}
}
@article{agarwal2022multi,
  title     = {Multi-agent multi-armed bandits with limited communication},
  author    = {Agarwal, Mridul and Aggarwal, Vaneet and Azizzadenesheli, Kamyar},
  year      = 2022,
  journal   = {The Journal of Machine Learning Research},
  publisher = {JMLRORG},
  volume    = 23,
  number    = 1,
  pages     = {9529--9552}
}
@article{chib1995understanding,
  title     = {Understanding the metropolis-hastings algorithm},
  author    = {Chib, Siddhartha and Greenberg, Edward},
  year      = 1995,
  journal   = {The american statistician},
  publisher = {Taylor \& Francis},
  volume    = 49,
  number    = 4,
  pages     = {327--335}
}
@article{delarue2017mean,
  title     = {Mean field games: A toy model on an {E}rd{\"o}s-{R}enyi graph.},
  author    = {Delarue, Fran{\c{c}}ois},
  year      = 2017,
  journal   = {ESAIM: Proceedings and Surveys},
  publisher = {EDP Sciences},
  volume    = 60,
  pages     = {1--26}
}
@article{lima2008majority,
  title     = {Majority-vote on directed {E}rd{\H{o}}s--{R}{\'e}nyi random graphs},
  author    = {Lima, Francisco WS and Sousa, Alexandre O and Sumuor, MA},
  year      = 2008,
  journal   = {Physica A: Statistical Mechanics and its Applications},
  publisher = {Elsevier},
  volume    = 387,
  number    = 14,
  pages     = {3503--3510}
}
@article{cao2008reaching,
  title     = {Reaching a consensus in a dynamically changing environment: A graphical approach},
  author    = {Cao, Ming and Morse, A Stephen and Anderson, Brian DO},
  year      = 2008,
  journal   = {SIAM Journal on Control and Optimization},
  publisher = {SIAM},
  volume    = 47,
  number    = 2,
  pages     = {575--600}
}
@article{perchet2016batched,
  title     = {Batched bandit problems},
  author    = {Perchet, Vianney and Rigollet, Philippe and Chassang, Sylvain and Snowberg, Erik},
  year      = {660--681, 2016},
  journal   = {The Annals of Statistics},
  publisher = {JSTOR}
}
@inproceedings{chawla2020gossiping,
  title        = {The gossiping insert-eliminate algorithm for multi-agent bandits},
  author       = {Chawla, Ronshee and Sankararaman, Abishek and Ganesh, Ayalvadi and Shakkottai, Sanjay},
  year         = 2020,
  booktitle    = {International conference on artificial intelligence and statistics},
  pages        = {3471--3481},
  organization = {PMLR}
}
@inproceedings{scaman2017optimal,
  title        = {Optimal algorithms for smooth and strongly convex distributed optimization in networks},
  author       = {Scaman, Kevin and Bach, Francis and Bubeck, S{\'e}bastien and Lee, Yin Tat and Massouli{\'e}, Laurent},
  year         = 2017,
  booktitle    = {international conference on machine learning},
  pages        = {3027--3036},
  organization = {PMLR}
}
@article{nedic2009distributed,
  title     = {Distributed subgradient methods for multi-agent optimization},
  author    = {Nedic, Angelia and Ozdaglar, Asuman},
  year      = 2009,
  journal   = {IEEE Transactions on Automatic Control},
  publisher = {IEEE},
  volume    = 54,
  number    = 1,
  pages     = {48--61}
}
@article{duchi2011dual,
  title     = {Dual averaging for distributed optimization: Convergence analysis and network scaling},
  author    = {Duchi, John C and Agarwal, Alekh and Wainwright, Martin J},
  year      = 2011,
  journal   = {IEEE Transactions on Automatic control},
  publisher = {IEEE},
  volume    = 57,
  number    = 3,
  pages     = {592--606}
}


@article{slivkins2019introduction,
  title     = {Introduction to multi-armed bandits},
  author    = {Slivkins, Aleksandrs },
  journal   = {Foundations and Trends in Machine Learning},
  volume    = {12},
  number    = {1-2},
  pages     = {1--286},
  year      = {2019},
  publisher = {Now Publishers, Inc.}
}

@inproceedings{vial2021robust,
  title     = {Robust multi-agent multi-armed bandits},
  author    = {Vial, Daniel and Shakkottai, Sanjay and Srikant, R},
  booktitle = {Proceedings of the Twenty-second International Symposium on Theory, Algorithmic Foundations, and Protocol Design for Mobile Networks and Mobile Computing},
  pages     = {161--170},
  year      = {2021}
}

@article{zhao2020privacy,
  title     = {Privacy-preserving blockchain-based federated learning for IoT devices},
  author    = {Zhao, Yang and Zhao, Jun and Jiang, Linshan and Tan, Rui and Niyato, Dusit and Li, Zengxiang and Lyu, Lingjuan and Liu, Yingbo},
  journal   = {IEEE Internet of Things Journal},
  volume    = {8},
  number    = {3},
  pages     = {1817--1829},
  year      = {2020},
  publisher = {IEEE}
}

@article{feng2023cobc,
  title     = {CoBC: A Blockchain-based Collaborative Inference System for the Internet of Things},
  author    = {Feng, Xingyu and Li, Lingjie and Wang, Tenglong and Xu, Weitao and Zhang, Jin and Wei, Bo and Luo, Chengwen},
  journal   = {IEEE Internet of Things Journal},
  year      = {2023},
  publisher = {IEEE}
}

@article{li2022blockchain,
  title     = {Blockchain-based federated learning methodologies in smart environments},
  author    = {Li, Dong and Luo, Zai and Cao, Bo},
  journal   = {Cluster Computing},
  volume    = {25},
  number    = {4},
  pages     = {2585--2599},
  year      = {2022},
  publisher = {Springer}
}

@article{lu2019blockchain,
  title     = {Blockchain and federated learning for privacy-preserved data sharing in industrial IoT},
  author    = {Lu, Yunlong and Huang, Xiaohong and Dai, Yueyue and Maharjan, Sabita and Zhang, Yan},
  journal   = {IEEE Transactions on Industrial Informatics},
  volume    = {16},
  number    = {6},
  pages     = {4177--4186},
  year      = {2019},
  publisher = {IEEE}
}

@inproceedings{wang2022blockchain,
  title        = {Blockchain-Based Secure and Efficient Federated Learning with Three-phase Consensus and Unknown Device Selection},
  author       = {Wang, Jianrong and Sun, Haoran and Xu, Tianyi},
  booktitle    = {International Conference on Wireless Algorithms, Systems, and Applications},
  pages        = {453--465},
  year         = {2022},
  organization = {Springer}
}

@article{nakamoto2008bitcoin,
  title   = {Bitcoin: A peer-to-peer electronic cash system},
  author  = {Nakamoto, Satoshi},
  journal = {Decentralized business review},
  year    = {2008}
}

@article{niranjanamurthy2019analysis,
  title     = {Analysis of Blockchain technology: pros, cons and SWOT},
  author    = {Niranjanamurthy, M and Nithya, BN and Jagannatha, SJCC},
  journal   = {Cluster Computing},
  volume    = {22},
  pages     = {14743--14757},
  year      = {2019},
  publisher = {Springer}
}

@article{xu2023decentralized,
  title     = {Decentralized Randomly Distributed Multi-agent Multi-armed Bandit with Heterogeneous Rewards},
  author    = {Xu, Mengfan and Klabjan, Diego},
  journal = {Advances on Neural Information Processing Systems},
  year      = {2023}
}

@article{zhu2023byzantine,
  title   = {Byzantine-resilient decentralized multi-armed bandits},
  author  = {Zhu, Jingxuan and Koppel, Alec and Velasquez, Alvaro and Liu, Ji},
  journal = {arXiv preprint arXiv:2310.07320},
  year    = {2023}
}



@incollection{lamport2019byzantine,
  title     = {The Byzantine generals problem},
  author    = {Lamport, Leslie and Shostak, Robert and Pease, Marshall},
  booktitle = {Concurrency: the works of leslie lamport},
  pages     = {203--226},
  year      = {2019}
}


@article{goldwasser1988digital,
  title     = {A digital signature scheme secure against adaptive chosen-message attacks},
  author    = {Goldwasser, Shafi and Micali, Silvio and Rivest, Ronald L},
  journal   = {SIAM Journal on computing},
  volume    = {17},
  number    = {2},
  pages     = {281--308},
  year      = {1988},
  publisher = {SIAM}
}


@misc{hu2020comprehensive,
  title  = {A comprehensive survey on smart contract construction and execution: Paradigms, tools, and systems. Patterns, 2 (2), 100179},
  author = {Hu, B and Zhang, Z and Liu, J and Liu, Y and Yin, J and Lu, R and Lin, X},
  year   = {2020}
}


@inproceedings{murhekar2023incentives,
  title     = {Incentives in Federated Learning: Equilibria, Dynamics, and Mechanisms for Welfare Maximization},
  author    = {Murhekar, Aniket and Yuan, Zhuowen and Chaudhury, Bhaskar Ray and Li, Bo and Mehta, Ruta},
  booktitle = {Thirty-seventh Conference on Neural Information Processing Systems},
  year      = {2023}
}


@article{xu2023,
  title   = {Regret Lower Bounds in Multi-agent Multi-armed Bandit},
  author  = {Xu, Mengfan and Klabjan, Diego},
  journal = {arXiv preprint arXiv:2308.08046},
  year    = {2023}
}

@inproceedings{asharov2012multiparty,
  title        = {Multiparty computation with low communication, computation and interaction via threshold FHE},
  author       = {Asharov, Gilad and Jain, Abhishek and L{\'o}pez-Alt, Adriana and Tromer, Eran and Vaikuntanathan, Vinod and Wichs, Daniel},
  booktitle    = {Advances in Cryptology--EUROCRYPT 2012: 31st Annual International Conference on the Theory and Applications of Cryptographic Techniques, Cambridge, UK, April 15-19, 2012. Proceedings 31},
  pages        = {483--501},
  year         = {2012},
  organization = {Springer}
}


@inproceedings{canetti2001universally,
  title        = {Universally composable security: A new paradigm for cryptographic protocols},
  author       = {Canetti, Ran},
  booktitle    = {Proceedings 42nd IEEE Symposium on Foundations of Computer Science},
  pages        = {136--145},
  year         = {2001},
  organization = {IEEE}
}



@article{dong2023byzantine,
  title     = {Byzantine-robust distributed online learning: Taming adversarial participants in an adversarial environment},
  author    = {Dong, Xingrong and Wu, Zhaoxian and Ling, Qing and Tian, Zhi},
  journal   = {IEEE Transactions on Signal Processing},
  year      = {2023},
  publisher = {IEEE}
}


@misc{dubey2020private,
  title  = {Private and Byzantine-Proof Cooperative Decision-Making, 20th Conf. Autonomous Agents and Multiagent Systems, 2020},
  author = {Dubey, Abhi and Pentland, Alex},
  year   = {2020}
}


@article{murhekar2024incentives,
  title   = {Incentives in federated learning: Equilibria, dynamics, and mechanisms for welfare maximization},
  author  = {Murhekar, Aniket and Yuan, Zhuowen and Ray Chaudhury, Bhaskar and Li, Bo and Mehta, Ruta},
  journal = {Advances in Neural Information Processing Systems},
  volume  = {36},
  year    = {2024}
}


@inproceedings{lei2018reputation,
  title        = {Reputation-based byzantine fault-tolerance for consortium blockchain},
  author       = {Lei, Kai and Zhang, Qichao and Xu, Limei and Qi, Zhuyun},
  booktitle    = {2018 IEEE 24th international conference on parallel and distributed systems (ICPADS)},
  pages        = {604--611},
  year         = {2018},
  organization = {IEEE}
}

@inproceedings{chen2017security,
  title        = {On security analysis of proof-of-elapsed-time (poet)},
  author       = {Chen, Lin and Xu, Lei and Shah, Nolan and Gao, Zhimin and Lu, Yang and Shi, Weidong},
  booktitle    = {Stabilization, Safety, and Security of Distributed Systems: 19th International Symposium, SSS 2017, Boston, MA, USA, November 5--8, 2017, Proceedings 19},
  pages        = {282--297},
  year         = {2017},
  organization = {Springer}
}

@inproceedings{nojoumian2019incentivizing,
  title        = {Incentivizing blockchain miners to avoid dishonest mining strategies by a reputation-based paradigm},
  author       = {Nojoumian, Mehrdad and Golchubian, Arash and Njilla, Laurent and Kwiat, Kevin and Kamhoua, Charles},
  booktitle    = {Intelligent Computing: Proceedings of the 2018 Computing Conference, Volume 2},
  pages        = {1118--1134},
  year         = {2019},
  organization = {Springer}
}


@inproceedings{wangp2020optimal,
  title={Optimal algorithms for multiplayer multi-armed bandits},
  author={Wang, Po-An and Proutiere, Alexandre and Ariu, Kaito and Jedra, Yassir and Russo, Alessio},
  booktitle={International Conference on Artificial Intelligence and Statistics},
  pages={4120--4129},
  year={2020},
  organization={PMLR}
}

@article{li2022privacy,
  title={Privacy-preserving communication-efficient federated multi-armed bandits},
  author={Li, Tan and Song, Linqi},
  journal={IEEE Journal on Selected Areas in Communications},
  volume={40},
  number={3},
  pages={773--787},
  year={2022},
  publisher={IEEE}
}


@article{sankararaman2019social,
  title={Social learning in multi agent multi armed bandits},
  author={Sankararaman, Abishek and Ganesh, Ayalvadi and Shakkottai, Sanjay},
  journal={Proceedings of the ACM on Measurement and Analysis of Computing Systems},
  volume={3},
  number={3},
  pages={1--35},
  year={2019},
  publisher={ACM New York, NY, USA}
}


@inproceedings{airoldi2006mixed,
  title={Mixed membership stochastic block models for relational data with application to protein-protein interactions},
  author={Airoldi, Edoardo M and Blei, David M and Fienberg, Stephen E and Xing, Eric P and Jaakkola, Tommi},
  booktitle={Proceedings of the international biometrics society annual meeting},
  volume={15},
  pages={1},
  year={2006}
}


@article{cugmas2020scientific,
  title={Scientific collaboration of researchers and organizations: a two-level blockmodeling approach},
  author={Cugmas, Marjan and Mali, Franc and {\v{Z}}iberna, Ale{\v{s}}},
  journal={Scientometrics},
  volume={125},
  number={3},
  pages={2471--2489},
  year={2020},
  publisher={Springer}
}


@article{el2024community,
  title={Community detection in multiplex continous weighted nodes networks using an extension of the stochastic block model},
  author={El Haj, Abir},
  journal={Computing},
  volume={106},
  number={11},
  pages={3711--3725},
  year={2024},
  publisher={Springer}
}

@article{battiston2004statistical,
  title={Statistical properties of corporate board and director networks},
  author={Battiston, Stefano and Catanzaro, Michele},
  journal={The European Physical Journal B},
  volume={38},
  pages={345--352},
  year={2004},
  publisher={Springer}
}

@article{stanley2019stochastic,
  title={Stochastic block models with multiple continuous attributes},
  author={Stanley, Natalie and Bonacci, Thomas and Kwitt, Roland and Niethammer, Marc and Mucha, Peter J},
  journal={Applied Network Science},
  volume={4},
  pages={1--22},
  year={2019},
  publisher={Springer}
}


@article{duchemin2023reliable,
  title={Reliable prediction in the Markov stochastic block model},
  author={Duchemin, Quentin},
  journal={ESAIM: Probability and Statistics},
  volume={27},
  pages={80--135},
  year={2023},
  publisher={EDP Sciences}
}

@inproceedings{wangx2022achieving,
  title={Achieving Near-Optimal Individual Regret \& Low Communications in Multi-Agent Bandits},
  author={Wang, Xuchuang and Yang, Lin and Chen, Yu-Zhen Janice and Liu, Xutong and Hajiesmaili, Mohammad and Towsley, Don and Lui, John CS},
  booktitle={The Eleventh International Conference on Learning Representations},
  year={2022}
}


@article{erdds1959random,
  title={On random graphs I},
  author={ERDdS, P and R\&wi, A},
  journal={Publ. math. debrecen},
  volume={6},
  number={290-297},
  pages={18},
  year={1959}
}


@article{pal2024blocked,
  title={Blocked collaborative bandits: online collaborative filtering with per-item budget constraints},
  author={Pal, Soumyabrata and Suggala, Arun and Shanmugam, Karthikeyan and Jain, Prateek},
  journal={Advances in Neural Information Processing Systems},
  volume={36},
  year={2024}
}

@article{abbe2015exact,
  title={Exact recovery in the stochastic block model},
  author={Abbe, Emmanuel and Bandeira, Afonso S and Hall, Georgina},
  journal={IEEE Transactions on information theory},
  volume={62},
  number={1},
  pages={471--487},
  year={2015},
  publisher={IEEE}
}

@article{abbe2018community,
  title={Community detection and stochastic block models: recent developments},
  author={Abbe, Emmanuel},
  journal={Journal of Machine Learning Research},
  volume={18},
  number={177},
  pages={1--86},
  year={2018}
}

@article{roman2013features,
  title={On the features and challenges of security and privacy in distributed internet of things},
  author={Roman, Rodrigo and Zhou, Jianying and Lopez, Javier},
  journal={Computer networks},
  volume={57},
  number={10},
  pages={2266--2279},
  year={2013},
  publisher={Elsevier}
}

@article{deshpande2018contextual,
  title={Contextual stochastic block models},
  author={Deshpande, Yash and Sen, Subhabrata and Montanari, Andrea and Mossel, Elchanan},
  journal={Advances in Neural Information Processing Systems},
  volume={31},
  year={2018}
}

@article{chen2019algorand,
  title     = {Algorand: A secure and efficient distributed ledger},
  author    = {Chen, Jing and Micali, Silvio},
  journal   = {Theoretical Computer Science},
  volume    = {777},
  pages     = {155--183},
  year      = {2019},
  publisher = {Elsevier}
}
@article{fahim2023blockchain,
  title   = {Blockchain: A comparative study of consensus algorithms PoW, PoS, PoA, PoV},
  author  = {Fahim, Shahriar and Rahman, S Katibur and Mahmood, Sharfuddin},
  journal = {Int. J. Math. Sci. Comput},
  volume  = {3},
  pages   = {46--57},
  year    = {2023}
}

@inproceedings{dennis2015rep,
  title        = {Rep on the block: A next generation reputation system based on the blockchain},
  author       = {Dennis, Richard and Owen, Gareth},
  booktitle    = {2015 10th International Conference for Internet Technology and Secured Transactions (ICITST)},
  pages        = {131--138},
  year         = {2015},
  organization = {IEEE}
}


@article{zhou2021blockchain,
  title     = {Blockchain-based decentralized reputation system in E-commerce environment},
  author    = {Zhou, Zhili and Wang, Meimin and Yang, Ching-Nung and Fu, Zhangjie and Sun, Xingming and Wu, QM Jonathan},
  journal   = {Future Generation Computer Systems},
  volume    = {124},
  pages     = {155--167},
  year      = {2021},
  publisher = {Elsevier}
}


@article{arshad2022reputable,
  title     = {Reputable--a decentralized reputation system for blockchain-based ecosystems},
  author    = {Arshad, Junaid and Azad, Muhammad Ajmal and Prince, Alousseynou and Ali, Jahid and Papaioannou, Thanasis G},
  journal   = {IEEE Access},
  volume    = {10},
  pages     = {79948--79961},
  year      = {2022},
  publisher = {IEEE}
}

@book{huber2011robust,
  title     = {Robust statistics},
  author    = {Huber, Peter J and Ronchetti, Elvezio M},
  year      = {2011},
  publisher = {John Wiley \& Sons}
}


@inproceedings{micali1999verifiable,
  title        = {Verifiable random functions},
  author       = {Micali, Silvio and Rabin, Michael and Vadhan, Salil},
  booktitle    = {40th annual symposium on foundations of computer science (cat. No. 99CB37039)},
  pages        = {120--130},
  year         = {1999},
  organization = {IEEE}
}

@inproceedings{gilad2017algorand,
  title     = {Algorand: Scaling byzantine agreements for cryptocurrencies},
  author    = {Gilad, Yossi and Hemo, Rotem and Micali, Silvio and Vlachos, Georgios and Zeldovich, Nickolai},
  booktitle = {Proceedings of the 26th symposium on operating systems principles},
  pages     = {51--68},
  year      = {2017}
}

@inproceedings{dickerson2017adding,
  title     = {Adding concurrency to smart contracts},
  author    = {Dickerson, Thomas and Gazzillo, Paul and Herlihy, Maurice and Koskinen, Eric},
  booktitle = {Proceedings of the ACM Symposium on Principles of Distributed Computing},
  pages     = {303--312},
  year      = {2017}
}

@inproceedings{wang2023achieve,
  title     = {Achieve Near-Optimal Individual Regret \&amp; Low Communications in Multi-Agent Bandits},
  author    = {Wang, Xuchuang and Yang, Lin and Chen, Yu-Zhen Janice and Liu, Xutong and Hajiesmaili, Mohammad and Towsley, Don and Lui, John C.S.},
  booktitle = {International Conference on Learning Representations},
  year      = {2023}
}

@inproceedings{wang2020optimal,
  title        = {Optimal algorithms for multiplayer multi-armed bandits},
  author       = {Wang, Po-An and Proutiere, Alexandre and Ariu, Kaito and Jedra, Yassir and Russo, Alessio},
  booktitle    = {International Conference on Artificial Intelligence and Statistics},
  pages        = {4120--4129},
  year         = {2020},
  organization = {PMLR}
}

@inproceedings{gentile2014online,
  title={Online clustering of bandits},
  author={Gentile, Claudio and Li, Shuai and Zappella, Giovanni},
  booktitle={International conference on machine learning},
  pages={757--765},
  year={2014},
  organization={PMLR}
}

@inproceedings{li2016collaborative,
  title={Collaborative filtering bandits},
  author={Li, Shuai and Karatzoglou, Alexandros and Gentile, Claudio},
  booktitle={Proceedings of the 39th International ACM SIGIR conference on Research and Development in Information Retrieval},
  pages={539--548},
  year={2016}
}

@inproceedings{korda2016distributed,
  title={Distributed clustering of linear bandits in peer to peer networks},
  author={Korda, Nathan and Szorenyi, Balazs and Li, Shuai},
  booktitle={International conference on machine learning},
  pages={1301--1309},
  year={2016},
  organization={PMLR}
}

@inproceedings{gentile2017context,
  title={On context-dependent clustering of bandits},
  author={Gentile, Claudio and Li, Shuai and Kar, Purushottam and Karatzoglou, Alexandros and Zappella, Giovanni and Etrue, Evans},
  booktitle={International Conference on machine learning},
  pages={1253--1262},
  year={2017},
  organization={PMLR}
}

@inproceedings{mahadik2020fast,
  title={Fast distributed bandits for online recommendation systems},
  author={Mahadik, Kanak and Wu, Qingyun and Li, Shuai and Sabne, Amit},
  booktitle={Proceedings of the 34th ACM international conference on supercomputing},
  pages={1--13},
  year={2020}
}

@ARTICLE{8440090,
  author={Wang, Qing and Zeng, Chunqiu and Zhou, Wubai and Li, Tao and Iyengar, S. S. and Shwartz, Larisa and Grabarnik, Genady Ya.},
  journal={IEEE Transactions on Knowledge and Data Engineering}, 
  title={Online Interactive Collaborative Filtering Using Multi-Armed Bandit with Dependent Arms}, 
  year={2019},
  volume={31},
  number={8},
  pages={1569-1580},
  keywords={Collaborative filtering;Recommender systems;Learning (artificial intelligence);Recommender systems;interactive collaborative filtering;topic modeling;cold-start problem;particle learning},
  doi={10.1109/TKDE.2018.2866041}}

@ARTICLE{9525439,
  author={Lin, Yan and Zhang, Yijin and Li, Jun and Shu, Feng and Li, Chunguo},
  journal={IEEE Internet of Things Journal}, 
  title={Popularity-Aware Online Task Offloading for Heterogeneous Vehicular Edge Computing Using Contextual Clustering of Bandits}, 
  year={2022},
  volume={9},
  number={7},
  pages={5422-5433},
  keywords={Task analysis;Servers;Delays;Vehicle dynamics;Edge computing;Energy consumption;Roads;Contextual multiarmed bandit (MAB);online learning;task offloading;vehicular edge computing (VEC)},
  doi={10.1109/JIOT.2021.3109003}}

@article{li2019improved,
  title={Improved algorithm on online clustering of bandits},
  author={Li, Shuai and Chen, Wei and Leung, Kwong-Sak},
  journal={arXiv preprint arXiv:1902.09162},
  year={2019}
}

@inproceedings{ban2021local,
  title={Local clustering in contextual multi-armed bandits},
  author={Ban, Yikun and He, Jingrui},
  booktitle={Proceedings of the Web Conference 2021},
  pages={2335--2346},
  year={2021}
}

@article{keskin2024data,
  title={Data-driven clustering and feature-based retail electricity pricing with smart meters},
  author={Keskin, N Bora and Li, Yuexing and Sunar, Nur},
  journal={Operations Research},
  year={2024},
  publisher={INFORMS}
}

@article{wang2024online,
  title={Online corrupted user detection and regret minimization},
  author={Wang, Zhiyong and Xie, Jize and Yu, Tong and Li, Shuai and Lui, John},
  journal={Advances in Neural Information Processing Systems},
  volume={36},
  year={2024}
}

@ARTICLE{10586787,
  author={Dai, Xiangxiang and Wang, Zhiyong and Xie, Jize and Liu, Xutong and Lui, John C.S.},
  journal={IEEE Transactions on Knowledge and Data Engineering}, 
  title={Conversational Recommendation With Online Learning and Clustering on Misspecified Users}, 
  year={2024},
  volume={36},
  number={12},
  pages={7825-7838},
  keywords={Clustering algorithms;Heuristic algorithms;Vectors;Uncertainty;Oral communication;Collaboration;Task analysis;Misspecified model;online learning;conversational recommendation;bandit feedback;clustering of bandits},
  doi={10.1109/TKDE.2024.3423442}}

@article{miao2022context,
  title={Context-based dynamic pricing with online clustering},
  author={Miao, Sentao and Chen, Xi and Chao, Xiuli and Liu, Jiaxi and Zhang, Yidong},
  journal={Production and Operations Management},
  volume={31},
  number={9},
  pages={3559--3575},
  year={2022},
  publisher={SAGE Publications Sage CA: Los Angeles, CA}
}

@inproceedings{ban2024meta,
  title={Meta clustering of neural bandits},
  author={Ban, Yikun and Qi, Yunzhe and Wei, Tianxin and Liu, Lihui and He, Jingrui},
  booktitle={Proceedings of the 30th ACM SIGKDD Conference on Knowledge Discovery and Data Mining},
  pages={95--106},
  year={2024}
}

@inproceedings{nguyen2014dynamic,
  title={Dynamic clustering of contextual multi-armed bandits},
  author={Nguyen, Trong T and Lauw, Hady W},
  booktitle={Proceedings of the 23rd ACM international conference on conference on information and knowledge management},
  pages={1959--1962},
  year={2014}
}

@inproceedings{pal2023optimal,
  title={Optimal algorithms for latent bandits with cluster structure},
  author={Pal, Soumyabrata and Suggala, Arun Sai and Shanmugam, Karthikeyan and Jain, Prateek},
  booktitle={International Conference on Artificial Intelligence and Statistics},
  pages={7540--7577},
  year={2023},
  organization={PMLR}
}

@inproceedings{wu2021clustering,
  title={Clustering of conversational bandits for user preference learning and elicitation},
  author={Wu, Junda and Zhao, Canzhe and Yu, Tong and Li, Jingyang and Li, Shuai},
  booktitle={Proceedings of the 30th ACM International Conference on Information \& Knowledge Management},
  pages={2129--2139},
  year={2021}
}

@inproceedings{liu2022federated,
  title={Federated online clustering of bandits},
  author={Liu, Xutong and Zhao, Haoru and Yu, Tong and Li, Shuai and Lui, John CS},
  booktitle={Uncertainty in Artificial Intelligence},
  pages={1221--1231},
  year={2022},
  organization={PMLR}
}

@article{nguyen2020optimal,
  title={Optimal operation of transmission power networks by using improved stochastic fractal search algorithm},
  author={Nguyen, Thang Trung and Nguyen, Thuan Thanh and Duong, Minh Quan and Doan, Anh Tuan},
  journal={Neural Computing and Applications},
  volume={32},
  pages={9129--9164},
  year={2020},
  publisher={Springer}
}

@article{yan2022dynamic,
  title={Dynamic clustering based contextual combinatorial multi-armed bandit for online recommendation},
  author={Yan, Cairong and Han, Haixia and Zhang, Yanting and Zhu, Dandan and Wan, Yongquan},
  journal={Knowledge-Based Systems},
  volume={257},
  pages={109927},
  year={2022},
  publisher={Elsevier}
}

@inproceedings{yang2018graph,
  title={Graph-based recommendation system},
  author={Yang, Kaige and Toni, Laura},
  booktitle={2018 IEEE Global Conference on Signal and Information Processing (GlobalSIP)},
  pages={798--802},
  year={2018},
  organization={IEEE}
}

@inproceedings{yang2024federated,
  title={Federated Contextual Cascading Bandits with Asynchronous Communication and Heterogeneous Users},
  author={Yang, Hantao and Liu, Xutong and Wang, Zhiyong and Xie, Hong and Lui, John CS and Lian, Defu and Chen, Enhong},
  booktitle={Proceedings of the AAAI Conference on Artificial Intelligence},
  volume={38},
  number={18},
  pages={20596--20603},
  year={2024}
}

@inproceedings{yang2020exploring,
  title={Exploring clustering of bandits for online recommendation system},
  author={Yang, Liu and Liu, Bo and Lin, Leyu and Xia, Feng and Chen, Kai and Yang, Qiang},
  booktitle={Proceedings of the 14th ACM Conference on Recommender Systems},
  pages={120--129},
  year={2020}
}

@article{dai2024online,
  title={Online Learning and Detecting Corrupted Users for Conversational Recommendation Systems},
  author={Dai, Xiangxiang and Wang, Zhiyong and Xie, Jize and Yu, Tong and Lui, John CS},
  journal={IEEE Transactions on Knowledge and Data Engineering},
  year={2024},
  publisher={IEEE}
}

@inproceedings{blaser2024federated,
  title={Federated Linear Contextual Bandits with Heterogeneous Clients},
  author={Blaser, Ethan and Li, Chuanhao and Wang, Hongning},
  booktitle={International Conference on Artificial Intelligence and Statistics},
  pages={631--639},
  year={2024},
  organization={PMLR}
}

@inproceedings{li2018online,
  title={Online clustering of contextual cascading bandits},
  author={Li, Shuai and Zhang, Shengyu},
  booktitle={Proceedings of the AAAI Conference on Artificial Intelligence},
  volume={32},
  number={1},
  year={2018}
}

@article{yang2024optimal,
  title={Optimal clustering with bandit feedback},
  author={Yang, Junwen and Zhong, Zixin and Tan, Vincent YF},
  journal={Journal of Machine Learning Research},
  volume={25},
  number={186},
  pages={1--54},
  year={2024}
}

@inproceedings{li2021unifying,
  title={Unifying clustered and non-stationary bandits},
  author={Li, Chuanhao and Wu, Qingyun and Wang, Hongning},
  booktitle={International Conference on Artificial Intelligence and Statistics},
  pages={1063--1071},
  year={2021},
  organization={PMLR}
}

@article{li2023clustering,
  title={Clustering of conversational bandits with posterior sampling for user preference learning and elicitation},
  author={Li, Qizhi and Zhao, Canzhe and Yu, Tong and Wu, Junda and Li, Shuai},
  journal={User Modeling and User-Adapted Interaction},
  volume={33},
  number={5},
  pages={1065--1112},
  year={2023},
  publisher={Springer}
}

@article{cherkaoui2023clustered,
  title={Clustered Multi-Agent Linear Bandits},
  author={Cherkaoui, Hamza and Barlier, Merwan and Colin, Igor},
  journal={arXiv preprint arXiv:2309.08710},
  year={2023}
}

@article{li2016online,
  title={Online context-dependent clustering in recommendations based on exploration-exploitation algorithms},
  author={Li, Shuai and Gentile, Claudio and Karatzoglou, Alexandros and Zappella, Giovanni},
  journal={ArXiv, abs/1608.03544},
  year={2016}
}

@article{li2025demystifying,
  title={Demystifying Online Clustering of Bandits: Enhanced Exploration Under Stochastic and Smoothed Adversarial Contexts},
  author={Li, Zhuohua and Liu, Maoli and Dai, Xiangxiang and Lui, John},
  journal={arXiv preprint arXiv:2501.00891},
  year={2025}
}

@article{yang2018content,
  title={Content popularity prediction towards location-aware mobile edge caching},
  author={Yang, Peng and Zhang, Ning and Zhang, Shan and Yu, Li and Zhang, Junshan and Shen, Xuemin},
  journal={IEEE Transactions on Multimedia},
  volume={21},
  number={4},
  pages={915--929},
  year={2018},
  publisher={IEEE}
}

@article{chen2018spatio,
  title={Spatio--temporal edge service placement: A bandit learning approach},
  author={Chen, Lixing and Xu, Jie and Ren, Shaolei and Zhou, Pan},
  journal={IEEE Transactions on Wireless Communications},
  volume={17},
  number={12},
  pages={8388--8401},
  year={2018},
  publisher={IEEE}
}

@inproceedings{dai2024axiomvision,
  title={Axiomvision: Accuracy-guaranteed adaptive visual model selection for perspective-aware video analytics},
  author={Dai, Xiangxiang and Zhang, Zeyu and Yang, Peng and Xu, Yuedong and Liu, Xutong and Lui, John CS},
  booktitle={Proceedings of the 32nd ACM International Conference on Multimedia},
  pages={7229--7238},
  year={2024}
}