@book{HandbookMC,
  author = {Clarke, Edmund M. and Henzinger, Thomas A. and Veith, Helmut and Bloem, Roderick},
  title = {Handbook of Model Checking},
  year = {2018},
  isbn = {3319105744},
  publisher = {Springer Publishing Company, Incorporated},
  edition = {1st},
  doi = {10.1007/978-3-319-10575-8}
}

@book{ModelChecking,
  author       = {Edmund M. Clarke and
                  Orna Grumberg and
                  Daniel Kroening and
                  Doron A. Peled and
                  Helmut Veith},
  title        = {Model checking, 2nd Edition},
  publisher    = {{MIT} Press},
  year         = {2018},
  url          = {https://mitpress.mit.edu/books/model-checking-second-edition},
  isbn         = {978-0-262-03883-6},
  timestamp    = {Mon, 07 Feb 2022 10:43:59 +0100},
  biburl       = {https://dblp.org/rec/books/daglib/0007403-2.bib},
  bibsource    = {dblp computer science bibliography, https://dblp.org}
}

@inproceedings{IC3,
  author       = {Aaron R. Bradley},
  editor       = {Ranjit Jhala and
                  David A. Schmidt},
  title        = {SAT-Based Model Checking without Unrolling},
  booktitle    = {Verification, Model Checking, and Abstract Interpretation - 12th International
                  Conference, {VMCAI} 2011, Austin, TX, USA, January 23-25, 2011. Proceedings},
  series       = {Lecture Notes in Computer Science},
  volume       = {6538},
  pages        = {70--87},
  publisher    = {Springer},
  year         = {2011},
  doi          = {10.1007/978-3-642-18275-4\_7},
  timestamp    = {Tue, 14 May 2019 10:00:43 +0200},
  biburl       = {https://dblp.org/rec/conf/vmcai/Bradley11.bib},
  bibsource    = {dblp computer science bibliography, https://dblp.org}
}

@inproceedings{PDR,
  author       = {Niklas E{\'{e}}n and
                  Alan Mishchenko and
                  Robert K. Brayton},
  editor       = {Per Bjesse and
                  Anna Slobodov{\'{a}}},
  title        = {Efficient implementation of property directed reachability},
  booktitle    = {International Conference on Formal Methods in Computer-Aided Design,
                  {FMCAD} '11, Austin, TX, USA, October 30 - November 02, 2011},
  pages        = {125--134},
  publisher    = {{FMCAD} Inc.},
  year         = {2011},
  url          = {http://dl.acm.org/citation.cfm?id=2157675},
  timestamp    = {Mon, 09 Aug 2021 15:21:44 +0200},
  biburl       = {https://dblp.org/rec/conf/fmcad/EenMB11.bib},
  bibsource    = {dblp computer science bibliography, https://dblp.org}
}

@inproceedings{BMC,
  author       = {Armin Biere and
                  Alessandro Cimatti and
                  Edmund M. Clarke and
                  Masahiro Fujita and
                  Yunshan Zhu},
  editor       = {Mary Jane Irwin},
  title        = {Symbolic Model Checking Using {SAT} Procedures instead of BDDs},
  booktitle    = {Proceedings of the 36th Conference on Design Automation, New Orleans,
                  LA, USA, June 21-25, 1999},
  pages        = {317--320},
  publisher    = {{ACM} Press},
  year         = {1999},
  doi          = {10.1145/309847.309942},
  timestamp    = {Sun, 02 Jun 2019 21:23:36 +0200},
  biburl       = {https://dblp.org/rec/conf/dac/BiereCCFZ99.bib},
  bibsource    = {dblp computer science bibliography, https://dblp.org}
}

@inproceedings{KINDUCTION,
  author       = {Mary Sheeran and
                  Satnam Singh and
                  Gunnar St{\aa}lmarck},
  editor       = {Warren A. Hunt Jr. and
                  Steven D. Johnson},
  title        = {Checking Safety Properties Using Induction and a SAT-Solver},
  booktitle    = {Formal Methods in Computer-Aided Design, Third International Conference,
                  {FMCAD} 2000, Austin, Texas, USA, November 1-3, 2000, Proceedings},
  series       = {Lecture Notes in Computer Science},
  volume       = {1954},
  pages        = {108--125},
  publisher    = {Springer},
  year         = {2000},
  doi          = {10.1007/3-540-40922-X\_8},
}

@inproceedings{IMC,
  author       = {Kenneth L. McMillan},
  editor       = {Warren A. Hunt Jr. and
                  Fabio Somenzi},
  title        = {Interpolation and SAT-Based Model Checking},
  booktitle    = {Computer Aided Verification, 15th International Conference, {CAV}
                  2003, Boulder, CO, USA, July 8-12, 2003, Proceedings},
  series       = {Lecture Notes in Computer Science},
  volume       = {2725},
  pages        = {1--13},
  publisher    = {Springer},
  year         = {2003},
  doi          = {10.1007/978-3-540-45069-6\_1},
}

@inproceedings{AVR,
  author       = {Aman Goel and
                  Karem A. Sakallah},
  editor       = {Armin Biere and
                  David Parker},
  title        = {{AVR:} Abstractly Verifying Reachability},
  booktitle    = {Tools and Algorithms for the Construction and Analysis of Systems
                  - 26th International Conference, {TACAS} 2020, Held as Part of the
                  European Joint Conferences on Theory and Practice of Software, {ETAPS}
                  2020, Dublin, Ireland, April 25-30, 2020, Proceedings, Part {I}},
  series       = {Lecture Notes in Computer Science},
  volume       = {12078},
  pages        = {413--422},
  publisher    = {Springer},
  year         = {2020},
  doi          = {10.1007/978-3-030-45190-5\_23},
  timestamp    = {Fri, 14 May 2021 08:34:17 +0200},
  biburl       = {https://dblp.org/rec/conf/tacas/GoelS20.bib},
  bibsource    = {dblp computer science bibliography, https://dblp.org}
}

@inproceedings{PONO,
  author       = {Makai Mann and
                  Ahmed Irfan and
                  Florian Lonsing and
                  Yahan Yang and
                  Hongce Zhang and
                  Kristopher Brown and
                  Aarti Gupta and
                  Clark W. Barrett},
  editor       = {Alexandra Silva and
                  K. Rustan M. Leino},
  title        = {Pono: {A} Flexible and Extensible SMT-Based Model Checker},
  booktitle    = {Computer Aided Verification - 33rd International Conference, {CAV}
                  2021, Virtual Event, July 20-23, 2021, Proceedings, Part {II}},
  series       = {Lecture Notes in Computer Science},
  volume       = {12760},
  pages        = {461--474},
  publisher    = {Springer},
  year         = {2021},
  doi          = {10.1007/978-3-030-81688-9\_22},
  timestamp    = {Sat, 30 Sep 2023 09:35:56 +0200},
  biburl       = {https://dblp.org/rec/conf/cav/MannILYZBGB20.bib},
  bibsource    = {dblp computer science bibliography, https://dblp.org}
}

@inproceedings{NUXMV,
  author       = {Roberto Cavada and
                  Alessandro Cimatti and
                  Michele Dorigatti and
                  Alberto Griggio and
                  Alessandro Mariotti and
                  Andrea Micheli and
                  Sergio Mover and
                  Marco Roveri and
                  Stefano Tonetta},
  editor       = {Armin Biere and
                  Roderick Bloem},
  title        = {The nuXmv Symbolic Model Checker},
  booktitle    = {Computer Aided Verification - 26th International Conference, {CAV}
                  2014, Held as Part of the Vienna Summer of Logic, {VSL} 2014, Vienna,
                  Austria, July 18-22, 2014. Proceedings},
  series       = {Lecture Notes in Computer Science},
  volume       = {8559},
  pages        = {334--342},
  publisher    = {Springer},
  year         = {2014},
  doi          = {10.1007/978-3-319-08867-9\_22},
  timestamp    = {Mon, 03 Jan 2022 22:13:44 +0100},
  biburl       = {https://dblp.org/rec/conf/cav/CavadaCDGMMMRT14.bib},
  bibsource    = {dblp computer science bibliography, https://dblp.org}
}

@inproceedings{CAR,
  author       = {Jianwen Li and
                  Shufang Zhu and
                  Yueling Zhang and
                  Geguang Pu and
                  Moshe Y. Vardi},
  editor       = {Sri Parameswaran},
  title        = {Safety model checking with complementary approximations},
  booktitle    = {2017 {IEEE/ACM} International Conference on Computer-Aided Design,
                  {ICCAD} 2017, Irvine, CA, USA, November 13-16, 2017},
  pages        = {95--100},
  publisher    = {{IEEE}},
  year         = {2017},
  doi          = {10.1109/ICCAD.2017.8203765},
  timestamp    = {Mon, 26 Jun 2023 20:42:21 +0200},
  biburl       = {https://dblp.org/rec/conf/iccad/LiZZPV17.bib},
  bibsource    = {dblp computer science bibliography, https://dblp.org}
}

@inproceedings{SimpleCAR,
  author       = {Jianwen Li and
                  Rohit Dureja and
                  Geguang Pu and
                  Kristin Yvonne Rozier and
                  Moshe Y. Vardi},
  editor       = {Hana Chockler and
                  Georg Weissenbacher},
  title        = {SimpleCAR: An Efficient Bug-Finding Tool Based on Approximate Reachability},
  booktitle    = {Computer Aided Verification - 30th International Conference, {CAV}
                  2018, Held as Part of the Federated Logic Conference, FloC 2018, Oxford,
                  UK, July 14-17, 2018, Proceedings, Part {II}},
  series       = {Lecture Notes in Computer Science},
  volume       = {10982},
  pages        = {37--44},
  publisher    = {Springer},
  year         = {2018},
  doi          = {10.1007/978-3-319-96142-2\_5},
  timestamp    = {Fri, 09 Apr 2021 18:35:26 +0200},
  biburl       = {https://dblp.org/rec/conf/cav/LiDPRV18.bib},
  bibsource    = {dblp computer science bibliography, https://dblp.org}
}

@inproceedings{Certifaiger,
  author       = {Emily Yu and
                  Nils Froleyks and
                  Armin Biere and
                  Keijo Heljanko},
  editor       = {Alexander Nadel and
                  Kristin Yvonne Rozier},
  title        = {Towards Compositional Hardware Model Checking Certification},
  booktitle    = {Formal Methods in Computer-Aided Design, {FMCAD} 2023, Ames, IA, USA,
                  October 24-27, 2023},
  pages        = {1--11},
  publisher    = {{IEEE}},
  year         = {2023},
  doi          = {10.34727/2023/ISBN.978-3-85448-060-0\_12},
  timestamp    = {Mon, 05 Feb 2024 20:33:44 +0100},
  biburl       = {https://dblp.org/rec/conf/fmcad/YuFBH23.bib},
  bibsource    = {dblp computer science bibliography, https://dblp.org}
}

@inproceedings{IGoodLemma,
  author       = {Yechuan Xia and
                  Anna Becchi and
                  Alessandro Cimatti and
                  Alberto Griggio and
                  Jianwen Li and
                  Geguang Pu},
  editor       = {Constantin Enea and
                  Akash Lal},
  title        = {Searching for i-Good Lemmas to Accelerate Safety Model Checking},
  booktitle    = {Computer Aided Verification - 35th International Conference, {CAV}
                  2023, Paris, France, July 17-22, 2023, Proceedings, Part {II}},
  series       = {Lecture Notes in Computer Science},
  volume       = {13965},
  pages        = {288--308},
  publisher    = {Springer},
  year         = {2023},
  doi          = {10.1007/978-3-031-37703-7\_14},
}

@inproceedings{PredictingLemma,
  author       = {Yuheng Su and
                  Qiusong Yang and
                  Yiwei Ci},
  editor       = {Vivek De},
  title        = {Predicting Lemmas in Generalization of {IC3}},
  booktitle    = {Proceedings of the 61st {ACM/IEEE} Design Automation Conference, {DAC}
                  2024, San Francisco, CA, USA, June 23-27, 2024},
  pages        = {208:1--208:6},
  publisher    = {{ACM}},
  year         = {2024},
  doi          = {10.1145/3649329.3655970},
  timestamp    = {Sat, 30 Nov 2024 21:10:03 +0100},
  biburl       = {https://dblp.org/rec/conf/dac/SuYC24.bib},
  bibsource    = {dblp computer science bibliography, https://dblp.org}
}

@inproceedings{Btor2,
  author       = {Aina Niemetz and
                  Mathias Preiner and
                  Clifford Wolf and
                  Armin Biere},
  editor       = {Hana Chockler and
                  Georg Weissenbacher},
  title        = {{Btor2} , {BtorMC} and {Boolector} 3.0},
  booktitle    = {Computer Aided Verification - 30th International Conference, {CAV}
                  2018, Held as Part of the Federated Logic Conference, FloC 2018, Oxford,
                  UK, July 14-17, 2018, Proceedings, Part {I}},
  series       = {Lecture Notes in Computer Science},
  volume       = {10981},
  pages        = {587--595},
  publisher    = {Springer},
  year         = {2018},
  doi          = {10.1007/978-3-319-96145-3\_32},
  timestamp    = {Thu, 15 Jun 2023 07:08:08 +0200},
  biburl       = {https://dblp.org/rec/conf/cav/NiemetzPWB18.bib},
  bibsource    = {dblp computer science bibliography, https://dblp.org}
}

@techreport{AIGER,
  author = {Armin Biere and Keijo Heljanko and Siert Wieringa},
  title = {{AIGER 1.9} And Beyond},
  number = {11/2},
  date = {July 2011},
  institution = {Institute for Formal Models and Verification,
    Johannes Kepler University},
  address = {Altenbergerstr. 69, 4040 Linz, Austria},
  year={2011},
  url = {https://fmv.jku.at/papers/BiereHeljankoWieringa-FMV-TR-11-2.pdf},
}

@inproceedings{ABC,
  author       = {Robert K. Brayton and
                  Alan Mishchenko},
  editor       = {Tayssir Touili and
                  Byron Cook and
                  Paul B. Jackson},
  title        = {{ABC:} An Academic Industrial-Strength Verification Tool},
  booktitle    = {Computer Aided Verification, 22nd International Conference, {CAV}
                  2010, Edinburgh, UK, July 15-19, 2010. Proceedings},
  series       = {Lecture Notes in Computer Science},
  volume       = {6174},
  pages        = {24--40},
  publisher    = {Springer},
  year         = {2010},
  doi          = {10.1007/978-3-642-14295-6\_5},
  timestamp    = {Sun, 06 Oct 2024 20:57:23 +0200},
  biburl       = {https://dblp.org/rec/conf/cav/BraytonM10.bib},
  bibsource    = {dblp computer science bibliography, https://dblp.org}
}

@article{SATSweeping,
  author       = {Andreas Kuehlmann and
                  Viresh Paruthi and
                  Florian Krohm and
                  Malay K. Ganai},
  title        = {Robust Boolean reasoning for equivalence checking and functional property
                  verification},
  journal      = {{IEEE} Trans. Comput. Aided Des. Integr. Circuits Syst.},
  volume       = {21},
  number       = {12},
  pages        = {1377--1394},
  year         = {2002},
  doi          = {10.1109/TCAD.2002.804386},
  timestamp    = {Thu, 24 Sep 2020 11:27:06 +0200},
  biburl       = {https://dblp.org/rec/journals/tcad/KuehlmannPKG02.bib},
  bibsource    = {dblp computer science bibliography, https://dblp.org}
}

@inproceedings{AIGRewrite,
  author       = {Heinz Riener and
                  Siang{-}Yun Lee and
                  Alan Mishchenko and
                  Giovanni De Micheli},
  title        = {Boolean Rewriting Strikes Back: Reconvergence-Driven Windowing Meets
                  Resynthesis},
  booktitle    = {27th Asia and South Pacific Design Automation Conference, {ASP-DAC}
                  2022, Taipei, Taiwan, January 17-20, 2022},
  pages        = {395--402},
  publisher    = {{IEEE}},
  year         = {2022},
  doi          = {10.1109/ASP-DAC52403.2022.9712526},
  timestamp    = {Sun, 02 Oct 2022 15:55:04 +0200},
  biburl       = {https://dblp.org/rec/conf/aspdac/RienerLMM22.bib},
  bibsource    = {dblp computer science bibliography, https://dblp.org}
}

@inproceedings{AIGFactor,
  author       = {Alan Mishchenko and
                  Satrajit Chatterjee and
                  Robert K. Brayton},
  editor       = {Ellen Sentovich},
  title        = {DAG-aware {AIG} rewriting a fresh look at combinational logic synthesis},
  booktitle    = {Proceedings of the 43rd Design Automation Conference, {DAC} 2006,
                  San Francisco, CA, USA, July 24-28, 2006},
  pages        = {532--535},
  publisher    = {{ACM}},
  year         = {2006},
  doi          = {10.1145/1146909.1147048},
  timestamp    = {Tue, 06 Nov 2018 16:58:18 +0100},
  biburl       = {https://dblp.org/rec/conf/dac/MishchenkoCB06.bib},
  bibsource    = {dblp computer science bibliography, https://dblp.org}
}

@inproceedings{CaDiCaL,
  author       = {Armin Biere and
                  Tobias Faller and
                  Katalin Fazekas and
                  Mathias Fleury and
                  Nils Froleyks and
                  Florian Pollitt},
  editor       = {Arie Gurfinkel and
                  Vijay Ganesh},
  title        = {CaDiCaL 2.0},
  booktitle    = {Computer Aided Verification - 36th International Conference, {CAV}
                  2024, Montreal, QC, Canada, July 24-27, 2024, Proceedings, Part {I}},
  series       = {Lecture Notes in Computer Science},
  volume       = {14681},
  pages        = {133--152},
  publisher    = {Springer},
  year         = {2024},
  doi          = {10.1007/978-3-031-65627-9\_7},
  timestamp    = {Thu, 22 Aug 2024 20:23:18 +0200},
  biburl       = {https://dblp.org/rec/conf/cav/BiereFFFFP24.bib},
  bibsource    = {dblp computer science bibliography, https://dblp.org}
}

@inproceedings{Kissat,
  author       = {Armin Biere and Tobias Faller and Katalin Fazekas and Mathias Fleury and Nils Froleyks and Florian Pollitt},
  title	       = {{CaDiCaL}, {Gimsatul}, {IsaSAT} and {Kissat} Entering the {SAT Competition 2024}},
  editor       = {Marijn Heule and Markus Iser and Matti J{\"a}rvisalo and Martin Suda},
  booktitle    = {Proc.~of {SAT Competition} 2024 -- Solver, Benchmark and
                  Proof Checker Descriptions},
  volume       = {B-2024-1},
  series       = {Department of Computer Science Report Series B},
  publisher    = {University of Helsinki},
  year	       = 2024,
  pages	       = {8-10},
}

@inproceedings{CTG,
  author       = {Zyad Hassan and
                  Aaron R. Bradley and
                  Fabio Somenzi},
  title        = {Better generalization in {IC3}},
  booktitle    = {Formal Methods in Computer-Aided Design, {FMCAD} 2013, Portland, OR,
                  USA, October 20-23, 2013},
  pages        = {157--164},
  publisher    = {{IEEE}},
  year         = {2013},
  url          = {https://ieeexplore.ieee.org/document/6679405/},
  timestamp    = {Mon, 09 Aug 2021 15:21:44 +0200},
  biburl       = {https://dblp.org/rec/conf/fmcad/HassanBS13.bib},
  bibsource    = {dblp computer science bibliography, https://dblp.org}
}

@inproceedings{Standard,
  author       = {Aaron R. Bradley and
                  Zohar Manna},
  title        = {Checking Safety by Inductive Generalization of Counterexamples to
                  Induction},
  booktitle    = {Formal Methods in Computer-Aided Design, 7th International Conference,
                  {FMCAD} 2007, Austin, Texas, USA, November 11-14, 2007, Proceedings},
  pages        = {173--180},
  publisher    = {{IEEE} Computer Society},
  year         = {2007},
  doi          = {10.1109/FAMCAD.2007.15},
  timestamp    = {Thu, 23 Mar 2023 23:58:19 +0100},
  biburl       = {https://dblp.org/rec/conf/fmcad/BradleyM07.bib},
  bibsource    = {dblp computer science bibliography, https://dblp.org}
}

@inproceedings{IC3INN,
  author       = {Rohit Dureja and
                  Arie Gurfinkel and
                  Alexander Ivrii and
                  Yakir Vizel},
  title        = {{IC3} with Internal Signals},
  booktitle    = {Formal Methods in Computer Aided Design, {FMCAD} 2021, New Haven,
                  CT, USA, October 19-22, 2021},
  pages        = {63--71},
  publisher    = {{IEEE}},
  year         = {2021},
  doi          = {10.34727/2021/ISBN.978-3-85448-046-4\_14},
  timestamp    = {Tue, 07 Dec 2021 17:02:16 +0100},
  biburl       = {https://dblp.org/rec/conf/fmcad/DurejaGIV21.bib},
  bibsource    = {dblp computer science bibliography, https://dblp.org}
}

@inproceedings{IC3IndustrialDesign,
  author       = {Aman Goel and
                  Karem A. Sakallah},
  editor       = {J{\"{u}}rgen Teich and
                  Franco Fummi},
  title        = {Empirical Evaluation of IC3-Based Model Checking Techniques on Verilog
                  {RTL} Designs},
  booktitle    = {Design, Automation {\&} Test in Europe Conference {\&} Exhibition,
                  {DATE} 2019, Florence, Italy, March 25-29, 2019},
  pages        = {618--621},
  publisher    = {{IEEE}},
  year         = {2019},
  doi          = {10.23919/DATE.2019.8715289},
}

@misc{DynAMic,
      title={Extended CTG Generalization and Dynamic Adjustment of Generalization Strategies in IC3}, 
      author={Yuheng Su and Qiusong Yang and Yiwei Ci and Ziyu Huang},
      year={2025},
      eprint={2501.02480},
      archivePrefix={arXiv},
      primaryClass={cs.FL},
      url={https://arxiv.org/abs/2501.02480}, 
}

@misc{IC3ref,
  title        = {IC3ref},
  howpublished = {\url{https://github.com/arbrad/IC3ref}},
}

@misc{HWMCC,
  title        = {Hardware Model Checking Competition},
  howpublished = {\url{https://hwmcc.github.io}},
}

@misc{Btor2AIGER,
  title        = {btor2aiger tool},
  howpublished = {\url{https://github.com/hwmcc/btor2tools}},
}

@misc{SuperCAR,
  title        = {SuperCAR},
  howpublished = {\url{https://github.com/lijwen2748/hwmcc24}},
}

@misc{SuperProve,
  title        = {Superprove},
  howpublished = {\url{https://github.com/sterin/super-prove-build}},
}

@misc{Pavy,
  title        = {Pavy},
  howpublished = {\url{https://github.com/TechnionFV/hwmcc24_submission}},
}

@inproceedings{Avy,
  author       = {Yakir Vizel and
                  Arie Gurfinkel},
  editor       = {Armin Biere and
                  Roderick Bloem},
  title        = {Interpolating Property Directed Reachability},
  booktitle    = {Computer Aided Verification - 26th International Conference, {CAV}
                  2014, Held as Part of the Vienna Summer of Logic, {VSL} 2014, Vienna,
                  Austria, July 18-22, 2014. Proceedings},
  series       = {Lecture Notes in Computer Science},
  volume       = {8559},
  pages        = {260--276},
  publisher    = {Springer},
  year         = {2014},
  doi          = {10.1007/978-3-319-08867-9\_17},
  timestamp    = {Mon, 03 Jan 2022 22:13:45 +0100},
  biburl       = {https://dblp.org/rec/conf/cav/VizelG14.bib},
  bibsource    = {dblp computer science bibliography, https://dblp.org}
}

@inproceedings{DeepIC3,
  author       = {Guangyu Hu and
                  Jianheng Tang and
                  Changyuan Yu and
                  Wei Zhang and
                  Hongce Zhang},
  title        = {DeepIC3: Guiding {IC3} Algorithms by Graph Neural Network Clause Prediction},
  booktitle    = {Proceedings of the 29th Asia and South Pacific Design Automation Conference,
                  {ASPDAC} 2024, Incheon, Korea, January 22-25, 2024},
  pages        = {262--268},
  publisher    = {{IEEE}},
  year         = {2024},
  doi          = {10.1109/ASP-DAC58780.2024.10473807},
  timestamp    = {Sun, 06 Oct 2024 20:56:29 +0200},
  biburl       = {https://dblp.org/rec/conf/aspdac/HuTYZZ24.bib},
  bibsource    = {dblp computer science bibliography, https://dblp.org}
}

@inproceedings{Progress,
  author       = {Tobias Seufert and
                  Christoph Scholl and
                  Arun Chandrasekharan and
                  Sven Reimer and
                  Tobias Welp},
  title        = {Making {PROGRESS} in Property Directed Reachability},
  booktitle    = {Methods and Description Languages for Modelling and Verification of
                  Circuits and Systems, {MBMV} 2022, 25th Workshop, Virtual Event, Germany,
                  February 17-18, 2022},
  pages        = {1--2},
  publisher    = {{VDE/IEEE}},
  year         = {2022},
  url          = {https://ieeexplore.ieee.org/document/9788579},
  timestamp    = {Fri, 12 Jan 2024 10:14:38 +0100},
  biburl       = {https://dblp.org/rec/conf/mbmv/Seufert0CRW22.bib},
  bibsource    = {dblp computer science bibliography, https://dblp.org}
}

@inproceedings{IC3IA,
  author       = {Alessandro Cimatti and
                  Alberto Griggio and
                  Sergio Mover and
                  Stefano Tonetta},
  editor       = {Erika {\'{A}}brah{\'{a}}m and
                  Klaus Havelund},
  title        = {{IC3} Modulo Theories via Implicit Predicate Abstraction},
  booktitle    = {Tools and Algorithms for the Construction and Analysis of Systems
                  - 20th International Conference, {TACAS} 2014, Held as Part of the
                  European Joint Conferences on Theory and Practice of Software, {ETAPS}
                  2014, Grenoble, France, April 5-13, 2014. Proceedings},
  series       = {Lecture Notes in Computer Science},
  volume       = {8413},
  pages        = {46--61},
  publisher    = {Springer},
  year         = {2014},
  doi          = {10.1007/978-3-642-54862-8\_4},
  timestamp    = {Fri, 09 Apr 2021 18:45:37 +0200},
  biburl       = {https://dblp.org/rec/conf/tacas/CimattiGMT14.bib},
  bibsource    = {dblp computer science bibliography, https://dblp.org}
}

@inproceedings{IC3SA,
  author       = {Aman Goel and
                  Karem A. Sakallah},
  editor       = {Julia M. Badger and
                  Kristin Yvonne Rozier},
  title        = {Model Checking of Verilog {RTL} Using {IC3} with Syntax-Guided Abstraction},
  booktitle    = {{NASA} Formal Methods - 11th International Symposium, {NFM} 2019,
                  Houston, TX, USA, May 7-9, 2019, Proceedings},
  series       = {Lecture Notes in Computer Science},
  volume       = {11460},
  pages        = {166--185},
  publisher    = {Springer},
  year         = {2019},
  doi          = {10.1007/978-3-030-20652-9\_11},
  timestamp    = {Mon, 15 Jun 2020 17:02:31 +0200},
  biburl       = {https://dblp.org/rec/conf/nfm/GoelS19.bib},
  bibsource    = {dblp computer science bibliography, https://dblp.org}
}

@inproceedings{IC3SyGuS,
  author       = {Hongce Zhang and
                  Aarti Gupta and
                  Sharad Malik},
  editor       = {Fritz Henglein and
                  Sharon Shoham and
                  Yakir Vizel},
  title        = {Syntax-Guided Synthesis for Lemma Generation in Hardware Model Checking},
  booktitle    = {Verification, Model Checking, and Abstract Interpretation - 22nd International
                  Conference, {VMCAI} 2021, Copenhagen, Denmark, January 17-19, 2021,
                  Proceedings},
  series       = {Lecture Notes in Computer Science},
  volume       = {12597},
  pages        = {325--349},
  publisher    = {Springer},
  year         = {2021},
  doi          = {10.1007/978-3-030-67067-2\_15},
  timestamp    = {Sun, 02 Oct 2022 16:16:57 +0200},
  biburl       = {https://dblp.org/rec/conf/vmcai/ZhangGM21.bib},
  bibsource    = {dblp computer science bibliography, https://dblp.org}
}

@inproceedings{LocalAbs,
  author       = {Dong Wang and
                  Pei{-}Hsin Ho and
                  Jiang Long and
                  James H. Kukula and
                  Yunshan Zhu and
                  Hi{-}Keung Tony Ma and
                  Robert F. Damiano},
  title        = {Formal Property Verification by Abstraction Refinement with Formal,
                  Simulation and Hybrid Engines},
  booktitle    = {Proceedings of the 38th Design Automation Conference, {DAC} 2001,
                  Las Vegas, NV, USA, June 18-22, 2001},
  pages        = {35--40},
  publisher    = {{ACM}},
  year         = {2001},
  doi          = {10.1145/378239.378260},
  timestamp    = {Tue, 06 Nov 2018 16:58:16 +0100},
  biburl       = {https://dblp.org/rec/conf/dac/WangHLKZMD01.bib},
  bibsource    = {dblp computer science bibliography, https://dblp.org}
}

@inproceedings{IC3LocalAbs,
  title={Enhancing PDR/IC3 with localization abstraction},
  author={Ho, Yen-Sheng and Mishchenko, Alan and Brayton, Robert and Een, Niklas},
  booktitle={Proceedings of the 26th International Workshop on Logic and Synthesis (IWLS)},
  year={2017},
  url={https://people.eecs.berkeley.edu/~alanmi/publications/2017/iwls17_pdr.pdf}, 
}

@misc{NUXMVLink,
  title        = {nuXmv 2.1.0},
  howpublished = {\url{https://nuxmv.fbk.eu/download.html}},
}

@misc{Artifact,
  title        = {Artifact},
  howpublished = {\url{https://github.com/gipsyh/rIC3-CAV25}},
}

@misc{rIC3,
  title        = {rIC3},
  howpublished = {\url{https://github.com/gipsyh/rIC3}},
}

@misc{ABCLink,
  title        = {ABC},
  howpublished = {\url{https://github.com/berkeley-abc/abc}},
}

@misc{IGoodLemmaArtifact,
  title        = {nuXmv artifact},
  howpublished = {\url{https://github.com/youyusama/i-Good_Lemmas_MC.git}},
}

@article{GipSAT,
author = "Yuheng Su and Qiusong Yang and Yiwei Ci and Yingcheng Li and Tianjun Bu and Ziyu Huang",
title = "{Deeply Optimizing the SAT Solver for the IC3 Algorithm}",
year = "2025",
month = "1",
doi = "10.6084/m9.figshare.28315184.v1"
}