@inproceedings{ABC,
  author       = {Robert K. Brayton and
                  Alan Mishchenko},
  editor       = {Tayssir Touili and
                  Byron Cook and
                  Paul B. Jackson},
  title        = {{ABC:} An Academic Industrial-Strength Verification Tool},
  booktitle    = {Computer Aided Verification, 22nd International Conference, {CAV}
                  2010, Edinburgh, UK, July 15-19, 2010. Proceedings},
  series       = {Lecture Notes in Computer Science},
  volume       = {6174},
  pages        = {24--40},
  publisher    = {Springer},
  year         = {2010},
  doi          = {10.1007/978-3-642-14295-6\_5},
  timestamp    = {Sun, 06 Oct 2024 20:57:23 +0200},
  biburl       = {https://dblp.org/rec/conf/cav/BraytonM10.bib},
  bibsource    = {dblp computer science bibliography, https://dblp.org}
}

@inproceedings{AVR,
  author       = {Aman Goel and
                  Karem A. Sakallah},
  editor       = {Armin Biere and
                  David Parker},
  title        = {{AVR:} Abstractly Verifying Reachability},
  booktitle    = {Tools and Algorithms for the Construction and Analysis of Systems
                  - 26th International Conference, {TACAS} 2020, Held as Part of the
                  European Joint Conferences on Theory and Practice of Software, {ETAPS}
                  2020, Dublin, Ireland, April 25-30, 2020, Proceedings, Part {I}},
  series       = {Lecture Notes in Computer Science},
  volume       = {12078},
  pages        = {413--422},
  publisher    = {Springer},
  year         = {2020},
  doi          = {10.1007/978-3-030-45190-5\_23},
  timestamp    = {Fri, 14 May 2021 08:34:17 +0200},
  biburl       = {https://dblp.org/rec/conf/tacas/GoelS20.bib},
  bibsource    = {dblp computer science bibliography, https://dblp.org}
}

@inproceedings{Avy,
  author       = {Yakir Vizel and
                  Arie Gurfinkel},
  editor       = {Armin Biere and
                  Roderick Bloem},
  title        = {Interpolating Property Directed Reachability},
  booktitle    = {Computer Aided Verification - 26th International Conference, {CAV}
                  2014, Held as Part of the Vienna Summer of Logic, {VSL} 2014, Vienna,
                  Austria, July 18-22, 2014. Proceedings},
  series       = {Lecture Notes in Computer Science},
  volume       = {8559},
  pages        = {260--276},
  publisher    = {Springer},
  year         = {2014},
  doi          = {10.1007/978-3-319-08867-9\_17},
  timestamp    = {Mon, 03 Jan 2022 22:13:45 +0100},
  biburl       = {https://dblp.org/rec/conf/cav/VizelG14.bib},
  bibsource    = {dblp computer science bibliography, https://dblp.org}
}

@inproceedings{CAR,
  author       = {Jianwen Li and
                  Shufang Zhu and
                  Yueling Zhang and
                  Geguang Pu and
                  Moshe Y. Vardi},
  editor       = {Sri Parameswaran},
  title        = {Safety model checking with complementary approximations},
  booktitle    = {2017 {IEEE/ACM} International Conference on Computer-Aided Design,
                  {ICCAD} 2017, Irvine, CA, USA, November 13-16, 2017},
  pages        = {95--100},
  publisher    = {{IEEE}},
  year         = {2017},
  doi          = {10.1109/ICCAD.2017.8203765},
  timestamp    = {Mon, 26 Jun 2023 20:42:21 +0200},
  biburl       = {https://dblp.org/rec/conf/iccad/LiZZPV17.bib},
  bibsource    = {dblp computer science bibliography, https://dblp.org}
}

@inproceedings{DeepIC3,
  author       = {Guangyu Hu and
                  Jianheng Tang and
                  Changyuan Yu and
                  Wei Zhang and
                  Hongce Zhang},
  title        = {DeepIC3: Guiding {IC3} Algorithms by Graph Neural Network Clause Prediction},
  booktitle    = {Proceedings of the 29th Asia and South Pacific Design Automation Conference,
                  {ASPDAC} 2024, Incheon, Korea, January 22-25, 2024},
  pages        = {262--268},
  publisher    = {{IEEE}},
  year         = {2024},
  doi          = {10.1109/ASP-DAC58780.2024.10473807},
  timestamp    = {Sun, 06 Oct 2024 20:56:29 +0200},
  biburl       = {https://dblp.org/rec/conf/aspdac/HuTYZZ24.bib},
  bibsource    = {dblp computer science bibliography, https://dblp.org}
}

@misc{HWMCC,
  title        = {Hardware Model Checking Competition},
  howpublished = {\url{https://hwmcc.github.io}},
}

@inproceedings{IC3IA,
  author       = {Alessandro Cimatti and
                  Alberto Griggio and
                  Sergio Mover and
                  Stefano Tonetta},
  editor       = {Erika {\'{A}}brah{\'{a}}m and
                  Klaus Havelund},
  title        = {{IC3} Modulo Theories via Implicit Predicate Abstraction},
  booktitle    = {Tools and Algorithms for the Construction and Analysis of Systems
                  - 20th International Conference, {TACAS} 2014, Held as Part of the
                  European Joint Conferences on Theory and Practice of Software, {ETAPS}
                  2014, Grenoble, France, April 5-13, 2014. Proceedings},
  series       = {Lecture Notes in Computer Science},
  volume       = {8413},
  pages        = {46--61},
  publisher    = {Springer},
  year         = {2014},
  doi          = {10.1007/978-3-642-54862-8\_4},
  timestamp    = {Fri, 09 Apr 2021 18:45:37 +0200},
  biburl       = {https://dblp.org/rec/conf/tacas/CimattiGMT14.bib},
  bibsource    = {dblp computer science bibliography, https://dblp.org}
}

@inproceedings{IC3SA,
  author       = {Aman Goel and
                  Karem A. Sakallah},
  editor       = {Julia M. Badger and
                  Kristin Yvonne Rozier},
  title        = {Model Checking of Verilog {RTL} Using {IC3} with Syntax-Guided Abstraction},
  booktitle    = {{NASA} Formal Methods - 11th International Symposium, {NFM} 2019,
                  Houston, TX, USA, May 7-9, 2019, Proceedings},
  series       = {Lecture Notes in Computer Science},
  volume       = {11460},
  pages        = {166--185},
  publisher    = {Springer},
  year         = {2019},
  doi          = {10.1007/978-3-030-20652-9\_11},
  timestamp    = {Mon, 15 Jun 2020 17:02:31 +0200},
  biburl       = {https://dblp.org/rec/conf/nfm/GoelS19.bib},
  bibsource    = {dblp computer science bibliography, https://dblp.org}
}

@misc{IC3ref,
  title        = {IC3ref},
  howpublished = {\url{https://github.com/arbrad/IC3ref}},
}

@inproceedings{IGoodLemma,
  author       = {Yechuan Xia and
                  Anna Becchi and
                  Alessandro Cimatti and
                  Alberto Griggio and
                  Jianwen Li and
                  Geguang Pu},
  editor       = {Constantin Enea and
                  Akash Lal},
  title        = {Searching for i-Good Lemmas to Accelerate Safety Model Checking},
  booktitle    = {Computer Aided Verification - 35th International Conference, {CAV}
                  2023, Paris, France, July 17-22, 2023, Proceedings, Part {II}},
  series       = {Lecture Notes in Computer Science},
  volume       = {13965},
  pages        = {288--308},
  publisher    = {Springer},
  year         = {2023},
  doi          = {10.1007/978-3-031-37703-7\_14},
}

@inproceedings{NUXMV,
  author       = {Roberto Cavada and
                  Alessandro Cimatti and
                  Michele Dorigatti and
                  Alberto Griggio and
                  Alessandro Mariotti and
                  Andrea Micheli and
                  Sergio Mover and
                  Marco Roveri and
                  Stefano Tonetta},
  editor       = {Armin Biere and
                  Roderick Bloem},
  title        = {The nuXmv Symbolic Model Checker},
  booktitle    = {Computer Aided Verification - 26th International Conference, {CAV}
                  2014, Held as Part of the Vienna Summer of Logic, {VSL} 2014, Vienna,
                  Austria, July 18-22, 2014. Proceedings},
  series       = {Lecture Notes in Computer Science},
  volume       = {8559},
  pages        = {334--342},
  publisher    = {Springer},
  year         = {2014},
  doi          = {10.1007/978-3-319-08867-9\_22},
  timestamp    = {Mon, 03 Jan 2022 22:13:44 +0100},
  biburl       = {https://dblp.org/rec/conf/cav/CavadaCDGMMMRT14.bib},
  bibsource    = {dblp computer science bibliography, https://dblp.org}
}

@inproceedings{PDR,
  author       = {Niklas E{\'{e}}n and
                  Alan Mishchenko and
                  Robert K. Brayton},
  editor       = {Per Bjesse and
                  Anna Slobodov{\'{a}}},
  title        = {Efficient implementation of property directed reachability},
  booktitle    = {International Conference on Formal Methods in Computer-Aided Design,
                  {FMCAD} '11, Austin, TX, USA, October 30 - November 02, 2011},
  pages        = {125--134},
  publisher    = {{FMCAD} Inc.},
  year         = {2011},
  url          = {http://dl.acm.org/citation.cfm?id=2157675},
  timestamp    = {Mon, 09 Aug 2021 15:21:44 +0200},
  biburl       = {https://dblp.org/rec/conf/fmcad/EenMB11.bib},
  bibsource    = {dblp computer science bibliography, https://dblp.org}
}

@inproceedings{PONO,
  author       = {Makai Mann and
                  Ahmed Irfan and
                  Florian Lonsing and
                  Yahan Yang and
                  Hongce Zhang and
                  Kristopher Brown and
                  Aarti Gupta and
                  Clark W. Barrett},
  editor       = {Alexandra Silva and
                  K. Rustan M. Leino},
  title        = {Pono: {A} Flexible and Extensible SMT-Based Model Checker},
  booktitle    = {Computer Aided Verification - 33rd International Conference, {CAV}
                  2021, Virtual Event, July 20-23, 2021, Proceedings, Part {II}},
  series       = {Lecture Notes in Computer Science},
  volume       = {12760},
  pages        = {461--474},
  publisher    = {Springer},
  year         = {2021},
  doi          = {10.1007/978-3-030-81688-9\_22},
  timestamp    = {Sat, 30 Sep 2023 09:35:56 +0200},
  biburl       = {https://dblp.org/rec/conf/cav/MannILYZBGB20.bib},
  bibsource    = {dblp computer science bibliography, https://dblp.org}
}

@misc{Pavy,
  title        = {Pavy},
  howpublished = {\url{https://github.com/TechnionFV/hwmcc24_submission}},
}

@inproceedings{PredictingLemma,
  author       = {Yuheng Su and
                  Qiusong Yang and
                  Yiwei Ci},
  editor       = {Vivek De},
  title        = {Predicting Lemmas in Generalization of {IC3}},
  booktitle    = {Proceedings of the 61st {ACM/IEEE} Design Automation Conference, {DAC}
                  2024, San Francisco, CA, USA, June 23-27, 2024},
  pages        = {208:1--208:6},
  publisher    = {{ACM}},
  year         = {2024},
  doi          = {10.1145/3649329.3655970},
  timestamp    = {Sat, 30 Nov 2024 21:10:03 +0100},
  biburl       = {https://dblp.org/rec/conf/dac/SuYC24.bib},
  bibsource    = {dblp computer science bibliography, https://dblp.org}
}

@inproceedings{Progress,
  author       = {Tobias Seufert and
                  Christoph Scholl and
                  Arun Chandrasekharan and
                  Sven Reimer and
                  Tobias Welp},
  title        = {Making {PROGRESS} in Property Directed Reachability},
  booktitle    = {Methods and Description Languages for Modelling and Verification of
                  Circuits and Systems, {MBMV} 2022, 25th Workshop, Virtual Event, Germany,
                  February 17-18, 2022},
  pages        = {1--2},
  publisher    = {{VDE/IEEE}},
  year         = {2022},
  url          = {https://ieeexplore.ieee.org/document/9788579},
  timestamp    = {Fri, 12 Jan 2024 10:14:38 +0100},
  biburl       = {https://dblp.org/rec/conf/mbmv/Seufert0CRW22.bib},
  bibsource    = {dblp computer science bibliography, https://dblp.org}
}

@inproceedings{SimpleCAR,
  author       = {Jianwen Li and
                  Rohit Dureja and
                  Geguang Pu and
                  Kristin Yvonne Rozier and
                  Moshe Y. Vardi},
  editor       = {Hana Chockler and
                  Georg Weissenbacher},
  title        = {SimpleCAR: An Efficient Bug-Finding Tool Based on Approximate Reachability},
  booktitle    = {Computer Aided Verification - 30th International Conference, {CAV}
                  2018, Held as Part of the Federated Logic Conference, FloC 2018, Oxford,
                  UK, July 14-17, 2018, Proceedings, Part {II}},
  series       = {Lecture Notes in Computer Science},
  volume       = {10982},
  pages        = {37--44},
  publisher    = {Springer},
  year         = {2018},
  doi          = {10.1007/978-3-319-96142-2\_5},
  timestamp    = {Fri, 09 Apr 2021 18:35:26 +0200},
  biburl       = {https://dblp.org/rec/conf/cav/LiDPRV18.bib},
  bibsource    = {dblp computer science bibliography, https://dblp.org}
}

@misc{SuperCAR,
  title        = {SuperCAR},
  howpublished = {\url{https://github.com/lijwen2748/hwmcc24}},
}

@misc{SuperProve,
  title        = {Superprove},
  howpublished = {\url{https://github.com/sterin/super-prove-build}},
}

