@article{Kumar2022MRICF,
    title = {{Counterfactual Image Synthesis for Discovery of Personalized Predictive Image Markers}},
    year = {2022},
    author = {Kumar, Amar and Hu, Anjun and Nichyporuk, Brennan and Falet, Jean-Pierre R. and Arnold, Douglas L. and Tsaftaris, Sotirios and Arbel, Tal},
    url = {https://arxiv.org/abs/2208.02311},
    arxivId = {2208.02311}
}

@article{Peng2024BrainMRI3D,
    title = {{Latent 3D Brain MRI Counterfactual}},
    year = {2024},
    author = {Peng, Wei and Xia, Tian and Ribeiro, Fabio De Sousa and Bosschieter, Tomas and Adeli, Ehsan and Zhao, Qingyu and Glocker, Ben and Pohl, Kilian M.},
    month = {9},
    url = {http://arxiv.org/abs/2409.05585},
    arxivId = {2409.05585}
}

@article{Ribeiro2023SCM_CF,
    title = {{High Fidelity Image Counterfactuals with Probabilistic Causal Models}},
    year = {2023},
    author = {Ribeiro, Fabio De Sousa and Xia, Tian and Monteiro, Miguel and Pawlowski, Nick and Glocker, Ben},
    url = {http://arxiv.org/abs/2306.15764},
    arxivId = {2306.15764}
}

@article{Seah2019GVR_CFs,
    title = {{Chest radiographs in congestive heart failure: Visualizing neural network learning}},
    year = {2019},
    journal = {Radiology},
    author = {Seah, Jarrel C.Y. and Tang, Jennifer S.N. and Kitchen, Andy and Gaillard, Frank and Dixon, Andrew F.},
    doi = {10.1148/radiol.2018180887},
    issn = {15271315},
    pmid = {30398431}
}

@article{Singla2021BlackBoxSmoothly,
    title = {{Explaining the black-box smoothlyâ€”A counterfactual approach}},
    year = {2023},
    journal = {Medical Image Analysis},
    author = {Singla, Sumedha and Eslami, Motahhare and Pollack, Brian and Wallace, Stephen and Batmanghelich, Kayhan},
    url = {https://arxiv.org/abs/2101.04230},
    doi = {10.1016/j.media.2022.102721},
    issn = {13618423},
    pmid = {36571975},
    arxivId = {2101.04230},
    keywords = {Chest X-ray diagnosis, Counterfactual reasoning, Explainable AI, Interpretable machine learning}
}

