@article{Singla2021BlackBoxSmoothly,
    title = {{Explaining the black-box smoothlyâ€”A counterfactual approach}},
    year = {2023},
    journal = {Medical Image Analysis},
    author = {Singla, Sumedha and Eslami, Motahhare and Pollack, Brian and Wallace, Stephen and Batmanghelich, Kayhan},
    url = {https://arxiv.org/abs/2101.04230},
    doi = {10.1016/j.media.2022.102721},
    issn = {13618423},
    pmid = {36571975},
    arxivId = {2101.04230},
    keywords = {Chest X-ray diagnosis, Counterfactual reasoning, Explainable AI, Interpretable machine learning}
}