@article{chen2021pruning,
  title={Pruning of deep spiking neural networks through gradient rewiring},
  author={Chen, Yanqi and Yu, Zhaofei and Fang, Wei and Huang, Tiejun and Tian, Yonghong},
  journal={arXiv preprint arXiv:2105.04916},
  year={2021}
}

@inproceedings{chen2022state,
  title={State transition of dendritic spines improves learning of sparse spiking neural networks},
  author={Chen, Yanqi and Yu, Zhaofei and Fang, Wei and Ma, Zhengyu and Huang, Tiejun and Tian, Yonghong},
  booktitle={International Conference on Machine Learning},
  pages={3701--3715},
  year={2022},
  organization={PMLR}
}

@article{chen2025rethinking,
  title={Rethinking High-speed Image Reconstruction Framework with Spike Camera},
  author={Chen, Kang and Zheng, Yajing and Huang, Tiejun and Yu, Zhaofei},
  journal={arXiv preprint arXiv:2501.04477},
  year={2025}
}

@article{deng2021comprehensive,
  title={Comprehensive snn compression using admm optimization and activity regularization},
  author={Deng, Lei and Wu, Yujie and Hu, Yifan and Liang, Ling and Li, Guoqi and Hu, Xing and Ding, Yufei and Li, Peng and Xie, Yuan},
  journal={IEEE transactions on neural networks and learning systems},
  year={2021},
  publisher={IEEE}
}

@article{gast2024neural,
  title={Neural heterogeneity controls computations in spiking neural networks},
  author={Gast, Richard and Solla, Sara A and Kennedy, Ann},
  journal={Proceedings of the National Academy of Sciences},
  volume={121},
  number={3},
  pages={e2311885121},
  year={2024},
  publisher={National Acad Sciences}
}

@inproceedings{guan2022relative,
  title={Relative pose estimation for multi-camera systems from point correspondences with scale ratio},
  author={Guan, Banglei and Zhao, Ji},
  booktitle={Proceedings of the 30th ACM International Conference on Multimedia},
  pages={5036--5044},
  year={2022}
}

@inproceedings{guan2024six,
  title={Six-Point Method for Multi-camera Systems with Reduced Solution Space},
  author={Guan, Banglei and Zhao, Ji and Kneip, Laurent},
  booktitle={European Conference on Computer Vision},
  pages={109--126},
  year={2024},
  organization={Springer}
}

@article{han2024adaptive,
  title={Adaptive sparse structure development with pruning and regeneration for spiking neural networks},
  author={Han, Bing and Zhao, Feifei and Pan, Wenxuan and Zeng, Yi},
  journal={Information Sciences},
  pages={121481},
  year={2024},
  publisher={Elsevier}
}

@article{han2024developmental,
  title={Developmental plasticity-inspired adaptive pruning for deep spiking and artificial neural networks},
  author={Han, Bing and Zhao, Feifei and Zeng, Yi and Shen, Guobin},
  journal={IEEE Transactions on Pattern Analysis and Machine Intelligence},
  year={2024},
  publisher={IEEE}
}

@article{hu2024advancing,
  title={Advancing spiking neural networks toward deep residual learning},
  author={Hu, Yifan and Deng, Lei and Wu, Yujie and Yao, Man and Li, Guoqi},
  journal={IEEE Transactions on Neural Networks and Learning Systems},
  year={2024},
  publisher={IEEE}
}

@inproceedings{jiang2023adaptive,
  title={Adaptive deep spiking neural network with global-local learning via balanced excitatory and inhibitory mechanism},
  author={Jiang, Tingting and Xu, Qi and Ran, Xuming and Shen, Jiangrong and Lv, Pan and Zhang, Qiang and Pan, Gang},
  booktitle={The Twelfth International Conference on Learning Representations},
  year={2023}
}

@article{kappel2015network,
  title={Network plasticity as Bayesian inference},
  author={Kappel, David and Habenschuss, Stefan and Legenstein, Robert and Maass, Wolfgang},
  journal={PLoS computational biology},
  volume={11},
  number={11},
  pages={e1004485},
  year={2015},
  publisher={Public Library of Science San Francisco, CA USA}
}

@inproceedings{kim2022exploring,
  title={Exploring lottery ticket hypothesis in spiking neural networks},
  author={Kim, Youngeun and Li, Yuhang and Park, Hyoungseob and Venkatesha, Yeshwanth and Yin, Ruokai and Panda, Priyadarshini},
  booktitle={European Conference on Computer Vision},
  pages={102--120},
  year={2022},
  organization={Springer}
}

@article{li2024towards,
  title={Towards efficient deep spiking neural networks construction with spiking activity based pruning},
  author={Li, Yaxin and Xu, Qi and Shen, Jiangrong and Xu, Hongming and Chen, Long and Pan, Gang},
  journal={arXiv preprint arXiv:2406.01072},
  year={2024}
}

@inproceedings{liang2024camera,
  title={Camera Calibration using a Collimator System},
  author={Liang, Shunkun and Guan, Banglei and Yu, Zhenbao and Sun, Pengju and Shang, Yang},
  booktitle={European Conference on Computer Vision},
  pages={374--390},
  year={2024},
  organization={Springer}
}

@inproceedings{liu2024sparsespikformer,
  title={Sparsespikformer: A Co-Design Framework for Token and Weight Pruning in Spiking Transformer},
  author={Liu, Yue and Xiao, Shanlin and Li, Bo and Yu, Zhiyi},
  booktitle={ICASSP 2024-2024 IEEE International Conference on Acoustics, Speech and Signal Processing (ICASSP)},
  pages={6410--6414},
  year={2024},
  organization={IEEE}
}

@inproceedings{qi2018jointly,
  title={Jointly learning network connections and link weights in spiking neural networks.},
  author={Qi, Yu and Shen, Jiangrong and Wang, Yueming and Tang, Huajin and Yu, Hang and Wu, Zhaohui and Pan, Gang and others},
  booktitle={IJCAI},
  pages={1597--1603},
  year={2018}
}

@article{ren2024spiking,
  title={Spiking pointnet: Spiking neural networks for point clouds},
  author={Ren, Dayong and Ma, Zhe and Chen, Yuanpei and Peng, Weihang and Liu, Xiaode and Zhang, Yuhan and Guo, Yufei},
  journal={Advances in Neural Information Processing Systems},
  volume={36},
  year={2024}
}

@inproceedings{shen2023esl,
  title={Esl-snns: An evolutionary structure learning strategy for spiking neural networks},
  author={Shen, Jiangrong and Xu, Qi and Liu, Jian K and Wang, Yueming and Pan, Gang and Tang, Huajin},
  booktitle={Proceedings of the AAAI Conference on Artificial Intelligence},
  volume={37},
  pages={86--93},
  year={2023}
}

@inproceedings{shen2024efficient,
  title={Efficient spiking neural networks with sparse selective activation for continual learning},
  author={Shen, Jiangrong and Ni, Wenyao and Xu, Qi and Tang, Huajin},
  booktitle={Proceedings of the AAAI Conference on Artificial Intelligence},
  volume={38},
  number={1},
  pages={611--619},
  year={2024}
}

@inproceedings{shi2023towards,
  title={Towards Energy Efficient Spiking Neural Networks: An Unstructured Pruning Framework},
  author={Shi, Xinyu and Ding, Jianhao and Hao, Zecheng and Yu, Zhaofei},
  booktitle={The Twelfth International Conference on Learning Representations},
  year={2023}
}

@inproceedings{xu2024reversing,
  title={Reversing structural pattern learning with biologically inspired knowledge distillation for spiking neural networks},
  author={Xu, Qi and Li, Yaxin and Fang, Xuanye and Shen, Jiangrong and Zhang, Qiang and Pan, Gang},
  booktitle={Proceedings of the 32nd ACM International Conference on Multimedia},
  pages={3431--3439},
  year={2024}
}

@article{yao2024spike,
  title={Spike-driven transformer v2: Meta spiking neural network architecture inspiring the design of next-generation neuromorphic chips},
  author={Yao, Man and Hu, Jiakui and Hu, Tianxiang and Xu, Yifan and Zhou, Zhaokun and Tian, Yonghong and Xu, Bo and Li, Guoqi},
  journal={arXiv preprint arXiv:2404.03663},
  year={2024}
}

@inproceedings{yin2021energy,
  title={Energy-efficient models for high-dimensional spike train classification using sparse spiking neural networks},
  author={Yin, Hang and Lee, John Boaz and Kong, Xiangnan and Hartvigsen, Thomas and Xie, Sihong},
  booktitle={Proceedings of the 27th ACM SIGKDD conference on knowledge discovery \& data mining},
  pages={2017--2025},
  year={2021}
}

@article{yin2024workload,
  title={Workload-balanced pruning for sparse spiking neural networks},
  author={Yin, Ruokai and Kim, Youngeun and Li, Yuhang and Moitra, Abhishek and Satpute, Nitin and Hambitzer, Anna and Panda, Priyadarshini},
  journal={IEEE Transactions on Emerging Topics in Computational Intelligence},
  year={2024},
  publisher={IEEE}
}

@article{zheng2024temporal,
  title={Temporal dendritic heterogeneity incorporated with spiking neural networks for learning multi-timescale dynamics},
  author={Zheng, Hanle and Zheng, Zhong and Hu, Rui and Xiao, Bo and Wu, Yujie and Yu, Fangwen and Liu, Xue and Li, Guoqi and Deng, Lei},
  journal={Nature Communications},
  volume={15},
  number={1},
  pages={277},
  year={2024},
  publisher={Nature Publishing Group UK London}
}

